2164 3990
201 204 256 244 Α.
270 203 323 241 U.
338 203 429 240 816.

201 248 256 286 Δ.
271 247 318 284 C.
366 247 429 283 6³.

545 218 547 221 ·
605 205 781 283 rm.
810 203 946 267 xv.
1018 174 1474 283 C'AP„17.18.
1843 209 1970 270 347

117 339 380 398 medium
411 337 645 395 faceret.
690 373 695 380 -
719 334 823 390 ille
845 330 1195 390 Armeniam
1215 342 1452 410 quoque
1474 332 1718 391 diversis
1744 338 1971 412 praesi-

121 425 237 484 diis
276 441 524 480 vacuam
556 418 686 477 fieri
730 420 1154 494 expostulabat.
1241 430 1299 475 et
1337 428 1633 493 postremo
1683 424 1968 485 concessit

118 529 250 569 rex:
329 508 643 582 dirutaque
703 517 875 580 quae}
898 501 1268 579 Euphratem
1326 504 1484 560 ultra
1540 507 1968 567 communierat

118 591 382 652 Corbulo
408 603 466 649 et
489 587 763 648 Armenii
792 590 917 646 sine
944 590 1168 647 arbitro
1192 589 1385 646 relicti
1408 599 1563 650 sunt.

284 726 512 789 XVIII.
556 724 638 785 At
660 725 887 785 Romae
914 739 1154 803 tropaea
1178 728 1251 784 de
1276 723 1513 784 Parthis
1538 746 1822 805 arcusque
1843 750 1971 787 me·-

122 817 221 874 dio
245 813 567 890 Capitolini
591 813 810 870 montis
837 813 1193 871 sistebantur
1218 813 1448 869 decreta
1475 813 1550 869 ab
1573 824 1781 879 senatu
1815 814 1972 872 inte-

120 921 223 976 gro
251 896 444 957 adhuc
471 899 629 956 bello
659 919 850 975 neque
874 909 1001 955 tum
1027 897 1269 966 omissa,
1311 898 1455 954 dum
1478 898 1735 973 aspectui
1759 920 1973 958 consu-

119 987 266 1042 litur
304 996 496 1061 spreta
534 983 907 1043 conscientia.
997 981 1165 1055 Quin
1204 993 1261 1038 et
1297 983 1739 1040 dissimulandis
1770 1005 1974 1043 rerum

124 1082 498 1128 externarum
532 1069 687 1126 curis
708 1067 865 1126 Nero
900 1069 1266 1125 frumentum
1299 1068 1491 1142 plebis
1526 1079 1809 1127 vetustate
1843 1092 1976 1128 cor-

121 1164 365 1231 ruptum
380 1156 446 1211 in
458 1153 729 1231 Tiberim
745 1153 897 1222 iecit,
920 1174 1038 1230 quo
1063 1152 1432 1209 securitatem
1454 1173 1725 1211 annonae
1747 1168 1978 1214 susten-

123 1251 289 1302 taret.

123 1455 154 1498 S
189 1453 243 1498 ir.
287 1454 393 1498 Put.
427 1454 496 1499 M.
525 1461 570 1496 et
607 1454 664 1498 V.
700 1453 806 1496 Ber.
853 1453 911 1508 (c.
944 1451 1014 1496 sil.

167 1514 264 1567 iet.)
311 1504 412 1566 Ale.
455 1511 640 1555 Pichen.
687 1527 784 1568 sqq.
833 1534 892 1542 —
963 1518 1015 1552 ut

122 1571 332 1613 omnium
343 1570 442 1613 MS.
456 1570 568 1612 Bud.
582 1579 625 1613 et
638 1569 742 1612 inde
756 1567 856 1612 edd.
869 1567 1015 1612 Rhen.

123 1644 222 1686 sqq.
251 1627 306 1670 ad
325 1626 584 1671 Pichenam.

181 1687 430 1740 dirutaque
472 1700 607 1740 quae.
669 1683 745 1727 Sic
775 1682 878 1726 edd.
910 1683 1014 1726 Put.

122 1741 194 1786 M.
218 1750 262 1785 et
281 1739 338 1784 V.
362 1741 567 1786 Beroald.
591 1744 652 1795 (c.
674 1739 893 1796 sil.Vict.)
914 1739 1018 1783 Alc.

123 1798 251 1843 Pich.
307 1814 405 1857 sqq.
461 1824 519 1832 —
595 1799 757 1841 diruta
808 1812 1018 1853 quaeque

122 1856 259 1901 MSS.
285 1855 435 1900 Guelf.
459 1856 593 1900 Bodl.
619 1857 702 1899 les.
728 1854 815 1910 (sic
835 1864 879 1899 et
897 1856 1019 1897 Flor.

125 1913 236 1972 Agr.
266 1923 377 1958 teste
400 1913 594 1973 Ryckio)
629 1913 699 1956 ed.
727 1912 870 1970 Spir.,
914 1911 1018 1955 vul-

127 1973 220 2030 gari
250 1971 383 2022 vitio,
424 1971 548 2030 quod
581 1979 735 2014 ortum
770 1978 834 2013 est
859 1986 882 2012 e
906 1970 1020 2014 scri-

126 2026 1019 2151 23¹3?.;⁷.“1.²;¹.:2f.;..1.5;.52¹..M{.s‘?ssz¹{:

124 2151 168 2188 et
188 2145 234 2188 in
268 2161 292 2188 e
316 2145 420 2188 edd.
440 2142 584 2187 Rhen.
609 2158 706 2203 sqq.
739 2142 1021 2198 diruptaque

125 2218 259 2262 quae·

183 2271 472 2328 Euphratem
523 2272 666 2312 ultra.
758 2268 837 2312 Sic
883 2267 1021 2311 MSS.

126 2329 252 2373 Flor.
290 2330 408 2384 (test.
446 2328 535 2372 Iac.
570 2326 833 2378 Gronovio)
871 2324 1024 2368 Guelf.

127 2386 240 2445 Agr.
275 2386 375 2430 edd.
408 2385 528 2442 Spir.
556 2384 660 2428 Put.
684 2385 753 2429 M.
783 2391 825 2425 et
846 2381 903 2424 V.
933 2383 1023 2424 Be-

130 2444 276 2488 roald.
314 2444 376 2499 (c.
410 2442 477 2486 sil.
501 2441 641 2497 Vict.)
675 2441 777 2484 Alc.
809 2439 955 2498 Ryck.
986 2438 1021 2481 I.

131 2500 338 2547 Gronov,
367 2524 426 2532 —
484 2498 727 2542 Rhenanus
756 2498 822 2553 (ut
845 2498 1025 2543 videtur

131 2576 157 2603 e
180 2559 279 2603 MS.
302 2558 438 2613 Bud.)
462 2572 560 2615 sqq.
588 2565 631 2599 et
653 2555 772 2599 inter
793 2554 1023 2598 recentio—

128 2633 201 2660 res
222 2615 402 2659 Ernest.
426 2613 583 2658 Oberl.
606 2628 705 2671 sqq.
734 2612 916 2655 edidere
948 2613 1022 2652 ul-

130 2682 210 2718 tra
232 2673 530 2728 Euphratem
553 2671 627 2718 vel
650 2672 941 2725 Euphraten.

188 2743 541 2786 communierat.
629 2740 712 2784 Ed.
758 2741 877 2799 Spir.
923 2756 1029 2783 cum

132 2800 236 2844 cod.
258 2798 409 2843 Guelf.
434 2799 788 2843 comminuerat.

190 2873 287 2913 sine
338 2871 529 2914 arbitro.
614 2869 691 2913 Sic
728 2867 863 2917 MSS.
902 2869 1025 2912 Flor.

137 2930 257 2985 (test.
277 2925 399 2970 Vict.
424 2942 464 2971 c.
489 2927 523 2970 1.
548 2924 715 2982 Gron.)
749 2927 860 2983 Agr.
885 2926 1024 2970 Corb.

135 2984 243 3029 edd.
269 2983 386 3041 Spir.
418 2992 460 3025 et
482 2983 579 3030 lac.
602 2982 812 3028 Gronov.
837 3000 888 3042 sq
924 3015 935 3026 .
972 3011 1030 3023 --,-

135 3056 220 3097 suo
257 3041 457 3083 arbitrio
495 3040 632 3084 MSS.
661 3040 794 3083 Bodl.
826 3000 940 3084 Butd.
987 3042 1028 3095 (a

136 3114 225 3142 see.
247 3100 336 3150 m.)
360 3098 458 3140 edd.
474 3097 663 3142 Put.M.
690 3105 732 3140 et
746 3096 1028 3142 V.Be1·0ald.

135 3156 237 3199 Ate.
267 3154 411 3198 Rhen.
446 3170 542 3212 sqq.
583 3179 641 3188 —
698 3155 798 3197 sine
825 3155 1027 3197 arbitrio

134 3212 272 3256 MSS.
294 3212 421 3255 ‚²8ud.
463 3214 550 3269 (pr.
583 3210 668 3264 m.)
710 3210 863 3255 Guelf.
897 3211 1024 3255 Harl.

135 3269 360 3326 les.‘Reg.
418 3266 479 3313 cs.
518 3270 556 3318 1,
589 3269 661 3312 26.
732 3267 1027 3327 Kiesslivngius

134 3325 249 3370 falso
286 3324 443 3386 ‘tradit
490 3325 733 3371 Pichenam
788 3327 1029 3370 restituisse

136 3380 449 3442 s't'ne'arbl‘tro.
511 3398 513 3401 ’

152 3451 175 3517 '²1
196 3449 310 3500 CAR.
333 3449 405 3499 18.
465 3462 681 3510 tropaea.
737 3454 814 3500 Sic
833 3454 1026 3509 edd.re·

139 3517 277 3567 ceutt.
314 3509 418 3557 inde
448 3513 501 3558 ab
536 3511 609 3556 ed.
639 3510 784 3557 Gron.
815 3513 937 3557 1672.
969 3537 1028 3552 -ν

376 1241 543 1298 cuius
575 1240 765 1315 pretio
801 1233 958 1294 nihil
997 1238 1266 1295 additum
1297 1249 1413 1307 est,
1457 1239 1726 1316 quamvis
1753 1241 1976 1300 ducen-

1087 1456 1278 1507 trophea
1300 1453 1403 1497 MS.
1426 1453 1580 1499 Guelf.
1605 1454 1710 1499 edd.
1734 1455 1854 1514 Spir.
1871 1457 1979 1505 Put.

1086 1511 1156 1556 M.
1183 1520 1228 1555 et
1248 1511 1307 1555 V.
1337 1512 1443 1555 Ber.
1478 1514 1599 1567 (cum
1633 1511 1702 1555 sil.
1734 1513 1892 1573 Vict.).
1921 1542 1982 1553 —

1087 1572 1313 1625 trophaea
1337 1569 1440 1612 edd.
1466 1569 1572 1614 Alc.
1596 1569 1741 1616 Rhen.
1766 1587 1864 1631 sqq.

1143 1630 1204 1670 ab
1231 1635 1418 1680 senatu.
1478 1626 1563 1671 Ed.
1586 1627 1705 1686 Spir.
1734 1645 1767 1672 a
1795 1634 1983 1677 senatu.

1088 1684 1260 1729 Eadem
1302 1700 1406 1726 mox
1449 1686 1634 1728 amissa.
1677 1701 1762 1744 pro
1808 1692 1985 1734 omissa

1093 1742 1174 1796 (cf.
1191 1751 1286 1786 not.
1311 1741 1367 1784 ad
1398 1741 1467 1794 14,
1485 1742 1558 1786 26.
1592 1743 1659 1793 15,
1679 1743 1740 1794 5.)
1765 1753 1809 1789 et
1826 1756 1986 1800 spreto

1089 1817 1175 1857 pro
1223 1807 1398 1855 spreta.
1479 1799 1582 1844 MS.
1616 1799 1776 1846 ,Guelfi
1823 1811 1987 1848 tamen

1088 1873 1173 1917 pro
1198 1865 1315 1900 tum.
1825 1880 1828 1885 ·

1144 1915 1310 1968 plebis.
1389 1913 1492 1958 MS.
1526 1913 1608 1959 les.
1643 1917 1788 1969 plebi,
1836 1925 1880 1961 et
1920 1918 1987 1963 sic

1091 1971 1178 2014 fuit
1199 1971 1246 2014 in
1270 1968 1407 2014 MSS.
1424 1971 1550 2016 Harl.
1563 1971 1696 2016 Bodl.
1709 1972 1888 2027 Guelf.,
1908 1977 1987 2020 ubi

1092 2038 1247 2086 postea
1269 2029 1557 2072 emendatum
1581 2038 1646 2072 est
1661 2032 1825 2083 plebis.

1148 2092 1450 2129 sustentaret.
1519 2084 1598 2132 Sic
1627 2086 1763 2131 MSS.
1797 2097 1840 2133 et
1877 2099 1988 2138 vett.

1093 2143 1193 2187 edd.
1229 2158 1384 2185 omnes
1416 2151 1591 2200 praeter
1623 2143 1726 2188 MS.
1757 2146 1870 2204 Agr.
1882 2181 1896 2200 ‚
1940 2166 1990 2193 ex

1094 2216 1186 2258 quo
1215 2199 1416 2257 Ryckius
1449 2201 1573 2244 dedit
1605 2210 1888 2254 ostentaret,
1914 2207 1992 2250 ‘id-

1097 2273 1186 2319 que
1229 2257 1363 2300 hodie
1408 2258 1629 2315 vulgatur.
1710 2259 1826 2305 Edd.
1867 2263 1989 2322 Lips.

1094 2318 1383 2358 sistentur-et.
1442 2316 1559 2358 Nam
1582 2324 1872 2362 sustentaret
1895 2319 1992 2366 fere

1098 2373 1306 2415 omnibus
1362 2371 1682 2430 interpretibus
1724 2386 1992 2433 ,suspectum

1097 2436 1206 2470 erat.
1263 2461 1289 2480 ‚,
1305 2427 1399 2483 Qui
1419 2427 1702 2473 frumentum
1724 2442 1994 2493 corruptum

1095 2485 1144 2526 in
1172 2485 1373 2528 Tiberim
1410 2484 1565 2536 iactat,
1603 2488 1665 2530 ait
1694 2488 1918 2547 Ryckius,
1954 2493 1993 2536 is

1093 2542 1244 2600 potius
1270 2542 1435 2585 minuit
1461 2558 1594 2600 quam
1620 2553 1834 2590 sustentat
1855 2564 1993 2593 anno-

1097 2599 1256 2642 nam.'²
1315 2599 1521 2644 Fallitur.
1583 2601 1730 2645 Immo
1772 2606 1850 2661 qui
1888 2606 1994 2653 fru-

1097 2665 1303 2699 mentum
1362 2666 1629 2716 corruptum
1693 2661 1885 2716 retinet,
1953 2665 1993 2708 is

1101 2723 1294 2758 ostentat
1316 2714 1670 2771 penuriamesse
1700 2717 1919 2765 frumenti
1948 2731 1993 2766 et

1098 2771 1386 2815 securitatem
1418 2788 1624 2817 annonae
1654 2774 1860 2820 minuit:⁴
1899 2778 1993 2835 Qui

1098 2844 1209 2874 vero
1234 2828 1282 2870 in
1303 2828 1504 2875 Tiberim
1531 2829 1693 2880 iactat,
1734 2833 1772 2876 is
1798 2843 1995 2881 ostentat

1091 2894 1274 2932 ,tantum
1311 2884 1526 2939 frumenti
1565 2888 1742 2939 adesse,
1794 2901 1845 2936 ut
1883 2901 1991 2938 cor'-

1098 2952 1284 3001 ruptum
1308 2942 1468 3000 proiici
1491 2943 1622 2988 liceat
1636 2963 1650 3000 ;
1689 2962 1894 2993 annonae
1918 2967 1995 2995 se-

1101 3016 1256 3044 curam
1296 3000 1433 3056 igitur
1470 3001 1620 3044 reddit
1656 3002 1836 3063 plebem
1874 3007 1920 3051 h.
1952 3024 1993 3054 e.

1098 3059 1395 3100 securitatem
1461 3072 1681 3109 annonae
1744 3072 1991 3111 sustentat.

1098 3115 1302 3179 Nolebat·
1321 3114 1486 3172 quippe
1508 3115 1629 3159 Nero
1651 3118 1830 3181 plebem
1843 3113 1992 3167 'anno-¹

1088 3188 1182 3215 nae
1206 3188 1377 3214 anxiam
1405 3188 1499 3215 esse
1525 3173 1752 3218 ob·c·lades
1771 3187 1991 3225 externas.

1099 3230 1158 3272 cf.
1184 3227 1293 3271 infr.
1317 3244 1356 3273 c.
1371 3227 1440 3272 36.
1466 3245 1587 3285 quae
1602 3234 1858 3288 praecipua
1878 3246 1992 3280 cura

1100 3294 1173 3387 {st
1207 3293 1292 3383 {atc-
1362 3285 1523 3331 Kiessi.
1564 3291 1765 3347 reposuit
1805 3301 1990 3340 susten..

1120 3357 1204 3388 arc
1229 3372 1241 3386 .

1091 3441 1095 3444 s
1154 3401 1321 3454 pretio.
1403 3384 1483 3447 Sic
1535 3374 1644 3454 MS,
1682 3372 1817 3456 Fibr.
1872 3409 1990 3464 (test.

1099 3457 1256 3512 Vict.).
1299 3484 1356 3492 --

1420 3460 1576 3512 precio
1611 3461 1711 3508 edd.
1747 3472 1851 3511 vett.
1885 3481 1992 3511 cum

1099 3514 1203 3560 cod.
1231 3512 1378 3560 Guelf-
