2164 3990
0 329 2 357 V

186 181 238 216 A.
255 177 312 214 U.
331 174 419 212 803.

185 219 416 260 mm,
552 129 939 240 'Llsssle
1019 170 1470 238 CAP.15.16.
1823 180 1960 243 *81
2048 219 2057 223 .

106 313 353 374 tentiam
423 306 762 370 Romanam
843 305 1127 363 adversus
1200 304 1485 366 rebellem
1551 301 1966 368 Mithridatem

103 395 561 457 ostentantibuS.
679 390 869 466 Igitur
919 391 1221 467 pepigere,
1298 389 1668 467 equestribus
1721 395 1964 467 proeliis

85 480 384 557 ‘Eunones
443 487 717 548 certaret,
792 475 1025 556 obsidia
1084 474 1328 534 urbium
1378 472 1645 534 Romani
1702 496 1965 553 capesse-

104 558 256 642 rent.

267 646 459 713 XVI-
511 645 674 705 Tum
742 646 1065 722 composito
1134 644 1365 720 agmine
1413 644 1726 702 incedunt:
1796 648 1962 705 cuius

97 739 356 796 frontem
392 743 450 791 et
483 745 648 812 terga
671 724 936 801 ‚Adorsi,
989 730 1184 788 media
1222 725 1491 788 cohortes
1533 741 1590 787 et
1623 727 1962 810 Bosporani

98 823 471 889 tutabantur,
514 817 732 876 nostris
753 817 820 873 in
857 816 1054 876 armis,
1140 815 1222 873 sic
1243 815 1449 891 pulsus
1472 810 1660 872 hostis
1684 828 1961 874 ventum-

98 927 213 984 que
238 905 449 964 Sozam
484 903 772 980 oppidum
793 898 1193 970 Dandaricae,
1236 901 1398 978 quod
1439 901 1736 958 desertum
1775 923 1808 958 a
1832 900 1961 960 Mi-

96 989 352 1051 thridate
393 991 471 1048 ob
504 989 812 1062 ambiguos
857 985 1238 1064 popularium
1278 986 1508 1042 animos
1562 985 1820 1044 obtineri
1864 1009 1962 1045 re-

95 1078 235 1134 licto
274 1075 362 1132 ibi
394 1074 688 1151 praesidio
723 1073 937 1132 visum.
1038 1066 1199 1128 Exin
1239 1069 1306 1127 in
1345 1070 1577 1129 Siracos
1610 1084 1867 1148 pergunt
1904 1084 1963 1131 et

95 1160 441 1235 transgressi
466 1178 702 1216 amnem
725 1155 992 1232 Pandam
1015 1155 1486 1213 circumveniunt
1508 1157 1719 1214 urbem
1740 1156 1962 1234 Uspen,

97 1247 315 1303 editam
344 1246 476 1301 loco
515 1254 574 1301 et
604 1242 918 1300 moenibus
955 1260 1021 1298 ac
1055 1240 1229 1297 fossis
1266 1240 1588 1312 munitam,
1642 1241 1762 1300 nisi
1797 1244 1962 1320 quod

94 1328 331 1388 moenia
381 1348 508 1386 non
555 1347 722 1397 saXO,
788 1327 893 1384 sed
945 1326 1203 1384 cratibus
1251 1337 1309 1383 et
1350 1326 1626 1384 vimentis
1658 1347 1724 1385 ac
1759 1328 1958 1386 media

92 1411 276 1473 humo
327 1414 643 1473 adversum
679 1413 1087 1489 inrumpentes
1129 1411 1394 1470 invalida
1433 1423 1625 1470 erant:
1685 1413 1958 1473 eductae-

1058 1641 1270 1685 Beroald.
1300 1640 1404 1685 Ale.
1434 1641 1576 1686 Rhen.
1600 1657 1699 1702 sqq.
1760 1641 1875 1687 Prae
1908 1649 1958 1688 ‘o-

149 1645 371 1688 Eunones
404 1651 620 1687 certaret.
678 1641 762 1687 Ed.
784 1641 901 1701 Spir.
934 1650 987 1685 ut

1058 1700 1271 1743 sitionem
1298 1700 1513 1743 omittunt
1536 1700 1667 1743 etiam
1689 1699 1826 1745 MSS.
1897 1710 1956 1746 at.

97 1704 312 1746 Eunones
333 1708 549 1745 certaret.

153 1767 457 1814 capesserent.
518 1756 616 1799 MS.
649 1755 804 1800 Guelf.
841 1765 885 1800 et
913 1758 984 1801 ed.

97 1816 216 1874 Spir.
246 1823 562 1870 capescerent‘,
594 1822 644 1856 ut
668 1830 820 1871 supra.

151 1883 265 1928 CAP.
300 1885 367 1927 16.
429 1884 550 1926 Tum
574 1885 844 1939 composito,
900 1883 984 1926 Ed.

91 1942 211 2001 Spir.
229 1941 282 1984 ’Τ
277 1957 362 1983 unc
384 1942 651 1996 composito.
710 1941 822 1984 Mox
851 1941 984 1983 cuius

88 2001 139 2045 in
159 1999 262 2043 MS.
290 1997 443 2042 Guelf.
466 1997 679 2042 scribitur
700 2001 878 2055 quoius.

147 2071 326 2114 nostris
352 2070 403 2111 in
429 2069 600 2112 armis,
659 2067 860 2125 Intellige
891 2084 986 2111 non

10 2137 11 2140 ’
90 2129 139 2172 in
170 2127 356 2171 modum
399 2124 684 2184 popularium
727 2126 986 2176 instructos,

92 2186 168 2229 sed
199 2200 329 2228 more
349 2184 557 2227 Romano
592 2191 636 2225 et
667 2182 715 2225 in
742 2182 985 2226 exercitum

89 2243 144 2286 R.
167 2243 226 2285 ita
247 2250 472 2299 receptos,
505 2249 553 2283 ut
577 2249 724 2284 essent
742 2256 843 2298 pars
866 2257 983 2283 exer-

91 2300 206 2344 citus
227 2298 434 2343 Romani.
493 2296 594 2342 MS.
615 2298 730 2340 Bud.
753 2298 914 2341 nostri
935 2298 986 2340 in

91 2371 260 2400 armis.

147 2414 340 2457 Sozam.
431 2411 508 2456 Sic
547 2411 648 2454 MS.
689 2411 814 2454 Flor.
866 2412 982 2465 (test.

90 2471 306 2526 Pichena)
331 2469 430 2513 edd.
450 2468 569 2527 Spir.
592 2467 717 2511 Pich.
741 2485 840 2526 sqq.
905 2469 982 2511 Vi-

86 2529 256 2574 ctorius
276 2528 494 2570 intactum
510 2526 693 2585 reliquit
703 2525 843 2576 Soza,
860 2525 983 2582 quod

91 2595 156 2630 est
183 2586 230 2628 in
263 2585 364 2628 edd.
394 2584 496 2628 Put.
519 2583 588 2626 M.
609 2593 651 2627 et
676 2585 731 2626 V.
770 2583 980 2626 Beroald.

90 2643 193 2687 Alc.
218 2641 363 2685 Rhen.
385 2657 481 2700 sqq.
520 2650 563 2685 et
592 2641 640 2684 in
663 2639 800 2683 MSS.
831 2639 982 2683 Gueif.

92 2699 292 2757 aliisque.

147 2756 466 2799 Dandaricae.
553 2754 632 2800 Sic
672 2754 810 2799 MSS.
857 2755 979 2799 Flor.

91 2815 207 2870 (test.
230 2813 368 2869 Vict.)
397 2813 514 2857 Bud.
552 2813 652 2856 edd.
687 2812 718 2855 S
752 2814 806 2857 ir.
835 2813 979 2855 Rhen.

92 2887 148 2970 {2¹1
179 2903 196 2970 “.
229 2893 329 2970 fi...
351 2870 630 2972 ῗῖἶῗῖῗῖἰε
664 2869 981 2972 υἱὲαὲἶῖἒῖἷὲ

94 2983 195 3027 edd.
227 2985 437 3028 Beroald.
472 2984 573 3029 Alc.
605 3009 664 3018 —
724 2985 826 3029 MS.
860 2984 976 3028 Bud.

93 3055 186 3083 non
199 3039 329 3084 habet
349 3042 570 3097 oppidum
584 3057 599 3086 .·
619 3042 814 3086 retinent
829 3051 979 3086 tamen

92 3097 294 3141 Rhenan.
320 3098 483 3156 (1533.)
506 3100 608 3143 Ald.
629 3100 727 3143 Mic
761 3099 809 3143 ll.
833 3115 931 3158 sqq.

146 3156 304 3197 relicto
330 3157 402 3198 ibi.
484 3157 584 3200 MS.
619 3156 718 3200 Gue
740 3156 772 3201 f.
805 3158 869 3199 ibi
898 3171 978 3199 re-

92 3213 217 3255 licto.

143 3269 271 3311 Exin
293 3270 341 3312 in
362 3268 565 3317 Siracos.
626 3269 702 3315 Sic
721 3271 824 3315 MS.
846 3270 976 3314 Flor.

93 3327 204 3379 (test.
233 3326 366 3383 vict.)
396 3327 499 3370 edd.
528 3326 671 3385 Ryek.
692 3346 711 3372 s
779 3361 789 3372 .
845 3329 976 3371 Exin

91 3384 142 3424 in
161 3385 360 3428 Seracos
384 3383 483 3428 MS.
509 3383 661 3429 Guelf.
767 3387 857 3429 ,τίη
885 3386 973 3429 Se-

91 3453 228 3483 racos
251 3440 319 3483 ed.
340 3440 372 3483 S
406 3441 462 3485 ir.
534 3442 662 3484 Exin
685 3457 848 3487 sacros
874 3443 975 3486 edd.

90 3496 189 3540 Put.
212 3497 280 3540 M.
308 3506 349 3539 et
419 3530 431 3542 .
492 3499 622 3543 Exin
645 3500 850 3545 Soracos
873 3500 974 3543 edd.

174 3563 415 3615 TAcmrs
458 3563 531 3616 ῙῙ.

1061 1757 1186 1800 1863.
1203 1757 1311 1815 Reg.
1328 1773 1340 1807 ;
1369 1757 1533 1800 habent
1555 1773 1650 1800 eam
1670 1757 1809 1802 MSS.
1829 1759 1955 1803 Vatt.

1060 1814 1186 1857 1864.
1219 1822 1262 1858 et
1294 1815 1418 1857 1958.
1457 1815 1520 1857 uti
1550 1822 1593 1856 et
1625 1814 1730 1856 edd.
1765 1824 1955 1860 reeentt.

1057 1870 1162 1914 inde
1203 1888 1228 1914 a
1268 1870 1482 1914 Pichena.
1578 1869 1784 1929 Utraque
1837 1871 1955 1915 ratio

1055 1928 1176 1970 bona
1198 1937 1279 1972 est.
1330 1928 1387 1971 cf.
1410 1935 1507 1970 not.
1529 1927 1583 1970 ad
1606 1944 1644 1971 c.
1659 1927 1731 1972 32.
1765 1936 1808 1972 et
1831 1929 1872 1977 6,
1884 1927 1955 1972 44.

1046 1987 1317 2042 ‘propinqua
1360 1987 1600 2030 Seleuciae
1641 1989 1931 2030 adventabat
1941 2004 1958 2043 ,-

1055 2043 1099 2095 2,
1122 2043 1193 2087 59.
1220 2042 1493 2100 Aegyptum⁴
1503 2044 1822 2101 proficiscitur.

1116 2147 1162 2183 et
1192 2140 1494 2207 transgressi.
1571 2139 1674 2185 MS.
1712 2138 1864 2186 Guelf.
1898 2157 1954 2185 ac

1058 2205 1355 2253 transgressi.

1115 2312 1291 2366 Uspen.
1376 2308 1453 2353 Sic
1482 2310 1618 2354 MSS.
1655 2311 1781 2357 Flor.
1820 2313 1951 2366 (test.

1055 2369 1196 2426 Vict.)
1237 2367 1391 2411 Guelf.
1422 2368 1521 2411 edd.
1541 2368 1659 2426 Spir.
1689 2368 1792 2412 Put.
1816 2369 1884 2413 M.
1908 2378 1954 2415 et

1053 2427 1111 2469 V.
1141 2434 1184 2468 et
1206 2426 1310 2468 dein
1326 2425 1372 2467 Li
1410 2442 1445 2468 s.
1468 2425 1593 2468 Pich.
1617 2441 1714 2483 sqq.
1778 2426 1953 2481 Vispen

1054 2483 1158 2525 edd.
1201 2482 1363 2525 Beroal
1402 2514 1412 2525 .
1455 2480 1558 2525 Alc.
1594 2482 1802 2526 Rhenan.
1845 2484 1950 2528 Ald.

1052 2539 1162 2582 Mox
1192 2539 1293 2582 MS.
1329 2540 1454 2582 Flor.
1493 2541 1619 2592 (test.
1649 2540 1797 2597 vict.)
1843 2541 1949 2584 edd.

1053 2596 1168 2654 Spir.
1195 2595 1315 2653 Lips.
1351 2613 1449 2654 sqq.
1483 2597 1797 2652 Uspensium3
1845 2598 1949 2643 edd.

1053 2654 1158 2696 Put.
1185 2653 1252 2695 M.
1280 2661 1322 2697 et
1341 2655 1398 2696 V.
1434 2653 1644 2698 Beroald.
1681 2654 1781 2699 Alc.
1805 2654 1950 2700 Rhen.

1049 2711 1153 2756 Ald.
1182 2711 1230 2752 V
1227 2711 1506 2765 ispensium.
1752 2750 1757 2753 .

1108 2812 1309 2854 cratibus
1335 2819 1382 2855 et
1404 2812 1634 2855 vimentis.
1709 2811 1788 2857 Sic
1810 2810 1948 2858 MSS.

1050 2870 1176 2912 Flor.
1214 2869 1338 2923 (test.
1362 2868 1481 2911 Vici.
1517 2885 1556 2912 c.
1592 2869 1672 2925 al.)
1710 2870 1811 2913 Vat.
1835 2870 1946 2928 Reg.

1056 2930 1188 2985 Agr„
1216 2926 1317 2968 edd.
1343 2933 1531 2969 recentt.
1556 2925 1662 2969 inde
1688 2943 1711 2969 a
1734 2926 1946 2971 Pichena.

1050 2986 1088 3028 E
1121 2982 1420 3038 compendio,
1472 2983 1593 3040 quod
1635 2993 1699 3028 est
1732 2985 1779 3026 in
1819 2983 1945 3027 Flor.

1050 3050 1096 3085 et
1142 3040 1332 3088 uirn’cis,
1387 3038 1592 3083 ex‘brtum
1637 3049 1702 3083 est
1742 3043 1946 3084 cratibus

1051 3100 1218 3142 iunctis
1250 3096 1297 3139 in
1327 3096 1427 3140 edd.
1460 3096 1563 3139 Put.
1590 3097 1655 3139 M.
1677 3105 1720 3139 et
1741 3097 1798 3142 V.
1838 3097 1971 3150 Ber-s

1050 3157 1152 3201 Alc.
1179 3154 1320 3197 Rhen.
1340 3169 1435 3211 sqq.
1464 3161 1505 3196 et
1527 3152 1661 3196 MSS.
1675 3153 1799 3201 Harl.
1813 3154 1945 3199 Bodl.

1051 3216 1134 3257 les.
1160 3211 1308 3255 Guelf.
1336 3213 1452 3265 (test.
1474 3211 1722 3268 Stromb.);
1758 3214 1946 3255 evinctis

1049 3270 1151 3312 MS.
1178 3268 1330 3311 Guelf.
1356 3276 1454 3311 test.
1478 3267 1704 3312 Ernestio.
1763 3268 1854 3312 Sed
1879 3267 1943 3311 ibi

1050 3337 1114 3371 est
1139 3328 1314 3369 uinctis.
1330 3349 1387 3357 -
1427 3327 1629 3369 cratibus
1652 3334 1696 3369 et
1720 3326 1946 3369 iumentis

1048 3383 1150 3428 MS.
1187 3383 1326 3427 corb.
1373 3391 1415 3426 et
1453 3382 1521 3427 ed.
1554 3383 1673 3441 Spir.
1754 3384 1808 3426 In
1837 3381 1941 3426 MS.

1049 3441 1163 3484 Bud.
1192 3456 1247 3483 ac
1283 3440 1501 3484 vimentis
1527 3455 1609 3499 per
1643 3455 1843 3484 errorem
1873 3439 1943 3483 bis

1049 3497 1268 3556 scriptum
1306 3496 1418 3547 fuit,
1471 3497 1594 3556 quod
1628 3498 1731 3543 dein
1758 3513 1846 3543 sec.
1882 3512 1942 3558 m·

1432 3559 1484 3616 F
