2164 3990
218 199 271 238 A.
284 200 334 235 υ.
349 197 437 235 sm.

216 245 270 281 Α.
285 243 332 281 C.
371 239 435 275 6³·

681 199 859 266 LIB.
897 201 1030 265 XV.

1116 199 1307 267 CAP.
1352 204 1449 270 14.
1861 212 1980 273 541

295 328 462 390 XIV.
505 325 603 387 Ad
638 339 705 387 ea
729 328 1045 418 Vologeses
1067 321 1231 389 ιῐιίΙιίΙ
1261 353 1370 407 pro
1407 353 1610 404 causa,
1656 335 1758 394 sed
1796 358 1978 415 oppe-

74 492 79 496 ἡ
126 417 365 474 riendos
389 414 502 472 sibi
523 416 734 472 fratres
755 412 1047 472 Pacorum
1067 437 1133 474 ac
1159 412 1488 476 Tiridatem
1521 419 1843 496 rescripsit:
1899 425 1975 481 il-

123 502 249 559 lum
271 501 468 558 locum
493 511 838 576 tempusque
862 501 1105 559 consilio
1128 502 1503 574 destinatum,
1528 525 1647 581 quo
1669 506 1742 562 de
1755 503 1985 575 Arme-s

124 586 225 643 nia
238 596 572 655 cernerent,
594 616 673 630 --
697 585 977 644 adiecisse
1002 588 1143 646 deos
1170 588 1418 663 dignum
1430 585 1873 663 Arsacidarum,
1889 630 1964 661 -θλ

173 773 286 818 CAP.
341 773 412 817 14.
492 772 818 827 opperiendos.
904 773 1009 819 MS.

117 830 270 878 Guelf.
309 830 655 884 opprimendos.
678 852 685 859 2
738 831 864 875 Idem
903 848 1008 875 mox

115 890 206 932 sibi
238 887 371 930 habet
416 903 440 930 a
479 904 569 931 sec.
612 904 705 941 m.;
759 905 783 932 a
829 905 898 947 pr.
946 906 1006 932 m.

115 945 203 990 fuit
226 945 284 989 si.

171 1045 228 1071 ac
250 1028 524 1072 Tiridatem.
581 1028 665 1072 Ed.
695 1027 815 1088 Spir.
848 1036 894 1073 et
926 1029 972 1073 T
967 1030 1007 1072 i-

116 1083 285 1130 ridatfi'.

169 1188 307 1229 illum
337 1188 490 1229 Iocum
520 1194 795 1242 tempusque
819 1187 1008 1228 consilio

115 1247 417 1287 destinatum.
478 1243 553 1288 Sic
586 1244 688 1287 MS.
719 1242 870 1286 Guelf.
904 1243 1004 1286 edd.

114 1301 216 1343 Put.
250 1301 317 1344 M.
341 1310 384 1344 et
406 1299 460 1345 V.
481 1300 582 1344 Ber.
616 1302 673 1357 (c.
701 1300 846 1344 silent.
870 1299 1006 1356 Vict.)

113 1357 375 1401 Alc-Rhen.
409 1373 508 1415 sqq.
539 1385 599 1394 --
655 1357 833 1399 Locum
871 1357 1005 1400 illum

113 1423 384 1471 tempusque
404 1423 489 1458 etc.
503 1414 572 1457 ed.
589 1413 733 1471 Spir.;
767 1414 886 1457 unde
899 1414 1002 1458 MS.

111 1474 224 1530 Agr.
245 1471 375 1515 facit:
402 1472 577 1514 Locum
601 1473 695 1514 illis
717 1481 1004 1527 tempusque,

111 1529 254 1588 quodv
279 1529 448 1587 placuit
485 1528 661 1587 Ryckio
709 1538 751 1573 et
793 1528 1008 1584 Heinsio;

113 1587 187 1631 hic
227 1596 377 1630 tamen
429 1586 647 1630 malebat=
704 1587 800 1629 illis
852 1589 1005 1628 Iocum

113 1653 382 1700 tempusque
467 1643 840 1688 condestinatum
921 1643 1000 1686 iri.

113 1702 362 1746 Oherlinus
407 1700 630 1759 Ryckium
679 1709 858 1746 secutus
912 1709 1003 1754 est;

61 1804 64 1807 Δ
110 1759 341 1803 Bekkerus
359 1767 558 1804 veterem
580 1757 848 1815 scripturam
869 1759 1003 1801 resti-

110 1816 211 1860 tuit.
281 1815 435 1860 Recte.
505 1815 827 1873 Sed..quaeris=
866 1830 1004 1871 quem

108 1873 293 1917 locum?
332 1890 436 1916 nam
473 1874 527 1916 de
561 1872 663 1917 loco
697 1873 902 1923 nondum
931 1873 1002 1917 di-

111 1940 234 1975 ctum
275 1941 356 1976 est.
428 1929 600 1973 Verum
646 1946 741 1973 non
782 1931 835 1980 de
875 1938 1002 1973 certo

111 1988 305 2047 quodam
328 1989 428 2032 loco
449 1987 560 2031 illud
582 1988 856 2032 vocabulum
875 1987 998 2030 acci-

109 2045 325 2105 piendum
349 2047 526 2096 credas;
544 2096 549 2101 ¹
566 2045 707 2087 immo
732 2048 855 2087 locus
876 2053 997 2086 tem-

104 2117 279 2159 pusque
300 2099 520 2150 solemnis
540 2111 605 2144 est
626 2101 824 2144 formula
847 2101 901 2144 de
922 2118 997 2146 oc.-

108 2160 286 2204 casione
322 2161 385 2203 rei
415 2175 438 2202 a
473 2159 627 2217 endpae.
674 2158 733 2202 cf.
768 2160 809 2211 4,
848 2161 914 2202 10.
955 2161 997 2212 2,

105 2217 177 2262 65.
234 2217 346 2260 Hist.
370 2219 413 2267 2,

105 2276 192 2318 bro
214 2291 255 2319 c.
278 2275 347 2318 18.
371 2278 525 2329 locum
547 2277 761 2329 diemque
791 2273 997 2318 similiter

105 2332 268 2376 Noster
301 2332 548 2389 coniungit.
613 2330 897 2375 Vocabulum
933 2332 996 2373 il-

105 2392 207 2432 lum
238 2389 420 2448 respicit
451 2390 505 2432 ad
527 2387 718 2443 fratres
749 2389 994 2442 opperien-

106 2450 216 2498 dos,
264 2454 313 2490 ut
355 2448 489 2488 illum
530 2449 681 2487 locum
727 2452 996 2501 tempusque

499 2251 509 2262 .
534 2221 577 2259 et
607 2217 653 2259 in
688 2216 777 2261 hoc
805 2217 914 2283 {Psoi
937 2216 990 2261 li-

14 2522 27 2527 ”
107 2504 324 2562 intelligas
359 2505 413 2547 de
442 2503 519 2546 illa
553 2502 815 2553 occasione,
858 2518 993 2559 quarn

138 2563 339 2606 raeberet
351 2561 540 2605 fratrum
562 2569 820 2602 conventu&
845 2560 995 2602 Kiess=

103 2579 264 2678 iingius
275 2618 436 2677 Ryckii
457 2617 728 2676 scripturam
749 2617 964 2675 reposuit.

160 2735 249 2776 quo
268 2723 325 2769 de
350 2718 586 2763 Armenia
607 2724 867 2760 cernerent.
917 2716 996 2760 Sic

104 2779 241 2821 codex
263 2776 419 2826 Ursini
454 2775 556 2826 edd,
587 2774 690 2819 Ber.
722 2775 780 2828 (c.
813 2773 992 2817 silentio

107 2834 242 2890 Viet.)
275 2832 419 2891 Ryek.
453 2834 493 2888 (e
520 2831 621 2874 MS.
647 2832 779 2890 Agr.)
814 2832 990 2874 Ernest.

104 2891 227 2939 Brot‚
243 2889 401 2935 Oborl.
417 2906 585 2946 sqq.--
611 2893 732 2944 quod
756 2892 814 2931 de
827 2894 992 2931 Arme-

103 2950 182 2990 nia
213 2963 251 2990 c.
283 2947 417 2991 Μὸὸ.
445 2946 568 2990 Harl.
602 2947 732 2989 Bodl.
765 2945 876 3004 Reg.
919 2947 988 2989 ed.

104 3005 248 3063 Spin,
277 3003 324 3047 in
360 3020 446 3062 qua
470 3003 715 3060 scriptura,
746 3011 795 3045 ut
819 3004 990 3063 saepis-

104 3064 240 3115 sime,
270 3062 416 3106 littera
439 3066 470 3104 d
492 3061 538 3102 in
559 3063 679 3116 quod
703 3070 854 3104 exorta
878 3070 941 3104 est
967 3078 990 3104 e

103 3119 406 3178 duplicatione
425 3117 648 3175 sequentis
662 3118 845 3161 litterae.
880 3118 989 3160 Inde

99 3177 420 3221 emendationis
443 3191 574 3220 causa
597 3174 766 3217 factum
791 3182 855 3218 est
880 3178 990 3231 quid

99 3237 299 3278 d.Arm.
336 3249 397 3282 c.‚
439 3231 560 3290 quod
592 3231 707 3274 inest
735 3230 870 3275 MSS.
904 3233 985 3276 les.

99 3290 237 3336 Corb.
262 3290 374 3335 Bud.
398 3291 499 3334 edd.
521 3288 624 3332 Put.
650 3288 720 3331 Μ.
745 3296 786 3331 et
808 3290 864 3332 V.
888 3290 987 3334 Alc.

99 3348 242 3394 Rhen.
290 3364 390 3407 sqq.
445 3347 578 3404 idque
624 3362 683 3388 nu
720 3361 766 3389 er
811 3347 987 3406 repetiit

97 3405 340 3455 Beklterus.
419 3406 523 3448 MS.
570 3361 723 3446 Guelp·
771 3402 845 3446 dat
892 3405 985 3460 qui.

102 3462 238 3568 quod
261 3463 450 3506 omnino
475 3461 638 3505 falsum
668 3468 734 3504 est
768 3475 854 3503 nec
883 3461 986 3504 satis

101 3536 123 3569 c
145 3520 282 3585 egani
302 3520 518 3571 formula:
558 3518 832 3568 eonsilium,
865 3521 988 3575 quod

1080 777 1138 818 de
1168 776 1331 832 aliqua
1360 791 1414 819 re
1446 791 1621 821 cernas.
1695 776 1822 836 Quid
1853 781 1970 824 tole-

1078 834 1167 876 rari
1196 841 1363 892 potest,
1401 842 1450 877 ut
1477 833 1724 894 intelligas:
1764 840 1973 889 consilia,

1078 890 1126 933 in
1150 905 1239 948 quo
1263 890 1596 942 consultarent,
1627 893 1736 949 quid
1759 902 1844 936 etc.
1906 895 1970 939 Si-

1081 947 1188 1006 mile
1205 946 1334 1003 plane
1354 946 1466 990 illud
1493 957 1579 1001 est,
1610 951 1731 1007 quod
1754 966 1797 994 c.
1820 952 1887 994 16.
1912 952 1971 995 le-

1079 1004 1248 1062 gimus:
1295 1005 1479 1047 litterae
1507 1008 1736 1058 Neronis,
1771 1024 1836 1051 an
1864 1012 1976 1063 paci

1078 1065 1312 1105 adnueret
1347 1061 1392 1104 h.
1426 1078 1464 1106 e.
1493 1064 1682 1107 litterae
1711 1065 1799 1117 N„
1845 1066 1967 1109 unde

1079 1126 1455 1176 cognosceretur,
1485 1135 1551 1161 an
1571 1122 1685 1175 paci
1701 1125 1813 1166 adn.
1873 1124 1968 1166 Ve-

1078 1175 1172 1218 rius
1194 1184 1341 1219 tamen
1362 1192 1454 1219 esse
1478 1192 1566 1233 quo
1588 1193 1683 1221 non
1705 1179 1941 1224 dubitabis.

1133 1233 1359 1275 adiecisse
1400 1236 1510 1276 deos
1546 1235 1742 1290 dignum
1777 1239 1967 1280 Arsaci-

1078 1292 1279 1341 darum,
1307 1291 1451 1332 simul
1474 1299 1519 1333 et
1541 1296 1599 1334 de
1620 1300 1707 1336 cet.
1766 1293 1842 1337 Sic
1868 1293 1972 1343 libri

1076 1354 1208 1398 vett„
1236 1346 1322 1390 nisi
1344 1348 1465 1405 quod
1488 1348 1587 1392 MS.
1612 1348 1726 1413 Agr.
1750 1359 1969 1408 nugatur}

1076 1412 1343 1456 cernerent,
1409 1409 1534 1460 quod
1588 1421 1640 1448 se
1685 1407 1972 1465 fastigiaque

1075 1462 1269 1516 dignum
1309 1463 1680 1514 Arsacidarum,
1733 1465 1884 1507 simul
1925 1475 1971 1509 et

1077 1527 1162 1562 cet.
1224 1518 1445 1563 Placuere
1472 1527 1623 1563 tamen
1645 1519 1756 1564 haec
1777 1521 1970 1582 Ryckio.

1074 1575 1171 1620 Nec
1223 1575 1408 1619 defuere
1462 1576 1670 1621 virorum
1726 1577 1969 1624 doctorum

1076 1633 1377 1676 coniecturae.
1439 1632 1704 1678 Rhenanusz
1735 1637 1970 1680 adiecisset

1073 1705 1175 1743 eos,
1205 1691 1397 1745 dignum
1410 1694 1754 1735 Arsacidarum
1775 1702 1860 1738 etc.
1879 1694 1969 1738 hoc
2001 1731 2003 1734 .

1073 1764 1232 1791 sensus
1291 1750 1527 1792 adiecisset
1565 1749 1848 1807 (Vologeses)
1889 1766 1968 1794 eos

1074 1805 1322 1861 (fratres),
1371 1813 1423 1847 ut
1459 1807 1598 1860 digne
1628 1808 1870 1850 Arsacidis
1899 1811 1968 1852 si-

1073 1865 1178 1904 mul
1198 1871 1242 1904 et
1264 1863 1491 1906 Romanis
1510 1871 1790 1907 statuerent.
1838 1864 1962 1909 Ver..

1073 1919 1245 1963 tranius
1283 1928 1325 1962 et
1355 1920 1574 1963 Ursinus:
1617 1922 1764 1965 simul
1794 1930 1846 1963 ut
1867 1938 1966 1978 ⁴pro

1069 1979 1212 2019 simul
1264 1984 1323 2020 et.
1417 1977 1680 2021 Acidalius:
1742 1979 1965 2022 adiecisse

1069 2037 1179 2076 deos
1201 2035 1397 2089 fastigio
1428 2037 1787 2087 Arsacidarum,
1824 2038 1970 2079 simul

1070 2099 1116 2133 et
1142 2094 1201 2133 de
1234 2094 1266 2134 l.
1293 2091 1352 2134 R.
1378 2099 1436 2136 st.
1499 2090 1713 2136 Grotius:
1746 2095 1964 2147 allegisse

1067 2152 1180 2191 deos
1256 2150 1386 2191 illum
1462 2150 1617 2193 locum
1694 2158 1966 2207 tempusque

1067 2209 1259 2261 dignum
1284 2207 1625 2250 Arsacidarum
1655 2209 1847 2251 consilio
1879 2212 1965 2250 de—

1067 2267 1321 2315 stinatum,
1365 2265 1477 2319 quid
1506 2268 1564 2306 de
1594 2266 1827 2308 Armenia
1860 2279 1962 2307 cer-

1066 2329 1260 2372 nerent,
1293 2323 1439 2364 simul
1470 2331 1516 2364 et
1544 2325 1602 2363 de
1631 2325 1662 2366 l.
1686 2323 1745 2366 R.
1779 2329 1963 2365 statue-

1066 2385 1185 2419 rent.
1256 2377 1350 2419 Alii
1383 2376 1466 2422 alia
1499 2394 1638 2436 aeque
1671 2395 1809 2428 vana,
1846 2395 1962 2437 quae

1066 2433 1235 2477 referre
1255 2435 1413 2477 taedet.
1455 2435 1568 2478 Nam
1591 2443 1720 2479 vetus
1739 2437 1961 2494 scriptura

1064 2491 1158 2538 sine
1194 2490 1292 2534 labe
1326 2500 1406 2534 est.
1479 2492 1690 2546 Dignum
1725 2493 1770 2537 h.
1801 2510 1838 2537 e.
1873 2493 1958 2536 ali-

1065 2548 1200 2606 quid,
1243 2549 1366 2606 quod
1392 2548 1579 2605 dignum
1613 2550 1692 2601 sit,
1730 2566 1814 2608 pro
1847 2550 1956 2597 suh-

1065 2606 1278 2649 stantivo.
1313 2605 1373 2648 cs.
1400 2606 1488 2648 An.
1512 2607 1556 2660 6,
1581 2607 1653 2649 29.
1720 2615 1738 2649 t
1761 2607 1959 2661 dignum

1066 2663 1299 2706 veteribus
1348 2664 1582 2707 Aemiliis.
1669 2622 1957 2708 {iocabulum

1063 2721 1257 2773 dignum
1273 2752 1290 2786 ,ι
1336 2721 1598 2778 praesertim
1636 2722 1682 2764 in
1721 2721 1797 2765 tali
1837 2722 1958 2771 loco.

1066 2792 1171 2820 cum
1194 2777 1389 2834 genitivo
1412 2777 1624 2836 coniungi
1646 2795 1788 2836 posse,
1813 2795 1956 2822 exem-

1063 2834 1146 2892 plis
1169 2834 1364 2876 docuere
1378 2833 1584 2878 Heinsius
1599 2836 1654 2878 ad
1669 2835 1807 2880 ovid.
1820 2835 1955 2879 Trist.

1063 2893 1106 2942 4,
1129 2889 1169 2943 3,
1195 2891 1261 2939 57,
1292 2899 1335 2933 et
1362 2889 1582 2934 Schwabe
1612 2893 1667 2936 ad
1694 2892 1884 2937 Phaedr.
1911 2893 1954 2945 4,

1062 2950 1136 2991 20.
1209 2946 1383 2991 Verba:
1424 2950 1568 2994 simul
1590 2956 1637 2992 et
1655 2970 1672 2992 ἶ
1698 2982 1710 2993 .
1733 2980 1745 2992 .
1771 2956 1952 2993 statue-

1061 3012 1189 3053 rent,
1220 3005 1489 3048 continuant
1514 3014 1809 3058 structuram,
1839 3021 1953 3064 quae

1063 3062 1211 3119 coepit
1232 3079 1256 3106 a
1284 3077 1398 3118 quo·‚
1442 3062 1819 3120 interponuntur:
1859 3067 1949 3106 ad-

1059 3121 1209 3163 iecisse
1249 3150 1259 3162 .
1284 3154 1295 3165 .
1324 3151 1335 3162 .
1366 3121 1734 3171 Arsacidarum,
1783 3129 1833 3163 ut
1875 3137 1948 3164 sev

1060 3177 1236 3235 quentia
1266 3192 1371 3219 cum
1393 3177 1561 3219 maiore
1587 3177 1729 3233 gloria
1758 3177 1948 3221 efferan-

1059 3243 1146 3277 tur.
1207 3232 1263 3275 Et
1278 3232 1522 3276 Oberlinus
1573 3234 1721 3276 uidem
1746 3233 1821 3278 illa
1842 3250 1949 3293 par—

1060 3290 1230 3334 enthesi
1306 3289 1535 3334 circumde
1570 3298 1663 3334 erat
1734 3292 1949 3336 suadente

1057 3346 1295 3391 Salinerio.
1356 3347 1498 3391 Malui
1521 3348 1609 3391 loci
1631 3347 1849 3392 rationem
1870 3348 1944 3393 iu-

1058 3405 1228 3462 signem
1256 3404 1405 3448 facere
1427 3404 1601 3448 lineolis
1616 3435 1629 3452 ,
1699 3404 1766 3449 uis
1787 3405 1847 3448 ita
1868 3422 1944 3452 εοη

1059 3462 1201 3505 {emus
1234 3461 1314 3505 uti.
1373 3461 1490 3515 Nam
1522 3470 1679 3523 parent
1711 3462 1793 3521 esis
1826 3471 1948 3517 ceret

1059 3518 1133 3568 hic
1156 3534 1251 3569 non
1272 3525 1358 3574 est.
1531 3526 1541 3534 ⁴
1870 3552 1873 3554 -
