2164 3990
179 219 294 259 AM.
307 219 393 263 801ζ

179 266 231 302 A.
251 263 296 301 C.
322 263 390 297 48·

492 177 498 183 ’
578 170 893 284 ΜΒῼΧΙ.
979 200 1180 284 CAP.
1209 199 1448 284 2425.
1858 224 1944 285 43

101 354 402 428 „mnibus
423 352 830 429 pugnavimus,
886 347 1103 409 scilicet
1116 349 1318 410 Volsci
1344 363 1400 409 et
1413 347 1609 429 Aequi
1634 371 1944 431 nunquam

98 441 447 514 „adversam
469 437 643 494 nobis
667 436 852 493 aciem
874 436 1217 498 instruxere.
1260 434 1434 512 Capti
1459 458 1492 494 a
1507 435 1699 494 Gallis
1724 458 1942 501 sumus,

97 527 241 597 „sed
262 537 320 582 et
330 523 537 582 Tuscis
565 521 796 579 obsides
812 522 1082 578 dedimus
1098 533 1153 578 et
1165 522 1524 580 Samnitium
1546 523 1752 597 iugum
1777 525 1946 582 subi-

30 619 31 622 ’
95 611 346 682 „vimus
442 606 751 678 Attamen,
803 608 852 663 si
890 619 1096 664 cuncta
1132 609 1287 664 bella
1321 627 1652 677 recenseaS‚
1706 610 1941 667 nullum

95 695 409 767 „breviore
435 694 622 770 spatio
646 713 823 770 quam
851 694 1128 750 adversus
1145 691 1352 750 Gallos
1381 695 1728 753 confectum.
1799 715 1944 752 con-

93 780 304 852 „tinua
330 780 468 836 inde
493 799 558 835 ac
583 779 699 834 fida
723 799 852 855 pax.
896 778 1015 834 iam
1038 779 1335 850 moribuS,
1372 779 1625 849 artibUS‚
1668 779 1944 837 adfinita-

92 866 295 937 „tibus
329 865 545 922 nostris
581 864 754 920 mixti
788 883 999 921 aurum
1036 875 1092 921 et
1130 883 1268 938 opes
1294 884 1426 922 suas
1450 865 1715 921 inferant
1745 865 1944 940 potius

92 970 319 1028 „quam
355 949 604 1025 separati
641 945 914 1008 habeant.
1003 944 1228 1006 Omnia
1254 947 1338 1010 .P.
1362 947 1427 1009 C.
1461 970 1612 1026 quae
1641 970 1804 1007 nunc
1837 970 1943 1007 ve·-

90 1036 456 1106 „tustissima
496 1035 844 1103 creduntur,
886 1053 1042 1090 nova
1076 1033 1258 1093 fuere.
1343 1035 1538 1110 plebei
1570 1035 1945 1109 magistratus

88 1132 273 1197 „post
305 1120 610 1196 patricios,
662 1118 863 1176 Latini
884 1129 1017 1194 post
1041 1118 1335 1193 plebei03‚
1390 1131 1714 1179 ceteramm
1738 1118 1944 1178 Italiae

89 1207 406 1280 „gentium
422 1216 555 1280 post
566 1203 828 1263 Latinos,
870 1203 1251 1260 inveterascet
1271 1199 1384 1261 hoc
1410 1225 1663 1282 quoque,
1695 1217 1752 1264 et
1778 1207 1942 1284 quod

88 1287 313 1361 „hodie
339 1289 618 1365 exemplis
637 1301 902 1358 tuemur,
952 1288 1109 1347 inter
1133 1290 1395 1366 exempla
1422 1290 1549 1350 erit.
1564 1289 1592 1309 '⁹

255 1459 446 1521 XXV.
491 1456 844 1518 Orationem
867 1459 1156 1535 principis
1175 1471 1378 1517 secuto
1402 1470 1641 1536 patrum
1675 1463 1942 1520 consulto

89 1546 270 1625 primi
295 1543 494 1604 Aedui
518 1557 855 1602 senatorum
880 1545 945 1600 in
967 1546 1115 1602 urbe
1140 1545 1231 1602 ius
1265 1545 1462 1620 adepti
1498 1557 1653 1605 sunt.
1740 1547 1945 1605 datum

91 1631 156 1688 id
179 1632 404 1688 foederi
428 1631 670 1707 antiquo
700 1642 756 1687 et
779 1630 917 1705 quia
945 1630 1059 1686 soli
1082 1628 1397 1686 Gallorum
1421 1630 1804 1688 fraternitatis
1832 1632 1945 1689 'no-⁴

89 1735 228 1772 men
264 1731 399 1772 cum
430 1716 651 1791 p'opulo
681 1713 956 1773 Romano
992 1727 1298 1790 usurpant.
1385 1713 1603 1772 Iisdem
1634 1716 1845 1773 diebus
1879 1717 1946 1775 in
1987 1734 1990 1742 '

91 1819 405 1857 numerum
464 1799 852 1875 ,patriciorum
914 1800 1161 1856 adscivit
1209 1797 1425 1856 Caesar
1483 1800 1966 1859 vetustissimum>

92 1904 382 1961 quemque
407 1904 437 1940 e
459 1895 665 1940 senatu
689 1896 789 1940 aut
809 1884 1024 1960 quibus
1048 1884 1191 1940 clari
1212 1875 1484 1959 parentes
1508 1885 1771 1956 fuerant,
1795 1907 1946 1963 pau-

89 1968 172 2026 cis
206 1969 324 2027 iam
362 1969 604 2047 reliquis
641 1969 1000 2027 familiarum
1039 1989 1184 2046 quas
1217 1967 1515 2028 Romulus
1551 1970 1846 2030 maiorum
1890 1985 1948 2033 et

14 2355 19 2359 ·
87 2336 301 2380 Beroald.
315 2336 421 2381 Ale.
435 2337 577 2380 Rhen.
603 2353 684 2396 sqq

90 2220 248 2281 (Lips.)
287 2221 386 2265 edd.
422 2222 542 2281 Spir.
561 2221 761 2266 'Pichem
791 2239 888 2282 sqq.
923 2248 981 2258 —

87 2293 248 2323 recens
259 2278 529 2340 Msssuelf.
544 2280 646 2324 edd.
669 2279 774 2324 Pdt.
785 2282 853 2348 M.
867 2289 909 2323 et
922 2279 979 2326 V.

89 2393 144 2436 ad
164 2393 205 2444 6,
219 2394 264 2437 7.
322 2394 414 2436 Pro
427 2394 672 2450 falluntur
689 2337 979 2440 lliglclgurizcii'..

88 2449 259 2494 exhibet
268 2448 509 2508 fallimur.

143 2564 310 2608 scilicet
345 2565 517 2610 Volsci.
606 2563 690 2608 Ed.
733 2563 854 2622 Spir.
895 2569 980 2608 sed

89 2621 224 2665 vulci.
289 2686 297 2691 ᾖ

149 2738 430 2782 instruxere.
521 2738 598 2782 Sic
660 2737 796 2781 MSS.
850 2735 976 2780 Flor.

91 2791 206 2892 Regs.
228 2792 344 2839 Bud.
359 2794 519 2840 Guelfl
535 2795 636 2838 edd.
654 2796 773 2854 Spir.
793 2795 977 2862 Put3M.

93 2859 136 2894 et
203 2883 214 2895 .
247 2853 351 2897 Ber.
373 2853 478 2898 Ale.
507 2852 652 2896 Rhen.
692 2868 793 2910 sqq.
853 2850 977 2918 ymo

91 2909 978 3026 {issgiairgffmgeiriedldrv'ulgdlssaffurdiltliuff

91 3037 224 3090 xfm.
294 3023 503 3092 Veterem
537 3025 806 3084 scripturam
839 3024 977 3068 Erne-

91 3087 200 3125 etms
225 3092 472 3129 revocav1t.

148 3193 452 3241 Samnitium.
533 3196 609 3241 sie
650 3195 754 3240 edd.
789 3202 979 3239 recentt.

94 3251 199 3295 inde
227 3269 251 3296 a
282 3253 420 3312 hipsii
459 3253 623 3310 prima.
706 3251 981 3309 Vetereslad

90 3322 232 3351 -unam
268 3325 421 3356 omnes
455 3311 722 3356 Samnitum
755 3310 879 3365 (cum
909 3308 978 3354 sil.

90 3363 316 3424 victorii).

149 3487 312 3522 cuncta
342 3484 474 3526 bella.
554 3483 655 3527 MS.
688 3480 843 3526 Guelf.
875 3497 979 3526 cum

93 3543 202 3579 acta
221 3538 357 3582 bella.

1076 2266 1086 2271 ,
1108 2226 1353 2267 adversus.
1414 2222 1500 2268 Ed.
1526 2222 1647 2282 Spir.
1680 2225 1946 2280 adversum,

1051 2282 1176 2340 quod
1199 2281 1364 2340 placet.

1105 2393 1218 2440 CAP.
1243 2397 1315 2441 25.
1362 2402 1651 2441 senatorum.
1710 2392 1811 2440 Ed..
1831 2395 1949 2454 ὑμῖν.

1047 2457 1358 2498 senatorium.
1450 2452 1623 2496 Omnes
1681 2460 1804 2499 vett.¹
1844 2454 1946 2499 edd.

1049 2511 1255 2555 scribunt
1279 2512 1403 2554 Edui
1418 2526 1504 2570 pro
1525 2510 1692 2553 Aedui.
1752 2510 1845 2554 bed
1864 2511 1947 2555 mi-

1050 2568 1203 2612 scendi
1236 2568 1404 2613 litteras
1434 2582 1492 2611 ae
1520 2575 1564 2611 et
1590 2582 1614 2610 e
1636 2583 1686 2610 ea
1705 2565 1948 2614 illisliliris

1050 2625 1166 2668 inest
1205 2625 1419 2678 varietas,
1465 2634 1516 2669 ut
1554 2625 1706 2669 omnia
1737 2625 1947 2678 adnotari

1050 2683 1199 2727 taedio
1220 2693 1348 2727 esset.

1095 2795 1425 2853 fraternitatis
1446 2808 1632 2840 nomen.
1680 2795 1742 2844 cf.
1768 2776 1866 2844 cie.
1891 2799 1948 2844 ad

1050 2854 1225 2954 {liv-137,
1268 2855 1338 2897 10.
1427 2853 1528 2898 MS.
1571 2850 1710 2900 Bud.'
1739 2870 1946 2913 usurpa-

1081 2927 1144 2955 an
1173 2943 1183 2954 .
1485 2927 1488 2930 ’

1109 3026 1323 3070 adscivit.
1397 3024 1476 3069 Sic
1512 3025 1582 3068 ed.
1620 3024 1738 3082 Spir.
1785 3026 1947 3069 ascivit

1052 3084 1155 3127 edd.
1182 3083 1284 3126 Put.
1317 3083 1383 3126 M.
1417 3091 1462 3126 et
1491 3081 1547 3126 V.
1578 3081 1788 3126 Beroald.
1817 3085 1946 3137 (cum

1049 3141 1227 3185 silentio
1250 3140 1393 3195 Vict.)
1418 3139 1564 3185 Rhen.
1589 3157 1609 3183 s
1644 3155 1688 3197 q.
1746 3139 1945 3198 Ryckius

1050 3198 1226 3242 induxit
1247 3198 1451 3241 adscivit.
1491 3197 1550 3240 cs.
1569 3155 1693 3250 LQO.
1706 3196 1779 3242 73.
1809 3198 1852 3247 2,
1871 3199 1943 3243 60.

1050 3255 1093 3306 3,
1120 3256 1191 3299 30.
1223 3256 1264 3307 4,
1293 3256 1363 3299 57.
1425 3253 1620 3298 Aliis-in
1645 3254 1760 3299 locis
1780 3254 1942 3300 Victo-

1051 3314 1144 3357 rius
1173 3329 1196 3354 e
1222 3314 1324 3356 cod.
1351 3313 1473 3356 Flor.
1508 3319 1767 3356 constanter
1795 3312 1942 3356 corri-

1051 3371 1115 3430 git
1141 3372 1360 3414 adscitus.
1410 3369 1513 3414 MS.
1528 3367 1681 3414 Guelf.
1704 3371 1884 3415 asciuit.

1109 3497 1133 3524 e
1183 3489 1363 3527 senatu.
1452 3480 1537 3526 Ed.
1583 3480 1702 3541 Spir.
1749 3494 1815 3526 ex
1865 3494 1942 3524 se-

1050 3546 1181 3583 natu.
