2164 3990
165 271 383 354 ᾔζῇζὲ
615 274 794 348 LIB.
828 273 967 336 XII.
1021 271 1247 335 -C‘R‘R
1287 272 1389 335 51.
1447 279 1450 285 ’

180 416 193 483 ἰ
242 403 345 471 m.
411 402 539 465 Noe
576 405 742 478 aliud
788 400 1185 464 Rhadamisto
1235 403 1563 464 subsidium
1598 403 1714 464 fui-t
1753 428 1936 483 quam-

77 491 391 570 pernicitas
437 511 751 568 equorum,
818 490 959 567 quis
991 511 1168 568 seque
1214 501 1271 547 et
1314 490 1622 562 coniugem
1671 491 1935 555 abstulit.

78 578 195 637 Sed
222 578 481 634 coniunx
505 576 744 650 gravida
766 577 1020 652 primam
1044 589 1341 656 utcunque
1371 575 1569 658 fugam
1597 576 1673 632 oh
1707 588 1932 634 metum

0 732 1 741 ἵ
76 659 351 720 hostilem
389 673 446 718 et
477 661 676 718 mariti
713 661 1015 719 caritatem
1050 659 1347 717 toleravit:
1390 671 1523 735 post
1555 660 1931 739 festinatione

75 747 357 805 continua
389 746 494 803 ubi
528 746 695 823 quati
728 758 930 804 uterus
962 757 1019 804 et
1042 745 1264 802 viscera
1287 745 1626 815 vibrantur,
1669 766 1839 804 orare
1864 759 1931 805 ut

74 843 262 890 morte
298 828 543 889 honesta
582 832 952 889 contumeliis
988 830 1341 905 captivitatis
1374 825 1775 891 eximeretur.'
1828 832 1932 888 ille

73 918 266 993 primo
316 918 614 994 amplecti,
669 918 972 986 adlevare,
1023 911 1357 983 adhortari,
1422 917 1602 973 modo
1648 916 1935 974 virtutem-

74 1002 404 1073 admiranS,
445 1003 624 1059 modo
652 1003 864 1060 timore
890 1021 1088 1076 aeger,
1124 1021 1200 1056 ne
1240 1002 1372 1077 quis
1394 996 1596 1058 relicta
1619 1002 1937 1077 potiretur.

72 1099 366 1163 postremo
413 1088 695 1144 violentia
732 1088 948 1145 amoris
987 1098 1043 1144 et
1073 1086 1406 1143 facinorum
1445 1107 1570 1143 non
1611 1087 1777 1143 rudis
1798 1083 1931 1144 ''de-

75 1173 310 1246 stringit
341 1173 635 1230 acinacem
670 1174 1155 1249 vulneratamque
1179 1173 1371 1246 ripam
1396 1162 1470 1227 ad
1496 1166 1708 1229 Araxis
1731 1167 1930 1243 trahit,

73 1258 311 1315 flumini
345 1259 553 1328 tradit,
602 1269 670 1315 ut
706 1278 918 1334 corpus
955 1258 1131 1316 etiam
1169 1257 1514 1317 auferretur.
1601 1256 1726 1333 ipse
1758 1277 1932 1334 prae-

73 1361 205 1417 ceps
238 1340 441 1400 Iberos
475 1344 558 1400 ad·
581 1344 840 1419 patrium
874 1363 1122 1418 regnum
1161 1342 1448 1418 pervadit.
1534 1339 1789 1421 Interim¹
1813 1342 1929 1400 Ze-

72 1420 316 1487 nobiam
358 1423 452 1505 (id
485 1429 724 1485 mulieri
759 1427 1006 1508 nomen)
1048 1428 1281 1504 placida
1325 1427 1552 1484 inluvie
1606 1421 1943 1503 spirantem?

72 1532 138 1592 ac
160 1511 314 1570 vitae
349 1515 719 1571 manifestam
758 1515 1060 1571 advertere
1096 1525 1358 1590 pastores
1393 1523 1448 1569 et
1481 1512 1769 1586 dignitate
1800 1514 1927 1572 for-

6 1623 16 1630 *
71 1604 202 1655 mae
228 1594 390 1656 haud
426 1600 774 1673 degenerem
805 1610 1142 1674 reputantes
1177 1599 1443 1672 obligant
1475 1599 1721 1669 vulnus»,
1762 1594 1941 1673 agre&

1809 281 1929 344 123
2021 299 2024 303 “

74 1683 184 1740 stia
216 1683 606 1741 medicamina
645 1681 965 1754 adhibent,
1027 1684 1380 1760 cognitoque
1418 1683 1662 1741 nomine
1701 1694 1757 1740 et
1786 1701 1942 1742 ‚casm
1975 1747 1978 1750 ,
2069 1703 2076 1709 ”

74 1767 140 1822 in
201 1768 411 1825 urbem
464 1765 745 1827 Artaxata
808 1771 1024 1830 ferunt.
1134 1770 1293 1827 unde
1348 1768 1588 1846 publica
1633 1785 1778 1827 ‘eura
1828 1768 1938 1827 de·-

132 2000 244 2044 CAP.
274 2000 343 2044 51.
409 2014 493 2043 neo
533 2000 671 2043 aliud
700 2008 784 2044 etc.
858 1999 962 2044 MS.
1095 2000 1269 2042 tmdit..
1339 1997 1479 2044 MSS.
1524 1997 1648 2044 Harl.
1678 1997 1812 2045 Bodl.
1845 2000 1929 2047 les.

75 2056 226 2102 Guelf.
248 2071 333 2100 nec
354 2059 506 2100 alliud
529 2061 830 2102 radamasto.

130 2130 274 2185 quati.
359 2126 436 2171 Ob
477 2143 670 2186 sequens
712 2129 964 2172 vibrantur

71 2186 291 2244 Heinsius
327 2185 506 2228 volebat
556 2186 784 2241 quatitur.
874 2187 962 2230 Sed

71 2244 174 2291 vide
197 2241 401 2302 exempla
419 2241 580 2286 similia
606 2243 671 2295 15,
694 2248 745 2287 11
769 2252 812 2287 et
832 2243 903 2288 27.

130 2315 295 2357 timore
336 2327 488 2369 aeger.
584 2314 685 2359 MS.
730 2314 771 2359 A
806 2313 859 2358 r.‘
888 2315 961 2359 ed.

72 2371 389 2430 Spir.terrore
404 2387 554 2426 aeger.
587 2371 743 2427 Quare
797 2372 962 2415 einsius

73 2429 364 2473 conficiebat:
431 2438 611 2477 terrere
653 2445 851 2484 aegram
878 2430 964 2471 ⁴vel

72 2489 236 2529 timere
258 2499 387 2541 ager,
416 2485 584 2539 locum,
615 2496 665 2531 ut
686 2487 847 2538 editur,
867 2502 963 2530 nou

73 2559 231 2587 sanum
256 2559 348 2589 esse
369 2551 512 2588 ratus.

126 2615 376 2668 potiretur.
415 2613 529 2657 'MS.
546 2612 674 2658 Flor.
699 2612 964 2671 (test.Vict.)

67 2676 311 2728 poteretur
389 2670 450 2715 ef.
478 2680 570 2714 not.
593 2671 648 2713 ad
671 2671 712 2721 3,
733 2673 820 2715 61.χ

130 2741 386 2797 destringit.
460 2740 536 2786 Sic
569 2741 706 2788 MSS.
743 2743 871 2787 Flor.
913 2744 965 2797 (t.

74 2797 192 2842 vict.
234 2815 276 2843 c.
304 2798 392 2843 Iac.
426 2798 650 2856 Gronov.)
697 2801 814 2844 Bud.
864 2800 969 2843 edd.

73 2854 218 2914 Ryck.
246 2872 346 2914 sqq.
407 2856 468 2900 cf.
494 2865 584 2900 not.
614 2859 666 2900 ad
693 2860 731 2910 1,
753 2858 821 2902 32.
838 2858 966 2908 244.

73 2941 132 2950 -
147 2914 388 2968 distringit
404 2913 507 2958 MS.
524 2914 672 2958 Guelf.
708 2915 810 2959 edd.
842 2914 964 2974 Spir.

75 2970 180 3013 Pnt.
203 2970 270 3013 M.
294 2979 337 3013 et
355 2969 414 3013 -Vz
439 2971 544 3015 Ber.
568 2972 669 3016 Alc.
693 2972 838 3017 Rhen.
866 2988 964 3030 sqq.

75 3042 216 3086 usque
240 3028 294 3071 ad
318 3027 461 3086 Ryek.
487 3037 530 3072 et
551 3045 698 3088 nuper
722 3031 921 3087 quidam.

132 3113 384 3157 acinacem.
444 3111 521 3156 Sic
547 3112 648 3157 edd.
675 3113 706 3157 S
741 3112 792 3156 ir.
817 3112 962 3159 Rhen-

77 3183 179 3226 sqq.
249 3170 348 3213 MS.
382 3170 507 3213 Flor.
545 3172 661 3224 (test.
736 3170 832 3224 ict.)
867 3171 965 3218 aci-

78 3239 242 3271 nacen.
304 3227 404 3270 MS.
436 3226 590 3270 Guelf.
628 3228 729 3272 edd.
762 3227 865 3274 Put.
896 3228 966 3272 M.

80 3291 122 3326 et
140 3282 197 3327 V.
220 3284 323 3327 Ber.
348 3300 616 3340 aeynacem.

135 3353 291 3406 ripam
313 3357 390 3396 ad.
451 3354 527 3397 Sic
554 3354 689 3399 MSS.
715 3355 838 3399 Flor.
859 3356 969 3414 Reg.

81 3405 193 3465 Agr.
214 3410 315 3452 edd.
342 3410 460 3469 Spir.
485 3411 629 3469 Ryek.
655 3429 756 3471 sqq.
799 3418 879 3456 ad
898 3415 967 3457 ri-

77 3480 190 3519 pam
214 3466 314 3511 MS.
335 3467 483 3513 Guelf.
510 3470 611 3512 edd.
634 3469 738 3514 Put.
764 3470 831 3514 M.
855 3479 899 3515 et
912 3471 966 3517 V.

83 3520 223 3565 Rhea.
247 3540 346 3582 sqq.

133 3591 339 3646 flumini.
398 3597 480 3643 Ed.
505 3597 623 3655 Spir.
635 3571 855 3655 flumine.

1034 2054 1191 2100 'Gueifi
1216 2057 1465 2100 traditam.
1930 2085 1941 2107 κ»

1092 2121 1143 2157 ut
1163 2129 1325 2168 corpus
1348 2115 1495 2156 etiam
1519 2114 1799 2171 afferretur.
1828 2167 1830 2169 .
1853 2113 1932 2159 Sic

1035 2170 1172 2214 MSS.
1198 2172 1322 2215 Flor.
1345 2169 1616 2226 (test.·Vie‘t.'
1638 2189 1680 2216 c.
1699 2171 1780 2228 al.)
1803 2172 1931 2224 Harl.

1034 2229 1165 2272 Bodi.
1191 2229 1273 2272 les.
1300 2226 1452 2276 Guelf.
1481 2228 1575 2285 (hic
1596 2231 1930 2287 auferet-etur).

1034 2286 1188 2330 Recte.
1247 2286 1501 2330 Sententia:
1537 2295 1586 2330 ut
1611 2300 1777 2345 corpus
1798 2289 1930 2332 etiam

1035 2343 1288 2386 auferretur
1312 2359 1336 2386 a
1370 2342 1583 2396 flumine,
1629 2344 1799 2389 nemin
1843 2356 1929 2392 tna-

1035 2417 1122 2443 nus
1163 2400 1358 2443 hostium
1399 2401 1587 2445 veniret.
1632 2423 1633 2426 ¹
1661 2400 1772 2446 MS.
1809 2401 1941 2450 Eud..

1036 2465 1277 2514 corrupte:
1307 2465 1358 2499 ut
1379 2460 1522 2501 etiam
1541 2466 1714 2509 eortius.
1727 2468 1938 2506 nonjam—

1021 2514 1250 2571 [ενι-απ.
1309 2514 1566 2575 Edd..spir.
1588 2515 1701 2569 Pau,
1716 2517 1787 2561 M.
1811 2504 1938 2563 etv..

1036 2572 1138 2616 Ber.
1172 2570 1271 2615 Alc.
1302 2572 1448 2615 Rhen.
1481 2588 1579 2630 sqq.
1614 2587 1677 2618 ne
1713 2589 1751 2619 c.
1783 2575 1952 2623 etianv‘

1036 2629 1132 2685 auf
1177 2644 1244 2672 sc.
1267 2630 1320 2674 ab
1342 2629 1558 2673 hostibus,
1686 2635 1697 2641 ”

1093 2686 1270 2728 Iberos.
1333 2687 1435 2730 MS.
1469 2687 1581 2743 Agr.
1614 2691 1679 2732 ad
1705 2688 1927 2735 Hiberos.

1040 2743 1192 2800 Quare
1209 2742 1418 2786 Heinsius
1443 2744 1647 2801 volebat:
1677 2745 1931 2800 austeros,

1033 2803 1243 2857 patrium
1270 2802 1315 2842 in
1336 2816 1548 2854 regnum.
1607 2803 1694 2847 Sed
1716 2803 1808 2848 vid.
1830 2812 1934 2853 not.v

1039 2859 1094 2901 ad
1131 2873 1171 2901 c.
1205 2857 1275 2900 32.
1349 2858 1636 2904 Burmannus
1675 2861 1728 2903 ad
1763 2855 1928 2906 Caton-

1040 2916 1157 2959 diras
1177 2915 1297 2958 v.90.
1323 2915 1476 2970 (Anth.
1499 2923 1531 2959 t.
1553 2918 1601 2960 2.
1614 2934 1657 2976 p.
1670 2918 1787 2975 665.)
1810 2919 1927 2962 vult:

1038 2976 1139 3026 ipse
1185 2987 1408 3027 praeceps
1462 2973 1647 3027 Iberos,
1680 2992 1694 3003 =·
1714 2977 1931 3029 patrium

1038 3046 1256 3085 regnum,
1302 3031 1535 3085 pervadit.
1617 3031 1676 3075 of.
1723 3033 1931 3077 Oberlin.

1038 3089 1084 3131 in
1111 3096 1205 3132 not.
1233 3088 1457 3146 posthum.
1484 3087 1544 3140 ad⁴
1562 3089 1606 3133 h.
1633 3091 1663 3133 l.
1724 3089 1842 3133 Iberi
1870 3098 1931 3134 ta·

1039 3161 1145 3188 men
1196 3144 1278 3210 ipsi
1327 3152 1430 3187 sunt
1475 3147 1671 3203 patrium
1720 3163 1927 3204 regnum.

1039 3202 1141 3245 Non
1175 3203 1311 3260 igitur
1346 3201 1446 3244 illos
1480 3203 1632 3246 debuit
1669 3204 1932 3262 pervadere,

1039 3268 1089 3303 ut
1112 3261 1285 3302 veniret
1310 3259 1362 3301 ad
1387 3258 1578 3313 patrium
1603 3277 1818 3320 regnum,
1852 3262 1931 3307 sed

1039 3316 1188 3377 potius
1207 3317 1448 3373 pervadere
1473 3316 1517 3358 in
1543 3333 1634 3361 eos.

1047 3401 1051 3406 -
1095 3374 1278 3416 inluvie.
1368 3371 1681 3420 Laiiemandus
1725 3392 1748 3418 e
1777 3377 1928 3422 conie-

1040 3440 1168 3476 ctura
1193 3431 1226 3473 1.
1250 3432 1326 3474 Fr.
1350 3429 1579 3478 Gronovii
1601 3434 1764 3477 eluvie.

1098 3491 1356 3531 advertere.
1418 3487 1473 3530 Η.
1496 3505 1534 3533 e.
1559 3490 1930 3535 animadvertere.

1042 3545 1103 3591 cf.
1128 3554 1223 3589 not.
1249 3545 1303 3588 ad
1330 3545 1395 3597 14.
1418 3546 1488 3591 43.
1548 3547 1616 3595 Ed
1639 3547 1759 3607 Spir.
1789 3562 1929 3608 quer-

1043 3610 1171 3646 ter0.-
1627 3637 1630 3640 -
