2164 3990
2010 0 2031 17 ‘J
2038 15 2046 22 U
2056 3 2078 19 lx
2089 0 2095 5 '

2004 31 2007 35 '
2019 22 2076 67 aa

631 116 803 230 LIB.
826 167 994 231 XIV.
1065 164 1260 230 CAP.
1288 165 1392 230 42.
1415 166 1520 231 43.
1879 176 2007 236 289

142 326 278 365 cum
306 315 501 362 vetere
535 319 602 356 ex
633 318 798 356 more
831 297 1118 354 familiam
1153 318 1419 368 omnem,
1462 319 1613 375 quae
1651 303 1761 359 sub
1795 298 2013 364 eodem

142 403 293 451 tecto
336 375 785 454 mansitaverat,
836 384 912 439 ad
949 383 1306 458 supplicium
1342 383 1437 457 agi
1481 396 1805 460 oporteret,
1857 413 2002 448 con-

227 173 281 207 A.
300 169 356 205 U.
376 166 461 203 81⁵.

222 215 277 252 A.
295 211 346 252 C.
394 210 457 244 62.

141 494 317 533 cursu
364 470 585 548 plebis,
643 489 794 545 quae
831 479 920 524 tot
954 467 1229 524 innoxios
1273 470 1640 543 protegebat,
1695 492 1882 550 usque
1925 478 2020 534 ad*

141 558 490 617 seditionem
524 565 771 611 ventum
813 564 922 610 est:
980 564 1303 630 senatuque
1337 555 1402 609 in
1433 555 1560 629 ipso
1598 569 1766 614 erant
1804 563 1999 618 studia

139 644 389 701 nimiam
437 638 807 697 severitatem
846 639 1317 714 aspernantium,
1365 639 1637 713 pluribus
1669 638 1826 699 nihil
1863 666 1999 702 mu-

139 730 390 787 tandum
413 724 801 783 censentibus,
890 744 958 779 ex
990 723 1123 800 quis
1154 721 1218 783 C.
1239 722 1475 782 Cassius
1508 729 1830 797 sententiae
1866 730 1997 788 loco

138 815 204 872 in
227 810 389 872 hunc
414 810 663 867 modum
694 808 988 869 disseruit.

307 905 532 968 XLIII.
618 905 1100 981 „Saepenumero
1122 901 1209 964 .P.
1234 901 1302 964 C.
1326 904 1391 960 in
1419 902 1532 964 hoc
1562 908 1777 966 ordine
1811 910 1998 969 inter-

137 995 302 1068 „fui‚
345 1014 480 1051 cum
507 1002 711 1049 contra
739 990 1007 1049 instituta
1035 1002 1092 1047 et
1115 990 1271 1062 leges
1310 991 1605 1049 maiorum
1637 1013 1791 1052 nova
1829 1016 2027 1054 sena--

137 1093 277 1153 „tus
302 1080 533 1136 decreta
557 1077 1027 1152 postularentur,
1069 1094 1260 1150 neque
1297 1094 1427 1131 sum
1463 1079 1830 1151 adversatUS,
1871 1103 1998 1139 non

140 1165 326 1243 „quia
376 1162 713 1220 dubitarem
754 1181 929 1236 super
971 1159 1250 1217 omnibus
1288 1162 1535 1233 negotiis
1567 1164 1781 1222 melius
1820 1178 1997 1244 atque

139 1250 405 1323 „rectius
428 1247 575 1305 olim
597 1246 901 1321 provisum
931 1256 1017 1315 et,
1062 1264 1213 1321 quae
1239 1260 1749 1320 converterentur,
1793 1251 1859 1307 in
1893 1256 2000 1309 de·-

138 1335 368 1407 „terius
400 1330 646 1400 mutari,
690 1331 790 1386 sed
822 1349 898 1385 ne
931 1330 1119 1386 nimio
1158 1350 1357 1385 amore
1395 1333 1625 1409 antiqui
1657 1337 1840 1391 moris
1873 1351 1999 1396 stu-

136 1417 350 1491 „dium
373 1437 572 1474 meum
596 1416 871 1472 extollere
895 1414 1147 1474 viderer.
1234 1413 1428 1472 Simul
1453 1419 1745 1495 quidquid
1781 1412 1894 1480 hoc
1930 1419 1997 1480 in

139 1503 363 1577 „nobis
405 1500 769 1559 auctoritatis
816 1511 930 1570 est,
998 1499 1219 1557 crebris
1274 1503 1838 1562 contradictionibus
1894 1507 2000 1564 de-

138 1587 529 1661 „struendum
561 1606 687 1643 non
718 1586 1146 1655 existimabam,
1183 1596 1251 1642 ut
1283 1600 1548 1647 maneret
1581 1590 1904 1663 integrum,
1948 1594 1999 1650 si

141 1674 432 1754 „quando
484 1690 579 1730 res
627 1671 865 1748 publica
923 1671 1187 1729 consiliis
1229 1671 1499 1745 eguisset.
1602 1678 1764 1753 quod
1818 1673 2007 1736 hodie

196 1926 351 1964 vetere
373 1929 437 1961 ex
456 1926 606 1961 more.
664 1917 725 1960 cf.
747 1914 843 1960 Cic.
867 1930 967 1975 epp.
991 1916 1034 1970 4,

143 1977 215 2022 12.
274 1977 419 2020 Tacit.
441 1976 533 2020 An.
560 1974 628 2023 13,
647 1973 721 2033 32,

197 2055 461 2103 senatuque
501 2048 549 2088 in
592 2045 713 2099 ipso.
803 2043 879 2088 Sic
927 2044 1029 2088 edd.

139 2105 284 2151 Berne
317 2120 358 2162 g.
393 2099 604 2148 Gronov.
649 2099 792 2160 Ryck.
838 2117 936 2159 sqq.
982 2118 1031 2145 ex

138 2175 270 2208 emen
305 2159 453 2204 atione
493 2155 646 2217 Lipsii.
730 2157 864 2202 MSS.
899 2159 1025 2203 Flor.

135 2227 254 2278 (test.
285 2217 407 2262 Viet.
441 2229 481 2262 e.
513 2218 588 2274 al.)
628 2216 743 2259 Bud.
776 2215 926 2259 Guelf.
961 2233 1035 2261 ee-

137 2279 313 2336 tel-ique
360 2283 638 2331 senatu-sque
683 2276 734 2316 in
776 2290 864 2330 quo
913 2275 1030 2327 12os0.

137 2337 223 2380 Ed.
253 2333 375 2391 Spir.
404 2340 686 2387 senatusque
719 2333 768 2373 z'n
801 2347 888 2386 quo
915 2334 1029 2385 zpse.

135 2394 241 2437 MS.
263 2395 374 2446 Agr.
400 2396 683 2444 senatusque
704 2390 753 2429 in
784 2403 876 2443 quo
910 2390 1030 2441 ipsa.

135 2450 253 2496 Edd.
283 2448 387 2492 Put.
420 2446 497 2490 ‘Ma
528 2455 571 2489 et
592 2446 647 2489 V.
678 2444 892 2489 Beroald.
924 2443 1027 2487 Ale.

137 2514 332 2554 senatus
362 2502 410 2548 in
439 2518 530 2559 quo
559 2503 673 2558 ιζοεο.
745 2501 859 2544 Edd.
883 2500 1027 2544 Rhen.

136 2581 236 2624 sqq.
254 2569 532 2617 senatusque
553 2563 622 2616 (in
645 2574 736 2615 quo
763 2559 863 2612 ipso
888 2565 1031 2624 erant

136 2632 195 2668 st.
223 2636 271 2664 n.
296 2634 334 2663 s.
363 2619 489 2674 asp.)
516 2619 734 2671 pluribus
767 2624 851 2659 etc.
887 2624 936 2657 ut
969 2623 1030 2658 ita

137 2679 383 2736 coniungas
415 2683 697 2731 senatusque
727 2673 943 2729 pluribus
987 2681 1030 2716 et

137 2734 351 2783 voculam
378 2747 464 2790 que
493 2733 683 2791 accipias
718 2747 802 2788 pro
835 2743 1025 2796 quoque.

138 2791 198 2838 cf.
219 2799 320 2834 not.
342 2792 398 2834 ad
419 2792 463 2841 1,
485 2790 561 2833 28.
629 2788 716 2832 Sed
745 2804 800 2830 ne
835 2789 900 2831 sie
930 2803 1026 2845 qul-

138 2851 240 2893 dem
263 2843 385 2892 salva
404 2854 469 2890 est
490 2855 613 2889 vetus
635 2845 853 2901 seri-ptura
876 2853 919 2887 et
935 2861 1025 2888 me·

138 2907 227 2950 lior
260 2901 378 2948 haud
412 2903 548 2946 dubie
581 2902 717 2961 Lipsii
757 2901 1026 2953 emendatio,

136 2963 243 3008 licet
263 2963 319 3006 de
339 2961 437 3002 eius
455 2960 635 3003 veritate
659 2959 850 3003 dubitari
881 2959 1027 3003 adhuc

136 3019 298 3078 possit.
353 3017 471 3060 Nam
497 3018 544 3060 ni
570 3017 722 3060 omnia
746 3032 818 3059 me
848 3016 1026 3065 fallunt,

135 3074 327 3123 verbum
349 3073 534 3132 aliquod
556 3073 714 3118 excidit
730 3072 847 3115 inter
868 3088 1024 3126 asper-

134 3134 353 3177 nantium
368 3141 410 3174 et
421 3131 635 3184 pluribus
651 3130 718 3172 vel
736 3128 854 3187 alibi.
890 3131 1024 3173 Hein-

135 3192 229 3235 sius
259 3188 480 3234 eoniecit:
524 3195 720 3230 senatus
752 3187 861 3243 quin
891 3196 938 3231 et
971 3203 1024 3231 eo

136 3244 488 3305 ipsese-rebatur
508 3243 557 3287 ι”η
578 3247 747 3286 studia.

193 3318 486 3360 mutandum.
575 3313 678 3357 MS.
718 3314 842 3358 Flor.
890 3319 1023 3371 (test.

136 3376 254 3423 vict.
279 3389 385 3417 cum
410 3371 556 3425 Pich.)
583 3371 651 3413 ed.
676 3371 790 3428 Spir.
815 3375 1025 3415 multan-

136 3436 264 3475 dum.
310 3429 551 3487 Vulgatum
569 3437 749 3471 tuentur
760 3429 894 3475 MSS.
907 3431 1021 3474 Bud.

140 3487 290 3531 Guelf.
319 3486 417 3530 edd.
442 3485 622 3533 Puteol.
645 3501 742 3543 sqq..

224 3553 467 3604 Ticvrus
509 3551 585 3603 H.

1104 1927 1226 2017 vg?
1236 1916 1862 2034 v35‘1‘3'5012.>‘³¹‹‘:⁵0{}.f.s.{}g..Fffiss’ssfc‘t
1876 1924 1997 2038 {fg-{k

1102 2030 1248 2089 Ryek.
1270 2048 1320 2089 sq
1354 2064 1366 2075 .
1388 2062 1446 2068 -
1474 2049 1539 2075 ex
1558 2035 1717 2090 quibus
1729 2037 1860 2079 MSS.
1880 2039 1996 2081 Bud.

1101 2087 1226 2135 Harl.
1250 2048 1382 2133 Boiil.
1399 2091 1477 2133 les.
1494 2090 1648 2134 Guelf.
1674 2094 1775 2136 edd.
1804 2094 1908 2139 Put.
1929 2095 1994 2140 M.

1101 2155 1146 2189 et
1170 2146 1227 2189 V.-
1252 2146 1355 2190 Ber.
1376 2147 1477 2192 Alc.
1503 2148 1646 2193 Rhen.
1671 2166 1768 2208 sqq.

1161 2245 1273 2289 CAP.
1309 2247 1384 2291 43.
1445 2250 1613 2291 melius
1642 2261 1781 2307 atque
1811 2255 1997 2299 rectius,

1102 2303 1203 2347 MS.
1227 2304 1345 2347 Bud.
1370 2307 1542 2347 melius
1564 2323 1618 2348 ac
1640 2311 1828 2353 rectius,

1562 2390 1667 2434 MS.
1709 2390 1833 2435 Flor.
1877 2393 1993 2447 (tesi.

1102 2444 1220 2487 vict.
1260 2463 1299 2488 c.
1334 2446 1422 2489 Iac.
1452 2446 1675 2504 Gronov.)
1719 2448 1884 2491 omittit
1930 2451 1994 2492 in.

1101 2501 1160 2544 cf.
1187 2511 1283 2544 not.
1307 2504 1359 2544 ad
1383 2503 1424 2551 3,
1447 2502 1518 2548 34.
1548 2505 1626 2547 ubi
1657 2505 1730 2550 vel
1752 2506 1847 2548 sine
1870 2523 1995 2564 prae-

1101 2557 1325 2616 positione
1347 2561 1449 2603 talia
1469 2559 1561 2605 dici
1584 2578 1716 2619 posse
1740 2563 1995 2608 docuimus.

1159 2388 1210 2428 in
1254 2390 1474 2433 deterius.

1156 2643 1302 2684 nimio
1326 2656 1502 2686 amore.
1561 2645 1662 2688 MS.
1686 2645 1824 2688 Corb.
1853 2655 1895 2688 et
1925 2647 1995 2690 ed.

1100 2699 1219 2757 Spir.
1244 2715 1337 2742 uno
1359 2715 1533 2744 amore.
1594 2702 1763 2745 Eadem
1785 2703 1853 2746 ed.
1873 2703 1992 2763 Spi'r.

1098 2772 1200 2800 mox
1223 2758 1338 2800 iuris
1359 2774 1443 2815 pro
1468 2761 1633 2803 moris.

1155 2841 1356 2883 viderer.
1444 2841 1527 2885 Ed.
1570 2841 1780 2889 Beroald.
1831 2845 1993 2888 vitiose

1096 2898 1300 2948 viderem
1329 2898 1463 2955 idque
1477 2899 1704 2943 Victorius
1721 2917 1744 2943 e
1758 2901 1991 2946 MS.F101·.

1099 2954 1292 3012 correxit
1327 2955 1374 2997 in
1410 2957 1614 3008 viderer,
1658 2974 1770 3015 quae
1806 2969 1849 3003 et
1885 2959 1992 3003 alio-

1095 3027 1199 3056 rum
1226 3010 1447 3055 librorum
1475 3023 1540 3057 est
1560 3015 1802 3072 scriptura.

1154 3097 1387 3152 quidquid.
1447 3096 1533 3141 Ed.
1561 3097 1663 3154 Spir
1709 3100 1850 3172 (Ιυίσᾷ
1881 3100 1926 3145 h.
1953 3120 1976 3146 e

1095 3164 1363 3225 quiequarn‘.

1153 3256 1386 3293 maneret.
1449 3249 1550 3293 MS.
1576 3250 1700 3296 Flor.
1728 3253 1990 3312 (testiViet.)

1096 3317 1328 3352 manaret.
1347 3336 1405 3343 -—
1439 3308 1544 3350 Mox
1562 3310 1713 3351 evenit
1725 3309 1824 3353 MS.
1839 3310 1989 3356 Guelf.

1095 3366 1196 3409 edd.
1217 3364 1336 3420 Spir.
1356 3365 1558 3408 Rlienan.
1585 3381 1685 3423 sqq.
1741 3369 1868 3410 venit
1888 3370 1994 3413 edd.

1096 3424 1195 3466 Put.
1219 3422 1287 3465 M.
1313 3431 1354 3463 et
1379 3421 1435 3464 V.
1457 3422 1666 3467 Beroald.
1705 3424 1825 3478 (cum
1848 3425 1994 3468 silem.

1097 3480 1309 3535 Victorii)
1334 3478 1436 3521 Alc.

1447 3538 1502 3595 Τ
