2164 3990
1977 14 2001 34 r...
2013 0 2062 31 “f-{⁷2³

2120 103 2125 112 ι
2159 99 2164 117 ι

1759 230 1810 264 Α.
1829 227 1881 264 U.
1898 227 1984 266 ΜΒ..

1759 271 1809 308 Α.
1829 270 1876 308 C.
1926 272 1988 310 56.

227 228 347 287 146
399 190 404 203 ”
885 208 1409 318 ‘ANNALIUM

373 352 444 396 45.
474 351 730 412 Poppaeam
754 353 961 398 Sabinam
990 368 1138 396 amare
1158 352 1280 397 Nero
1313 353 1493 414 occipit.
1551 354 1681 399 Istius
1714 373 1878 416 genus,
1913 358 2077 414 forma,

228 426 358 467 opes,
390 426 562 464 mores,
591 411 900 461 matrimonia,
930 410 1118 454 adulter.
1175 411 1246 456 46.
1276 412 1381 455 Eius
1406 412 1591 465 maritus
1617 413 1766 464 Otho,
1797 424 1844 458 ut
1867 432 2076 461 amovea-

229 476 328 520 tur,
359 462 606 512 Lusitaniae
644 468 913 527 praeficitur.
992 467 1064 510 47.
1108 466 1248 512 Corn.
1278 468 1403 512 Sulla
1438 470 1627 530 principi
1661 480 1889 530 suspectus
1919 473 2076 518 Blassi-

230 524 333 567 liam
357 524 565 569 mittitur.
633 527 703 569 48.
736 524 934 568 Puteolis
957 524 1202 567 concordia
1225 527 1437 571 restituta.
1495 530 1568 571 49.
1602 529 1670 572 De
1695 545 1888 573 numero
1943 531 2075 575 ladia-

165 592 169 597 ‘
227 591 376 626 torum
404 582 631 641 Syracusis
651 583 927 626 edendorum
957 582 1229 638 disceptatio.
1277 583 1497 628 Thraseae
1523 586 1643 628 Paeti
1670 586 1839 644 opinio·
1923 590 1966 632 Ο.
1990 589 2076 631 Ve-

227 639 402 697 ctigalia
439 648 594 683 contra
628 640 821 682 Neronis
856 639 1073 696 impetum
1113 647 1295 683 retenta.
1371 643 1442 686 51.
1474 642 1831 687 Publicanos-um
1863 643 2076 704 iniquitas

229 705 480 755 temperata.
539 698 564 739 5
598 730 608 740 .
639 696 940 739 proconsules
960 695 1024 738 rei
1049 695 1254 739 absoluti.

371 753 439 797 53.
475 755 521 798 1..
587 764 680 797 etus
710 768 794 810 ope
817 751 1034 796 Mosellae
1066 760 1108 795 et
1132 752 1286 796 Araris
1306 753 1509 799 Rhenuui
1542 773 1644 800 cum
1670 756 1856 802 Oceano
1883 750 2075 816 'iungere

226 816 365 870 parat.
426 810 586 854 Obstat
607 810 723 853 Aelii
749 808 938 852 Gracilis
963 809 1144 853 invidia.
1203 810 1274 853 54.
1306 812 1432 854 Frisii
1456 813 1570 857 iuxta
1594 813 1799 858 Rhenum
1823 816 1947 859 sedes
1971 817 2074 874 lige·

228 885 274 911 re
298 868 461 912 frustra
482 876 723 911 conantur.
785 865 855 911 55.
887 866 1080 909 Eosdem
1109 883 1237 925 agros
1260 869 1482 912 Ansibarii
1515 887 1628 914 occu
1663 881 1738 915 ant
1770 873 1864 916 fato
1895 874 2071 917 eodem.

226 925 294 968 56.
325 925 527 969 Boiocali
548 924 812 968 constantia.
870 923 1094 968 Ansibarii
1117 924 1264 967 deleti.
1323 925 1392 967 57.
1425 925 1540 970 Catti
1562 929 1616 970 ab
1673 930 1959 974 ermunduris
1980 932 2074 973 fere

227 983 282 1027 ad
314 983 494 1027 exitium
522 980 662 1039 gentis
695 981 824 1024 caesi.
885 982 1012 1039 Ignes
1045 989 1159 1024 terra
1191 981 1296 1025 editi
1330 983 1397 1025 vix
1430 985 1647 1042 oppressi.
1718 986 1790 1029 58.
1823 987 1954 1032 Ficus
1984 988 2073 1030 Ru-

226 1038 420 1084 minalis.
482 1038 617 1082 Gesta
645 1039 752 1082 haec
779 1038 907 1082 annis
930 1047 1142 1095 quattuor

369 1111 491 1142 1MP.
526 1107 786 1139 CLAUDIO
818 1108 973 1139 NERO
994 1109 1058 1138 ΝΕ
1101 1110 1160 1138 ΕΤ
1202 1109 1243 1140 1..
1281 1109 1570 1140 ANTIS'MO
1606 1110 1860 1149 VETERE,

373 1168 419 1208 Q·
452 1165 706 1199 VOLUSIO
750 1167 808 1197 ΕΤ
840 1167 881 1196 P.
918 1165 984 1196 co
1004 1166 1226 1196 RNELIO
1266 1167 1573 1207 SC1P10NE‚

372 1225 492 1255 ῙΜΡ.
532 1223 793 1254 CLAUDIO
835 1223 990 1254 NERO
1009 1225 1090 1254 ΝΕ.
1112 1225 1167 1254 11.
1197 1225 1255 1254 ΕΤ
1283 1226 1324 1255 L.
1356 1224 1693 1256 CALPURNIO
1733 1227 1975 1265 PisONE,

371 1283 496 1312 lMP.
558 1279 815 1312 CLAunlo
881 1282 1140 1314 NERONE.
1190 1283 1262 1313 111.
1318 1283 1378 1313 Er
1440 1282 1706 1316 VALERIO
1777 1283 2076 1320 MESSALLA

479 1338 504 1370 C
518 1337 545 1368 Ο
558 1337 578 1368 S
591 1337 628 1370 S·

394 1581 438 1643 I.
497 1551 715 1640 Prima
750 1604 905 1641 novo
941 1583 1279 1660 principatu
1312 1605 1472 1642 mors
1498 1583 1671 1642 'Iunii
1708 1584 1900 1644 Silani
1933 1603 2077 1661 pro-

226 1670 483 1727 consulis
525 1665 702 1729 Asiae
765 1669 972 1743 ignaro
1019 1668 1256 1726 Nerone
1311 1691 1416 1746 per
1467 1671 1691 1731 dolum„
1713 1669 2075 1746 Agrippinae

223 1766 492 1831 paratur,
545 1775 670 1813 non
713 1756 853 1832 quia
892 1755 1120 1830 ingenii
1153 1756 1435 1814 violentia
1473 1753 2078 1838 exitum-inritaverit,

734 1959 1580 2007 COMMENTARIUS.

282 2057 392 2102 CAP.
421 2058 462 2101 1.
521 2055 688 2100 Silani.
747 2056 824 2100 Sic
854 2056 951 2099 MS.
988 2057 1112 2101 Flor.
1184 2058 1263 2107 sit,
1290 2058 1426 2101 fuisse
1458 2066 1651 2101 mortem
1673 2055 1789 2099 Iunii
1812 2054 1978 2107 Silani,
2008 2054 2075 2100 id·

227 2115 343 2170 (test.
374 2112 518 2169 Vict.)
562 2113 647 2156 edd
707 2122 895 2156 reeentt.
941 2114 1044 2158 inde
1089 2131 1112 2157 a
1184 2132 1270 2173 que
1299 2115 1383 2158 sibi
1415 2117 1510 2161 vult
1541 2123 1713 2159 auctor.
1779 2113 1901 2156 Tum
1940 2113 2074 2156 etiam

223 2171 360 2230 Lipsii
394 2171 555 2229 prima.
625 2170 799 2213 Sillani
825 2171 926 2214 MS.
960 2171 1109 2216 Guelf.
1177 2188 1265 2229 per
1295 2175 1455 2216 dolum
1490 2182 1684 2215 mortem
1718 2171 1876 2214 melius
1903 2170 2076 2225 parari

224 2229 324 2273 edd.
346 2236 458 2282 yett.
484 2228 543 2271 cf.
568 2239 664 2272 not.
687 2229 739 2270 ad
760 2230 801 2279 2,
822 2228 864 2271 4.
890 2237 931 2271 et
954 2228 1074 2272 alibi.
1165 2247 1314 2289 ¹quam
1334 2231 1530 2284 patrari
1558 2228 1646 2272 dici
1677 2245 1855 2272 censeo.
1918 2227 2074 2284 Quare

273 2286 580 2341 proconSulis.
661 2285 764 2329 MS.
799 2285 950 2329 Guelf.
991 2302 1112 2342 pro·
1183 2287 1311 2331 nolui
1343 2303 1367 2331 a
1397 2296 1485 2330 vett
1540 2286 1664 2329 libris
1701 2286 1928 2330 recedere.
2011 2284 2072 2328 cf.

221 2345 438 2387 cunsult'S.
1185 2361 1226 2388 c.
1252 2345 1323 2388 38.
1353 2354 1403 2387 ut
1431 2348 1567 2396 dulus
1592 2349 1867 2397 pararetur.
1926 2342 2074 2387 Kiess·

219 2428 226 2437 ι
273 2410 494 2456 paratur.
555 2399 633 2444 Sic
653 2399 752 2444 libri
771 2407 871 2443 vett..
894 2407 1112 2457 quantum
1184 2402 1348 2460 lingius
1373 2418 1552 2445 mecum
1574 2399 1813 2444 consentit.
1975 2419 1980 2425 “

222 2466 397 2501 constat
422 2473 594 2500 omnes.
656 2457 850 2500 Plurimi
874 2466 1025 2501 tamen
1047 2457 1111 2499 in·
1241 2460 1478 2503 violencia.
1540 2459 1593 2501 ln
1627 2457 1694 2501 ed.
1718 2455 1839 2517 Spir.
1872 2455 1961 2501 hoc
1993 2471 2072 2500 vo·

1183 2518 1395 2561 cabuluin
1419 2517 1556 2560 deest.

1241 2576 1437 2617 exitum.
1500 2571 1684 2615 Variant
1707 2571 1822 2615 libri.
1874 2571 2072 2614 exitium

1181 2631 1280 2675 MS.
1304 2632 1414 2689 Agr.
1441 2630 1543 2673 edd.
1570 2637 1758 2672 recentt.
1782 2627 2071 2672 suadentibus

1181 2689 1364 2731 Aurelio
1379 2696 1421 2730 et
1435 2685 1756 2729 Freinshemio.
1805 2686 1985 2728 exitum
2002 2701 2072 2730 ce·

221 2524 438 2574 terpretes
466 2516 637 2557 malunt
659 2522 898 2568 patratur.
960 2514 1019 2559 cf.
1046 2517 1112 2567 11,

221 2573 292 2616 28.
327 2574 590 2629 multasque
621 2581 799 2615 mortes
828 2573 954 2616 iussu
983 2572 1107 2615 Mes-

221 2630 427 2680 sallinae
454 2638 705 2684 patratas;
743 2631 783 2680 2,
811 2630 881 2672 39.
910 2638 1109 2685 patrata

221 2691 390 2738 caede;
428 2686 470 2736 4,
492 2687 560 2730 57.
595 2691 734 2729 caede
767 2688 868 2730 eius
889 2696 1106 2743 patrata.

218 2744 445 2801 Recepere
477 2760 574 2787 eam
601 2745 908 2788 coniecturam
930 2745 1110 2802 Bipout.

221 2801 428 2845 Oberlin.
456 2817 557 2859 sqq.
621 2802 854 2845 Ernestius
889 2803 999 2847 vidi}
1032 2817 1111 2859 per

218 2874 264 2902 se
290 2857 537 2901 formulam
569 2868 772 2901 mortem
801 2875 981 2913 parare
1013 2875 1108 2901 non

218 2916 403 2966 habere,
445 2930 535 2972 quo
566 2916 845 2960 offendamur
886 2917 966 2972 (cf.
998 2915 1108 2959 His-t.

217 2975 260 3021 4,
285 2974 354 3016 58.
382 2973 582 3015 exitium
609 2975 797 3029 parari.
860 2975 948 3018 An.
976 2974 1012 3024 1,
1034 2973 1104 3016 39.

217 3030 266 3082 3,
304 3030 372 3073 54.
418 3034 608 3072 caedem
647 3039 860 3086 parant‚·
930 3029 1004 3081 14,
1039 3030 1107 3073 58.

217 3088 392 3132 Plauto
414 3091 588 3141 parari
604 3092 802 3144 necem);
835 3089 911 3132 sed
938 3087 1107 3146 requiri

219 3145 441 3195 dativum,
467 3160 570 3188 'nec
601 3145 841 3201 genitivum
871 3145 1002 3187 Iunii
1030 3144 1104 3186 Sc·-

218 3203 332 3244 lani.
411 3202 475 3244 Ea
519 3212 666 3245 tamen
712 3202 865 3260 opinio
907 3202 1106 3259 argutior

218 3273 310 3300 esse
351 3259 536 3302 videtur.
619 3260 734 3302 Nam
772 3261 826 3303 ad
858 3261 1103 3303 extremum

217 3314 334 3356 idem
370 3323 457 3364 est,
495 3318 584 3360 sive
614 3318 781 3361 scribas
814 3332 945 3360 mors
981 3316 1111 3358 Iunii

216 3369 374 3413 Silam·
395 3383 627 3423 paratur,
671 3373 761 3418 siv-e
798 3390 933 3418 mors
962 3375 1103 3416 Iunio

215 3426 384 3469 Silano
421 3438 647 3481 paratur,
701 3432 782 3474 nisi
827 3432 948 3489 quod
991 3431 1102 3475 illud

212 3485 465 3542 accuratius
503 3485 718 3543 significet
754 3489 948 3547 primam
982 3505 1101 3531 mor-

213 3549 329 3590 tem,
369 3557 481 3599 quae
513 3558 635 3604 novo
670 3546 927 3605 principatu
950 3554 1099 3605 parata

1181 2745 1262 2787 teri
1282 2745 1415 2788 codd.
1431 2744 1566 2787 MSS.
1590 2752 1631 2786 et
1647 2742 1750 2786 edd.
1770 2751 1875 2787 vett.
1897 2757 2070 2795 omnes,

1181 2818 1292 2860 quae
1335 2803 1558 2860 scriptura
1608 2816 1747 2868 quum
1784 2809 1888 2858 apto
1936 2814 2072 2844 seusu

1179 2859 1415 2904 videbatur
1455 2858 1657 2909 destitui,
1701 2858 1829 2902 cessit
1865 2857 2071 2901 emenda·

1179 2916 1306 2959 tioni.
1363 2916 1527 2959 Eadem
1563 2914 1773 2959 confusio
1803 2923 1869 2958 est
1890 2914 2004 2958 Hist.
2024 2914 2070 2964 2,

1178 2975 1251 3017 49.
1311 2974 1465 3017 Potest
1498 2981 1647 3015 tamen
1674 2988 1757 3031 pro
1789 2975 1966 3015 exitum
1994 2972 2070 3019 nd·

1179 3032 1286 3074 ferri
1313 3031 1438 3075 locus
1455 3033 1542 3074 An.
1565 3032 1604 3081 1,
1617 3033 1685 3074 10.
1703 3032 1856 3074 Cassii
1876 3037 1919 3071 et
1933 3030 2066 3073 Bru-

1179 3096 1336 3131 torum
1362 3090 1546 3131 exitus.-
1587 3096 1627 3129 et
1651 3087 1754 3130 alibi
1778 3087 1944 3130 Nostro
1975 3102 2067 3130 sae·

1178 3146 1357 3204 pissime
1394 3162 1495 3190 voe.
1522 3147 1675 3187 exitus
1709 3144 1868 3187 eodeni
1902 3143 2067 3210 signifi-

1178 3212 1277 3247 catu
1312 3203 1509 3261 ponitur.
1599 3201 1752 3257 Quare
1785 3217 1876 3244 non
1916 3201 2062 3252 video,

1178 3276 1257 3303 eur
1281 3270 1366 3303 vett
1407 3260 1546 3303 libros
1570 3274 1842 3316 spernamus.
1900 3256 1978 3301 Sic
1997 3259 2066 3300 in-

1174 3320 1323 3360 ritare
1341 3319 1576 3372 proelium
1602 3317 1711 3359 nist.
1733 3317 1776 3364 9,
1794 3312 1868 3358 24.
1922 3314 2065 3372 suspi-

1174 3377 1325 3417 ciones
1348 3375 1458 3418 Hist.
1482 3374 1521 3426 3,
1540 3376 1582 3417 4.

1231 3434 1509 3474 inritaverit.
1586 3430 1661 3474 Sic
1693 3428 1793 3472 edd.
1827 3429 1947 3489 Spir.
1979 3428 2062 3472 Be·

1175 3490 1319 3532 roald.
1357 3491 1452 3533 Alc.
1485 3487 1629 3531 Rhen.
1653 3503 1752 3545 sqq.
1822 3486 1898 3531 Sic
1925 3486 2058 3529 etiam

1173 3546 1276 3591 MS.
1297 3547 1411 3590 Bud.
1435 3563 1458 3590 a
1480 3563 1572 3589 sec.
1598 3561 1659 3590 m.
1729 3542 1962 3588 Ernestius
1993 3559 2060 3588 re-
