2164 3990
143 225 191 263 Α.
207 224 259 260 U.
276 223 362 259 819.

143 268 255 306 A.C.
299 265 361 300 66.

491 180 498 183 ν
546 223 718 283 LIB.
754 223 887 284 xv,
966 213 1291 284 CAR'se.
1326 227 1426 284 63.

1222 41 1227 45 ’
1278 55 1314 89 e

1787 227 1915 287 405³
1941 318 1947 321 ῃ

59 364 124 419 in
160 359 403 426 modum
438 353 757 413 coercentis
795 354 869 409 ad
901 352 1333 410 firmitudinem
1362 367 1597 412 revocat
1631 347 1909 429 rogitatis,

57 447 165 504 ubi
188 451 494 520 praecepta
521 438 877 512 Sapientiae?
920 438 1025 496 ubi
1051 448 1136 494 tot
1158 457 1264 512 per
1288 457 1474 495 annos
1498 441 1780 498 meditata
1812 437 1917 500 ra·-⁴

57 533 141 589 tio
168 531 478 587 adversum
504 522 917 580 imminentia?
975 523 1070 580 cui
1100 522 1259 578 enim
1290 522 1555 596 ignaram
1577 525 1755 581 fuisse
1781 546 1907 582 sae-s

57 616 264 673 vitiam
312 607 566 670 Neronis
579 608 608 662 ’.Ρ

707 627 897 684 neque
942 608 1105 665 aliud
1145 627 1443 685 superesse
1490 621 1620 683 post
1662 623 1908 668 matrem

56 701 412 774 fratremque
438 695 772 751 interfectos
806 713 982 769 quam
1020 705 1088 749 ut
1123 693 1455 749 educatoris
1487 697 1909 769 praeceptoris-

57 807 173 863 que
197 801 399 842 necem
425 779 717 837 adiiceret.

224 863 447 931 LXIII.
502 862 624 921 Ubi
645 859 786 919 haec
815 874 988 938 atque
1012 862 1148 918 talia
1178 863 1241 917 in
1275 868 1586 920 commune
1614 865 1908 935 disseruit,

55 952 464 1029 complectitur
498 969 742 1006 uxorem
788 960 844 1005 et
886 948 1195 1022 paululum
1231 949 1508 1005 adversus
1546 957 1910 1024 praesentem

55 1038 467 1099 fortitudinem
503 1033 769 1091 mollitus
808 1044 971 1106 rogat
1007 1044 1277 1108 oratque,
1319 1045 1672 1108 temperaret
1692 1034 1908 1104 dolori,

57 1283 221 1339 Eadem
255 1295 357 1325 cum
383 1276 486 1321 MS.
508 1275 630 1321 Flor.
663 1276 780 1328 (test.
806 1272 944 1328 Vici.)

57 1346 93 1416 ᾇ
114 1361 319 1398 matrem
342 1364 424 1405 pro
444 1354 554 1414 post
574 1353 794 1386 matrem.
828 1342 945 1385 Dein

56 1414 150 1457 sola
203 1412 239 1481 ᾇ
282 1410 547 1450 educatoris
587 1417 669 1457 pro
711 1417 854 1457 qnam
895 1408 945 1442 ut

54 1479 331 1526 educatoris.
380 1473 460 1518 cf.
494 1481 590 1516 not.
629 1472 681 1515 ad
718 1475 755 1520 1,
788 1472 830 1514 9.
871 1471 945 1514 ubi

55 1528 257 1584 similiter
294 1534 366 1578 ed.
401 1532 510 1575 Ber.
555 1530 720 1574 omittit
762 1537 812 1571 ut
847 1538 948 1588 post

53 1590 210 1655 quam.

112 1669 176 1709 od
191 1659 560 1733 firmitudinem.

53 1724 227 1771 omitt-t
243 1724 319 1764 ad.

113 1794 224 1838 CAP.
265 1789 338 1833 63.
423 1788 471 1831 in
521 1801 778 1829 commune.
868 1786 945 1829 Sic,

55 1850 189 1897 MSS.
225 1849 334 1905 Reg.
364 1845 480 1888 Bud.
519 1844 619 1887 edd.
645 1843 852 1886 Beroald.
883 1846 940 1899 (c.

55 1910 198 1956 silent.
220 1906 359 1961 Vict.)
393 1912 436 1946 et
467 1902 571 1945 dein
604 1901 780 1944 Ernest.
815 1900 941 1943 Brot.

53 1983 147 2034 sqq.
180 1994 239 2003 -
300 1964 426 2005 velut
467 1960 516 2002 in
562 1973 805 2001 commune
839 1958 941 2000 edd.

52 2027 172 2083 Spir.
204 2023 308 2065 Pnt.
342 2019 408 2062 M.
441 2024 485 2060 et
507 2016 564 2060 V.
598 2015 702 2060 Alc.
735 2015 940 2058 Rhenan.

53 2098 154 2141 sqq.
179 2080 231 2123 ad
247 2075 589 2121 Ernestium.-—-
618 2076 741 2127 ultro
756 2075 803 2114 in
822 2087 940 2113 com·

53 2154 192 2183 mune
215 2134 352 2179 MSS.
377 2132 498 2175 Harl.
523 2129 676 2176 Guelf.
704 2154 760 2161 —
811 2133 941 2171 ultra

52 2198 100 2241 in
121 2212 157 2243 c.
181 2193 284 2236 MS.
307 2191 393 2233 les.
454 2187 584 2243 Quae
611 2186 646 2230 si
672 2187 944 2237 contuear-is,

51 2261 170 2314 patet
191 2263 350 2310 parum
371 2245 648 2291 auctoritatis
665 2246 814 2287 adesse
833 2243 940 2287 scri-

51 2320 207 2371 pturae
228 2309 371 2349 velut.
384 2344 395 2356 ,

109 2387 153 2425 et
180 2379 441 2434 paululum.
505 2372 581 2416 Sic
603 2371 706 2414 MS.
733 2371 856 2414 Flor.
891 2371 939 2424 (t.

54 2439 194 2492 Vici.)
228 2433 331 2478 edd.
357 2432 474 2490 Spir.
497 2429 703 2472 Rbenan.
735 2428 939 2482 (fortasse

53 2494 196 2541 eMS.
220 2490 352 2546 Bud.)
389 2505 489 2547 sqq.
559 2487 800 2531 Omittitur
825 2491 870 2526 et
894 2485 939 2526 in

54 2553 156 2598 edd.
189 2550 291 2594 Put.
323 2547 392 2590 M.
429 2555 471 2588 et
496 2545 552 2590 V.
587 2542 798 2586 Beroald.
828 2542 941 2590 Alc„

52 2626 169 2670 quae
191 2607 398 2650 mollitus
411 2602 591 2647 trahunt
613 2600 666 2645 ad
689 2600 940 2654 complecti-

53 2677 143 2711 tur.
203 2664 304 2709 MS.
332 2660 482 2724 Quelf.
502 2661 853 2715 paululumque.

107 2741 336 2782 adversus
365 2737 660 2788 praesentem
685 2728 939 2783 fortitudi-

29 2811 159 2840 ·nem
183 2792 404 2836 mollitus.
462 2788 536 2831 Sic
555 2786 658 2829 MS.
677 2786 797 2828 Flor.
825 2788 939 2839 (test.

54 2852 295 2898 vien-eum
319 2845 520 2901 Picbeu.)
554 2843 654 2887 edd.
677 2841 803 2886 Pich.
842 2858 937 2900 sqq.

53 2910 110 2954 ad
141 2903 395 2955 Ernestium
431 2910 474 2944 et
497 2901 776 2952 Broterium,
807 2901 882 2956 qui
920 2915 942 2942 e

54 2965 192 3011 MSS.
222 2962 344 3006 Harl.
380 2960 460 3003 les.
497 2958 611 3003 Bud.
650 2959 755 3015 Agr.
789 2955 943 3000 Guelf.

54 3023 157 3068 edd.
178 3020 298 3077 Spir.
319 3018 422 3061 Put.
440 3015 646 3059 Beroald.
671 3014 773 3058 Alc.
796 3014 941 3057 Rben.

56 3079 292 3135 Atd.Lips.
316 3080 617 3131 reposuerunt
627 3071 942 3127 formidinem

85 3153 138 3180 ro
151 3133 491 3191 sortimdinem
505 3163 515 3180 ‚
545 3137 588 3171 et
609 3145 631 3172 e
653 3128 791 3194 MSS.
811 3127 938 3171 Harl.

78 3212 136 3239 es.
158 3190 308 3238 Guelf.
345 3190 451 3245 Agr.
490 3186 561 3230 ed.
594 3184 711 3243 Spir.
749 3187 941 3228 molitus

86 3266 139 3296 ro
178 3247 410 3296 mollitus,
461 3243 583 3302 quod
624 3250 687 3286 est
723 3242 769 3285 in
804 3242 938 3286 MSS.

98 3323 164 3366 eg.
198 3323 222 3349 a
244 3312 323 3364 pr.
353 3319 415 3347 m.
443 3302 550 3357 (sec.
574 3317 635 3343 m.
661 3299 779 3343 dedit
801 3301 937 3341 mole·-

55 3356 938 3485 &3312ss.¹³⁰,‘}}·1..⁶.‘1¹{¹.;.¹}‘¹21.⁵.3‘¹1312‘3

57 3486 287 3581 sats-12¹:
326 3474 943 3587 .{’·}}¹.⁰.2215...z0.“¹3:.:f33;

642 1657 742 1701 MS.
791 1655 944 1700 Guelf-

1020 1272 1144 1329 sequi
1170 1272 1485 1317 Puteolanum.
1546 1272 1634 1318 Sed
1658 1274 1712 1319 de
1729 1275 1911 1331 formi-¹

1019 1331 1128 1372 dine
1165 1330 1315 1372 nullus
1347 1329 1420 1374 hic
1452 1347 1601 1374 sermo
1624 1339 1700 1374 est.
1763 1332 1909 1375 Immo

1017 1397 1256 1445 postquam
1274 1387 1454 1431 Tacitus
1479 1388 1584 1430 dixit
1607 1389 1661 1430 de
1683 1389 1910 1447 intrepido

1019 1445 1099 1486 viri
1122 1446 1273 1487 animo
1299 1445 1547 1487 amicorum
1563 1445 1769 1490 lacrimas
1793 1447 1924 1491 ultro-

1021 1501 1313 1560 increpantis,
1352 1502 1510 1545 transit
1537 1502 1624 1546 iam
1654 1502 1708 1546 ad
1738 1503 1905 1547 deseri·¹

1017 1559 1217 1602 bendum
1243 1559 1457 1611 modum,
1499 1575 1589 1617 quo
1612 1558 1687 1602 ille
1718 1576 1824 1603 usus
1854 1562 1910 1604 sit

1020 1617 1066 1660 in
1100 1632 1296 1660 uxorem.
1356 1617 1578 1660 Nimirum
1604 1617 1650 1659 in
1677 1616 1791 1660 hanc
1812 1634 1906 1662 non

1019 1674 1204 1716 eandem
1230 1672 1538 1716 fortitudinem
1563 1675 1810 1733 usurpavit,
1833 1673 1907 1718 sed

1018 1730 1248 1788 paululum
1272 1730 1472 1775 mollitus
1493 1732 1694 1789 rogando
1717 1733 1908 1781 orandu-

1019 1805 1103 1846 que
1158 1789 1266 1845 egit,
1328 1804 1419 1831 non
1463 1790 1585 1846 quasi
1629 1789 1906 1832 firmitudine

1017 1844 1150 1888 animi
1174 1846 1219 1887 in
1243 1846 1392 1888 uxoris
1420 1846 1654 1903 complexu
1685 1845 1910 1897 exciderit,

1013 1903 1089 1946 sed
1132 1903 1280 1944 uxoris
1323 1919 1451 1959 causa
1499 1911 1659 1961 sponte
1705 1904 1905 1946 animum

1012 1960 1201 2002 mollivit
1239 1969 1369 2016 atque
1402 1976 1676 2003 sermonem.
1751 1960 1907 2016 Quare

1014 2016 1178 2060 dicitur
1208 2020 1434 2059 adversus
1460 2026 1739 2075 praesentem
1770 2018 1904 2062 sorti·

1011 2074 1213 2116 tudinem
1233 2073 1448 2117 mollitus.
1493 2074 1787 2119 Germanice:
1809 2079 1910 2118 und

1010 2133 1158 2172 wider
1191 2134 1265 2172 die
1297 2132 1375 2172 z'lm
1405 2134 1768 2175 beherr·schende
1804 2133 1904 2186 Un-

1015 2190 1463 2231 ersclziuterlichkeit
1511 2191 1586 2232 ein
1629 2191 1781 2245 wenig
1825 2194 1906 2234 be-

1013 2254 1151 2299 wegt.

1071 2323 1211 2368 rogat
1239 2323 1446 2371 oratque.
1509 2317 1786 2375 Synonyma.
1849 2319 1905 2363 cf·

1013 2371 1145 2415 Roth.
1167 2388 1210 2430 p.
1227 2374 1294 2415 17.
1357 2374 1432 2417 Sic
1452 2374 1567 2432 apud
1580 2374 1838 2418 Sallustium
1865 2384 1907 2421 et

1012 2429 1188 2471 Livium
1228 2444 1368 2472 orare
1401 2438 1446 2472 et
1478 2432 1734 2475 obsecrare.
1800 2432 1903 2478 MS.

1012 2485 1128 2527 Bud.
1161 2494 1269 2528 orac
1298 2495 1537 2544 rogatque.
1575 2513 1631 2523 -—
1691 2488 1902 2535 Ceterum

1012 2542 1229 2602 xiphilin.
1245 2543 1314 2594 62,
1335 2545 1405 2587 25.
1433 2546 1477 2588 in
1495 2545 1722 2590 tradendis
1745 2546 1810 2591 his
1834 2564 1902 2592 re·

1012 2601 1095 2643 bus
1127 2616 1149 2642 a
1187 2600 1345 2644 Tacito
1385 2601 1588 2646 diversus
1620 2613 1698 2647 est.
1787 2603 1903 2650 Nam

1011 2656 1072 2700 is:
1123 2654 1146 2701 ὁ
1182 2658 1233 2701 δὲ
1270 2657 1326 2714 δὴ
1354 2662 1554 2709 Σενέκας
1584 2659 1779 2718 ἠθέλησε
1813 2663 1904 2722 μὲν

1013 2716 1088 2757 καὶ
1139 2714 1220 2770 τὴν
1260 2721 1459 2773 γυναῖκα
1499 2722 1742 2763 Παυλῖναν
1781 2719 1900 2766 ἄπο-

1010 2776 1184 2816 κτεῖναι
1205 2789 1244 2815 κ,
1272 2790 1310 2817 τ.
1338 2777 1377 2817 λ.

1068 2851 1350 2897 temperaret
1372 2847 1547 2896 dolori,
1565 2861 1627 2889 ne
1647 2855 1900 2896 aeternum

1012 2903 1273 2955 susmjoeret.
1357 2902 1433 2947 Sic
1462 2903 1600 2948 MSS.
1637 2904 1753 2950 Bud.
1788 2908 1898 2967 Agr.

1013 2958 1113 3000 edd.
1138 2957 1255 3017 Spir.
1288 2959 1390 3003 Put.
1415 2961 1621 3010 Beroald‚
1653 2965 1717 3016 (c.
1752 2963 1899 3010 silent.

1014 3014 1146 3070 Vici.)
1172 3015 1274 3067 Alc.
1297 3017 1441 3062 Rhen.
1463 3035 1482 3061 s
1518 3034 1559 3074 q.
1622 3019 1680 3063 At
1705 3019 1900 3066 Picbena

1012 3080 1119 3115 teste
1142 3071 1187 3114 in
1214 3073 1313 3117 MS.
1336 3075 1458 3118 Flor.
1487 3034 1658 3134 (iegitur
1689 3081 1927 3128 dolorem‘

1011 3137 1274 3173 aeternum.
1380 3132 1513 3176 MSS.
1569 3133 1720 3178 Guels.
1775 3135 1898 3182 Harl.

1011 3186 1144 3229 Bodl.
1173 3188 1254 3230 les.
1285 3191 1519 3238 dolorem,
1552 3204 1614 3232 ne
1643 3199 1900 3238 aeternum.

1012 3243 1045 3286 Ι.
1092 3243 1167 3286 Fr.
1213 3243 1473 3290 Gronovius
1514 3248 1764 3306 corrigebat
1810 3253 1900 3297 sic:

1013 3308 1293 3355 temperaret
1313 3306 1526 3352 dolorem
1541 3314 1786 3350 aeternum
1803 3324 1899 3355 sus.

1013 3359 1174 3411 cipere.
1269 3359 1355 3403 Sed
1404 3360 1630 3406 lubentius
1666 3366 1800 3409 credo
1844 3382 1901 3411 ne

1014 3413 1057 3457 in
1093 3415 1215 3458 Flor.
1250 3416 1406 3460 abiisse
1441 3418 1484 3461 in
1517 3434 1564 3460 m
1589 3428 1721 3479 atque
1745 3423 1900 3469 adhae-

1013 3473 1116 3514 sisse
1160 3475 1450 3529 praecedenti
1490 3477 1728 3521 vocabulo.
1813 3481 1901 3530 Lit-

1015 3538 1130 3573 teras
1163 3545 1186 3573 e
1218 3539 1259 3574 et
1291 3532 1312 3575 ι’
1341 3532 1387 3577 in
1411 3532 1544 3577 MSS.
1580 3536 1752 3595 saepius
1785 3555 1899 3584 oon·
