<?xml version="1.0" encoding="UTF-8"?>
<!DOCTYPE html PUBLIC "-//W3C//DTD XHTML 1.0 Transitional//EN"
    "http://www.w3.org/TR/xhtml1/DTD/xhtml1-transitional.dtd">
<html xmlns="http://www.w3.org/1999/xhtml" xml:lang="en" lang="en">
 <head>
  <title>
</title>
<meta http-equiv="Content-Type" content="text/html;charset=utf-8" />
  <meta name='ocr-system' content='tesseract 3.04.00' />
  <meta name='ocr-capabilities' content='ocr_page ocr_carea ocr_par ocr_line ocrx_word'/>
</head>
<body>
  <div class='ocr_page' id='page_1' title='image "./operarecensuitet02taciuoft_0046.png"; bbox 0 0 2164 3990; ppageno 0'>
   <div class='ocr_carea' id='block_1_1' title="bbox 1777 254 2013 338">
    <p class='ocr_par' dir='ltr' id='par_1_1' title="bbox 1777 254 2013 338">
     <span class='ocr_line' id='line_1_1' title="bbox 1777 254 2013 295; baseline 0.017 -4"><span class='ocrx_word' id='word_1_1' title='bbox 1777 254 1829 292; x_wconf 77' lang='lat' dir='ltr'><strong>A.</strong></span> <span class='ocrx_word' id='word_1_2' title='bbox 1847 255 1900 291; x_wconf 88' lang='lat' dir='ltr'><strong>U.</strong></span> <span class='ocrx_word' id='word_1_3' title='bbox 1924 255 2013 295; x_wconf 80' lang='lat'><strong>800.</strong></span> 
     </span>
     <span class='ocr_line' id='line_1_2' title="bbox 1778 299 2009 338; baseline 0.013 -4"><span class='ocrx_word' id='word_1_4' title='bbox 1778 303 1832 335; x_wconf 83' lang='lat' dir='ltr'><strong>A.</strong></span> <span class='ocrx_word' id='word_1_5' title='bbox 1855 299 1901 335; x_wconf 90' lang='lat' dir='ltr'><strong>C.</strong></span> <span class='ocrx_word' id='word_1_6' title='bbox 1947 300 2009 338; x_wconf 74' lang='lat'><strong>47.</strong></span> 
     </span>
    </p>
   </div>
   <div class='ocr_carea' id='block_1_2' title="bbox 229 251 1421 322">
    <p class='ocr_par' dir='ltr' id='par_1_2' title="bbox 229 251 1421 322">
     <span class='ocr_line' id='line_1_3' title="bbox 229 251 1421 322; baseline -0.005 -1"><span class='ocrx_word' id='word_1_7' title='bbox 229 263 309 322; x_wconf 76' lang='lat'><strong>36</strong></span> <span class='ocrx_word' id='word_1_8' title='bbox 901 251 1421 317; x_wconf 89' lang='lat' dir='ltr'><strong>ANNALIUM</strong></span> 
     </span>
    </p>
   </div>
   <div class='ocr_carea' id='block_1_3' title="bbox 234 375 2157 465">
    <p class='ocr_par' dir='ltr' id='par_1_3' title="bbox 234 375 2157 465">
     <span class='ocr_line' id='line_1_4' title="bbox 234 375 2157 465; baseline 0.002 -19"><span class='ocrx_word' id='word_1_9' title='bbox 234 390 432 446; x_wconf 85' lang='lat' dir='ltr'><strong>oblata</strong></span> <span class='ocrx_word' id='word_1_10' title='bbox 467 388 520 445; x_wconf 91' lang='lat' dir='ltr'><strong>ei</strong></span> <span class='ocrx_word' id='word_1_11' title='bbox 556 388 775 465; x_wconf 85' lang='lat' dir='ltr'><strong>species</strong></span> <span class='ocrx_word' id='word_1_12' title='bbox 806 387 1115 445; x_wconf 88' lang='lat' dir='ltr'><strong>muliebris</strong></span> <span class='ocrx_word' id='word_1_13' title='bbox 1145 386 1300 443; x_wconf 90' lang='lat' dir='ltr'><strong>ultra</strong></span> <span class='ocrx_word' id='word_1_14' title='bbox 1339 388 1584 444; x_wconf 90' lang='lat' dir='ltr'><strong>modum</strong></span> <span class='ocrx_word' id='word_1_15' title='bbox 1622 383 1986 462; x_wconf 89' lang='lat' dir='ltr'><strong>humanum,</strong></span> <span class='ocrx_word' id='word_1_16' title='bbox 2041 402 2100 451; x_wconf 80' lang='lat' dir='ltr'><strong>et</strong></span> <span class='ocrx_word' id='word_1_17' title='bbox 2155 375 2157 379; x_wconf 28' lang='lat'><strong><em>¹</em></strong></span> 
     </span>
    </p>
   </div>
   <div class='ocr_carea' id='block_1_4' title="bbox 226 468 2107 1757">
    <p class='ocr_par' dir='ltr' id='par_1_4' title="bbox 226 468 2107 1404">
     <span class='ocr_line' id='line_1_5' title="bbox 236 468 2099 552; baseline 0.001 -20"><span class='ocrx_word' id='word_1_18' title='bbox 236 475 438 533; x_wconf 87' lang='lat' dir='ltr'><strong>audita</strong></span> <span class='ocrx_word' id='word_1_19' title='bbox 475 486 560 531; x_wconf 90' lang='lat' dir='ltr'><strong>est</strong></span> <span class='ocrx_word' id='word_1_20' title='bbox 599 495 739 531; x_wconf 85' lang='lat' dir='ltr'><strong>vox:</strong></span> <span class='ocrx_word' id='word_1_21' title='bbox 795 485 908 543; x_wconf 80' lang='lat' dir='ltr'><strong>„tu</strong></span> <span class='ocrx_word' id='word_1_22' title='bbox 934 491 1021 542; x_wconf 65' lang='grc' dir='ltr'><strong>εδ,</strong></span> <span class='ocrx_word' id='word_1_23' title='bbox 1062 469 1253 541; x_wconf 83' lang='lat' dir='ltr'><strong>Rufe,</strong></span> <span class='ocrx_word' id='word_1_24' title='bbox 1297 472 1402 548; x_wconf 89' lang='lat' dir='ltr'><strong>qui</strong></span> <span class='ocrx_word' id='word_1_25' title='bbox 1438 473 1504 528; x_wconf 91' lang='lat' dir='ltr'><strong>in</strong></span> <span class='ocrx_word' id='word_1_26' title='bbox 1541 468 1696 530; x_wconf 89' lang='lat' dir='ltr'><strong>hanc</strong></span> <span class='ocrx_word' id='word_1_27' title='bbox 1730 475 2099 552; x_wconf 81' lang='lat' dir='ltr'><strong>provinciam</strong></span> 
     </span>
     <span class='ocr_line' id='line_1_6' title="bbox 233 553 2100 637; baseline 0.001 -20"><span class='ocrx_word' id='word_1_28' title='bbox 233 555 267 632; x_wconf 56' lang='grc'><strong>,’,</strong></span> <span class='ocrx_word' id='word_1_29' title='bbox 280 582 390 637; x_wconf 92' lang='lat' dir='ltr'><strong>pro</strong></span> <span class='ocrx_word' id='word_1_30' title='bbox 425 561 664 616; x_wconf 89' lang='lat' dir='ltr'><strong>consule</strong></span> <span class='ocrx_word' id='word_1_31' title='bbox 694 556 943 617; x_wconf 82' lang='lat' dir='ltr'><strong>venieS.”</strong></span> <span class='ocrx_word' id='word_1_32' title='bbox 1031 553 1171 611; x_wconf 89' lang='lat' dir='ltr'><strong>Tali</strong></span> <span class='ocrx_word' id='word_1_33' title='bbox 1196 556 1392 613; x_wconf 90' lang='lat' dir='ltr'><strong>omine</strong></span> <span class='ocrx_word' id='word_1_34' title='bbox 1417 557 1482 613; x_wconf 91' lang='lat' dir='ltr'><strong>in</strong></span> <span class='ocrx_word' id='word_1_35' title='bbox 1511 577 1672 634; x_wconf 90' lang='lat' dir='ltr'><strong>spem</strong></span> <span class='ocrx_word' id='word_1_36' title='bbox 1698 560 1961 617; x_wconf 86' lang='lat' dir='ltr'><strong>sublatus</strong></span> <span class='ocrx_word' id='word_1_37' title='bbox 1995 562 2100 619; x_wconf 88' lang='lat' dir='ltr'><strong>de-</strong></span> 
     </span>
     <span class='ocr_line' id='line_1_7' title="bbox 232 635 2100 722; baseline 0 -20"><span class='ocrx_word' id='word_1_38' title='bbox 232 665 576 722; x_wconf 81' lang='lat' dir='ltr'><strong>gressusque</strong></span> <span class='ocrx_word' id='word_1_39' title='bbox 603 644 668 700; x_wconf 92' lang='lat' dir='ltr'><strong>in</strong></span> <span class='ocrx_word' id='word_1_40' title='bbox 693 645 904 700; x_wconf 85' lang='lat' dir='ltr'><strong>urbem</strong></span> <span class='ocrx_word' id='word_1_41' title='bbox 928 652 983 697; x_wconf 92' lang='lat' dir='ltr'><strong>et</strong></span> <span class='ocrx_word' id='word_1_42' title='bbox 1013 640 1327 713; x_wconf 82' lang='lat' dir='ltr'>largitione</span> <span class='ocrx_word' id='word_1_43' title='bbox 1365 643 1722 713; x_wconf 87' lang='lat' dir='ltr'><strong>amicorum,</strong></span> <span class='ocrx_word' id='word_1_44' title='bbox 1766 644 1949 701; x_wconf 91' lang='lat' dir='ltr'><strong>simul</strong></span> <span class='ocrx_word' id='word_1_45' title='bbox 1979 635 2100 702; x_wconf 85' lang='lat' dir='ltr'><strong>acri</strong></span> 
     </span>
     <span class='ocr_line' id='line_1_8' title="bbox 232 727 2104 806; baseline 0 -19"><span class='ocrx_word' id='word_1_46' title='bbox 232 731 471 805; x_wconf 88' lang='lat' dir='ltr'><strong>ingenio</strong></span> <span class='ocrx_word' id='word_1_47' title='bbox 525 741 898 806; x_wconf 81' lang='lat' dir='ltr'><strong>quaesturam</strong></span> <span class='ocrx_word' id='word_1_48' title='bbox 960 737 1017 782; x_wconf 89' lang='lat' dir='ltr'><strong>et</strong></span> <span class='ocrx_word' id='word_1_49' title='bbox 1066 735 1230 781; x_wconf 54' lang='lat' dir='ltr'><strong>mox*</strong></span> <span class='ocrx_word' id='word_1_50' title='bbox 1260 727 1490 783; x_wconf 86' lang='lat' dir='ltr'><strong>nobiles</strong></span> <span class='ocrx_word' id='word_1_51' title='bbox 1547 727 1704 785; x_wconf 89' lang='lat' dir='ltr'><strong>inter</strong></span> <span class='ocrx_word' id='word_1_52' title='bbox 1759 729 2104 787; x_wconf 88' lang='lat' dir='ltr'><strong>candidatos</strong></span> 
     </span>
     <span class='ocr_line' id='line_1_9' title="bbox 230 809 2104 894; baseline -0.001 -21"><span class='ocrx_word' id='word_1_53' title='bbox 230 827 568 894; x_wconf 87' lang='lat' dir='ltr'><strong>praeturam</strong></span> <span class='ocrx_word' id='word_1_54' title='bbox 591 813 877 890; x_wconf 88' lang='lat' dir='ltr'><strong>principis</strong></span> <span class='ocrx_word' id='word_1_55' title='bbox 902 811 1182 884; x_wconf 87' lang='lat' dir='ltr'><strong>suffragio</strong></span> <span class='ocrx_word' id='word_1_56' title='bbox 1210 811 1580 888; x_wconf 81' lang='lat' dir='ltr'><strong>adsequitur,</strong></span> <span class='ocrx_word' id='word_1_57' title='bbox 1622 834 1758 870; x_wconf 88' lang='lat' dir='ltr'><strong>cum</strong></span> <span class='ocrx_word' id='word_1_58' title='bbox 1782 809 1943 871; x_wconf 87' lang='lat' dir='ltr'><strong>hisce</strong></span> <span class='ocrx_word' id='word_1_59' title='bbox 1967 835 2104 871; x_wconf 88' lang='lat' dir='ltr'><strong>ver-</strong></span> 
     </span>
     <span class='ocr_line' id='line_1_10' title="bbox 226 896 2104 970; baseline -0.001 -12"><span class='ocrx_word' id='word_1_60' title='bbox 226 898 326 958; x_wconf 34' lang='lat' dir='ltr'><strong>*bis</strong></span> <span class='ocrx_word' id='word_1_61' title='bbox 348 899 629 958; x_wconf 89' lang='lat' dir='ltr'><strong>Tiberius</strong></span> <span class='ocrx_word' id='word_1_62' title='bbox 666 899 917 955; x_wconf 86' lang='lat' dir='ltr'><strong>dedecus</strong></span> <span class='ocrx_word' id='word_1_63' title='bbox 947 897 1238 952; x_wconf 90' lang='lat' dir='ltr'><strong>natalium</strong></span> <span class='ocrx_word' id='word_1_64' title='bbox 1275 896 1400 952; x_wconf 90' lang='lat' dir='ltr'><strong>eius</strong></span> <span class='ocrx_word' id='word_1_65' title='bbox 1430 899 1765 956; x_wconf 83' lang='lat' dir='ltr'><strong>velavisset:</strong></span> <span class='ocrx_word' id='word_1_66' title='bbox 1815 897 2104 970; x_wconf 86' lang='lat' dir='ltr'><strong>„Curtius</strong></span> 
     </span>
     <span class='ocr_line' id='line_1_11' title="bbox 233 977 2103 1060; baseline -0.001 -16"><span class='ocrx_word' id='word_1_67' title='bbox 233 985 474 1058; x_wconf 84' lang='lat' dir='ltr'><strong>„Rufus</strong></span> <span class='ocrx_word' id='word_1_68' title='bbox 515 985 751 1042; x_wconf 82' lang='lat' dir='ltr'><strong>videtur</strong></span> <span class='ocrx_word' id='word_1_69' title='bbox 793 977 947 1038; x_wconf 86' lang='lat' dir='ltr'><strong>mihi</strong></span> <span class='ocrx_word' id='word_1_70' title='bbox 991 1001 1060 1038; x_wconf 80' lang='lat' dir='ltr'><strong>ex</strong></span> <span class='ocrx_word' id='word_1_71' title='bbox 1104 1000 1163 1036; x_wconf 93' lang='lat' dir='ltr'><strong>se</strong></span> <span class='ocrx_word' id='word_1_72' title='bbox 1206 992 1398 1040; x_wconf 79' lang='lat' dir='ltr'><strong>natus,</strong></span> <span class='ocrx_word' id='word_1_73' title='bbox 1415 979 1443 1000; x_wconf 85' lang='grc'>”</span> <span class='ocrx_word' id='word_1_74' title='bbox 1542 981 1750 1056; x_wconf 87' lang='lat' dir='ltr'><strong>Longa</strong></span> <span class='ocrx_word' id='word_1_75' title='bbox 1790 996 1922 1060; x_wconf 88' lang='lat' dir='ltr'><strong>post</strong></span> <span class='ocrx_word' id='word_1_76' title='bbox 1957 981 2103 1042; x_wconf 91' lang='lat' dir='ltr'><strong>haec</strong></span> 
     </span>
     <span class='ocr_line' id='line_1_12' title="bbox 234 1063 2104 1142; baseline -0.001 -14"><span class='ocrx_word' id='word_1_77' title='bbox 234 1083 465 1129; x_wconf 84' lang='lat' dir='ltr'><strong>senecta</strong></span> <span class='ocrx_word' id='word_1_78' title='bbox 509 1081 565 1128; x_wconf 86' lang='lat' dir='ltr'><strong>et</strong></span> <span class='ocrx_word' id='word_1_79' title='bbox 615 1069 895 1125; x_wconf 87' lang='lat' dir='ltr'><strong>adversus</strong></span> <span class='ocrx_word' id='word_1_80' title='bbox 935 1066 1266 1142; x_wconf 80' lang='lat' dir='ltr'><strong>superiores</strong></span> <span class='ocrx_word' id='word_1_81' title='bbox 1303 1063 1460 1122; x_wconf 85' lang='lat' dir='ltr'><strong>tristi</strong></span> <span class='ocrx_word' id='word_1_82' title='bbox 1500 1067 1871 1138; x_wconf 86' lang='lat' dir='ltr'><strong>adulatione,</strong></span> <span class='ocrx_word' id='word_1_83' title='bbox 1926 1072 2104 1127; x_wconf 88' lang='lat' dir='ltr'><strong>adro-</strong></span> 
     </span>
     <span class='ocr_line' id='line_1_13' title="bbox 236 1151 2106 1232; baseline -0.001 -19"><span class='ocrx_word' id='word_1_84' title='bbox 236 1177 380 1232; x_wconf 87' lang='lat' dir='ltr'><strong>gans</strong></span> <span class='ocrx_word' id='word_1_85' title='bbox 419 1153 784 1223; x_wconf 88' lang='lat' dir='ltr'><strong>minoribus‚</strong></span> <span class='ocrx_word' id='word_1_86' title='bbox 835 1151 992 1208; x_wconf 82' lang='lat' dir='ltr'><strong>inter</strong></span> <span class='ocrx_word' id='word_1_87' title='bbox 1024 1171 1194 1227; x_wconf 88' lang='lat' dir='ltr'><strong>pares</strong></span> <span class='ocrx_word' id='word_1_88' title='bbox 1229 1151 1513 1221; x_wconf 86' lang='lat' dir='ltr'><strong>difficilis,</strong></span> <span class='ocrx_word' id='word_1_89' title='bbox 1568 1153 1875 1210; x_wconf 87' lang='lat' dir='ltr'><strong>consulare</strong></span> <span class='ocrx_word' id='word_1_90' title='bbox 1917 1154 2106 1231; x_wconf 89' lang='lat' dir='ltr'><strong>impe-</strong></span> 
     </span>
     <span class='ocr_line' id='line_1_14' title="bbox 234 1231 2107 1314; baseline -0.002 -15"><span class='ocrx_word' id='word_1_91' title='bbox 234 1243 424 1310; x_wconf 86' lang='lat' dir='ltr'><strong>rium,</strong></span> <span class='ocrx_word' id='word_1_92' title='bbox 464 1233 758 1314; x_wconf 90' lang='lat' dir='ltr'><strong>triumphi</strong></span> <span class='ocrx_word' id='word_1_93' title='bbox 795 1237 1052 1311; x_wconf 84' lang='lat' dir='ltr'><strong>insignia</strong></span> <span class='ocrx_word' id='word_1_94' title='bbox 1088 1258 1154 1293; x_wconf 89' lang='lat' dir='ltr'><strong>ac</strong></span> <span class='ocrx_word' id='word_1_95' title='bbox 1188 1249 1486 1312; x_wconf 87' lang='lat' dir='ltr'><strong>postremo</strong></span> <span class='ocrx_word' id='word_1_96' title='bbox 1523 1231 1789 1295; x_wconf 89' lang='lat' dir='ltr'><strong>Africam</strong></span> <span class='ocrx_word' id='word_1_97' title='bbox 1826 1239 2107 1311; x_wconf 86' lang='lat' dir='ltr'><strong>obtinuit,</strong></span> 
     </span>
     <span class='ocr_line' id='line_1_15' title="bbox 239 1319 1784 1404; baseline -0.002 -19"><span class='ocrx_word' id='word_1_98' title='bbox 239 1339 414 1404; x_wconf 89' lang='lat' dir='ltr'><strong>atque</strong></span> <span class='ocrx_word' id='word_1_99' title='bbox 439 1319 527 1381; x_wconf 86' lang='lat' dir='ltr'><strong>ibi</strong></span> <span class='ocrx_word' id='word_1_100' title='bbox 551 1325 862 1381; x_wconf 88' lang='lat' dir='ltr'><strong>defunctus</strong></span> <span class='ocrx_word' id='word_1_101' title='bbox 885 1322 1061 1379; x_wconf 86' lang='lat' dir='ltr'><strong>fatale</strong></span> <span class='ocrx_word' id='word_1_102' title='bbox 1090 1322 1461 1398; x_wconf 84' lang='lat' dir='ltr'><strong>praesagium</strong></span> <span class='ocrx_word' id='word_1_103' title='bbox 1497 1321 1784 1398; x_wconf 88' lang='lat' dir='ltr'><strong>implevit.</strong></span> 
     </span>
    </p>

    <p class='ocr_par' dir='ltr' id='par_1_5' title="bbox 235 1417 2107 1757">
     <span class='ocr_line' id='line_1_16' title="bbox 406 1417 2107 1500; baseline 0 -22"><span class='ocrx_word' id='word_1_104' title='bbox 406 1417 604 1480; x_wconf 88' lang='lat' dir='ltr'><strong>XXII.</strong></span> <span class='ocrx_word' id='word_1_105' title='bbox 674 1418 906 1477; x_wconf 89' lang='lat' dir='ltr'><strong>Interea</strong></span> <span class='ocrx_word' id='word_1_106' title='bbox 929 1417 1160 1476; x_wconf 87' lang='lat' dir='ltr'><strong>Romae</strong></span> <span class='ocrx_word' id='word_1_107' title='bbox 1186 1418 1370 1475; x_wconf 87' lang='lat' dir='ltr'><strong>nullis</strong></span> <span class='ocrx_word' id='word_1_108' title='bbox 1405 1417 1602 1493; x_wconf 88' lang='lat' dir='ltr'><strong>palam</strong></span> <span class='ocrx_word' id='word_1_109' title='bbox 1636 1438 1829 1495; x_wconf 89' lang='lat' dir='ltr'><strong>neque</strong></span> <span class='ocrx_word' id='word_1_110' title='bbox 1857 1420 2107 1500; x_wconf 76' lang='lat' dir='ltr'><strong>cognitis</strong></span> 
     </span>
     <span class='ocr_line' id='line_1_17' title="bbox 235 1500 2107 1579; baseline -0.001 -14"><span class='ocrx_word' id='word_1_111' title='bbox 235 1529 373 1565; x_wconf 83' lang='lat' dir='ltr'><strong>mox</strong></span> <span class='ocrx_word' id='word_1_112' title='bbox 412 1506 600 1563; x_wconf 88' lang='lat' dir='ltr'><strong>causis</strong></span> <span class='ocrx_word' id='word_1_113' title='bbox 630 1503 738 1564; x_wconf 88' lang='lat' dir='ltr'><strong>Cn.</strong></span> <span class='ocrx_word' id='word_1_114' title='bbox 772 1504 1007 1561; x_wconf 87' lang='lat' dir='ltr'><strong>Nonius</strong></span> <span class='ocrx_word' id='word_1_115' title='bbox 1044 1522 1220 1579; x_wconf 87' lang='lat' dir='ltr'><strong>eques</strong></span> <span class='ocrx_word' id='word_1_116' title='bbox 1253 1501 1565 1562; x_wconf 88' lang='lat' dir='ltr'><strong>Romanus</strong></span> <span class='ocrx_word' id='word_1_117' title='bbox 1607 1504 1765 1560; x_wconf 87' lang='lat' dir='ltr'><strong>ferro</strong></span> <span class='ocrx_word' id='word_1_118' title='bbox 1811 1500 2107 1564; x_wconf 83' lang='lat' dir='ltr'><strong>accinctus</strong></span> 
     </span>
     <span class='ocr_line' id='line_1_18' title="bbox 236 1589 2106 1670; baseline -0.001 -22"><span class='ocrx_word' id='word_1_119' title='bbox 236 1593 533 1670; x_wconf 88' lang='lat' dir='ltr'><strong>reperitur</strong></span> <span class='ocrx_word' id='word_1_120' title='bbox 567 1591 633 1647; x_wconf 90' lang='lat' dir='ltr'><strong>in</strong></span> <span class='ocrx_word' id='word_1_121' title='bbox 670 1601 838 1669; x_wconf 89' lang='lat' dir='ltr'><strong>coetu</strong></span> <span class='ocrx_word' id='word_1_122' title='bbox 875 1589 1260 1645; x_wconf 88' lang='lat' dir='ltr'><strong>salutantium</strong></span> <span class='ocrx_word' id='word_1_123' title='bbox 1300 1589 1648 1664; x_wconf 87' lang='lat' dir='ltr'><strong>principem.</strong></span> <span class='ocrx_word' id='word_1_124' title='bbox 1754 1610 1894 1646; x_wconf 90' lang='lat' dir='ltr'><strong>nam</strong></span> <span class='ocrx_word' id='word_1_125' title='bbox 1941 1603 2106 1667; x_wconf 87' lang='lat' dir='ltr'><strong>post-</strong></span> 
     </span>
     <span class='ocr_line' id='line_1_19' title="bbox 243 1673 2105 1757; baseline -0.001 -21"><span class='ocrx_word' id='word_1_126' title='bbox 243 1699 422 1757; x_wconf 88' lang='lat' dir='ltr'><strong>quam</strong></span> <span class='ocrx_word' id='word_1_127' title='bbox 438 1676 748 1735; x_wconf 89' lang='lat' dir='ltr'><strong>tormentis</strong></span> <span class='ocrx_word' id='word_1_128' title='bbox 763 1674 1182 1743; x_wconf 80' lang='lat' dir='ltr'><strong>dilaniabatur,</strong></span> <span class='ocrx_word' id='word_1_129' title='bbox 1208 1673 1281 1730; x_wconf 87' lang='lat' dir='ltr'><strong>de</strong></span> <span class='ocrx_word' id='word_1_130' title='bbox 1303 1693 1362 1730; x_wconf 86' lang='lat' dir='ltr'><strong>se</strong></span> <span class='ocrx_word' id='word_1_131' title='bbox 1387 1694 1513 1729; x_wconf 92' lang='lat' dir='ltr'><strong>non</strong></span> <span class='ocrx_word' id='word_1_132' title='bbox 1535 1674 1825 1733; x_wconf 87' lang='lat' dir='ltr'><strong>inficiatus</strong></span> <span class='ocrx_word' id='word_1_133' title='bbox 1841 1677 2105 1734; x_wconf 89' lang='lat' dir='ltr'><strong>conscios</strong></span> 
     </span>
    </p>
   </div>
   <div class='ocr_carea' id='block_1_5' title="bbox 303 1902 2103 1964">
    <p class='ocr_par' dir='ltr' id='par_1_6' title="bbox 303 1902 2103 1964">
     <span class='ocr_line' id='line_1_20' title="bbox 303 1902 2103 1964; baseline -0.002 -12"><span class='ocrx_word' id='word_1_134' title='bbox 303 1910 464 1952; x_wconf 79' lang='lat' dir='ltr'><strong>oblata</strong></span> <span class='ocrx_word' id='word_1_135' title='bbox 483 1908 528 1950; x_wconf 81' lang='lat' dir='ltr'><strong>ei</strong></span> <span class='ocrx_word' id='word_1_136' title='bbox 542 1908 718 1962; x_wconf 79' lang='lat' dir='ltr'><strong>species</strong></span> <span class='ocrx_word' id='word_1_137' title='bbox 745 1913 831 1950; x_wconf 79' lang='lat' dir='ltr'><strong>etc.</strong></span> <span class='ocrx_word' id='word_1_138' title='bbox 890 1903 1012 1949; x_wconf 86' lang='lat' dir='ltr'><strong>Plin.</strong></span> <span class='ocrx_word' id='word_1_139' title='bbox 1037 1921 1141 1964; x_wconf 87' lang='lat' dir='ltr'><strong>epp.</strong></span> <span class='ocrx_word' id='word_1_140' title='bbox 1217 1904 1302 1949; x_wconf 83' lang='lat' dir='ltr'><strong>Cn.</strong></span> <span class='ocrx_word' id='word_1_141' title='bbox 1332 1904 1512 1949; x_wconf 75' lang='lat' dir='ltr'><strong>Novius</strong></span> <span class='ocrx_word' id='word_1_142' title='bbox 1544 1902 1657 1946; x_wconf 62' lang='lat' dir='ltr'><strong>&#39;edd.</strong></span> <span class='ocrx_word' id='word_1_143' title='bbox 1704 1904 1808 1948; x_wconf 77' lang='lat' dir='ltr'><strong>Put.</strong></span> <span class='ocrx_word' id='word_1_144' title='bbox 1853 1905 1924 1950; x_wconf 90' lang='lat' dir='ltr'><strong>M.</strong></span> <span class='ocrx_word' id='word_1_145' title='bbox 1963 1913 2008 1950; x_wconf 77' lang='lat' dir='ltr'><strong>et</strong></span> <span class='ocrx_word' id='word_1_146' title='bbox 2043 1907 2103 1949; x_wconf 85' lang='lat' dir='ltr'><strong>V.</strong></span> 
     </span>
    </p>
   </div>
   <div class='ocr_carea' id='block_1_6' title="bbox 240 1961 2146 2022">
    <p class='ocr_par' dir='ltr' id='par_1_7' title="bbox 240 1961 2146 2022">
     <span class='ocr_line' id='line_1_21' title="bbox 240 1961 2146 2022; baseline -0.003 -11"><span class='ocrx_word' id='word_1_147' title='bbox 240 1967 293 2019; x_wconf 85' lang='grc'><strong>7,</strong></span> <span class='ocrx_word' id='word_1_148' title='bbox 335 1966 406 2008; x_wconf 74' lang='grc'><strong>27.</strong></span> <span class='ocrx_word' id='word_1_149' title='bbox 461 1965 673 2008; x_wconf 80' lang='lat' dir='ltr'><strong>mulieris</strong></span> <span class='ocrx_word' id='word_1_150' title='bbox 712 1964 881 2020; x_wconf 75' lang='lat' dir='ltr'><strong>figura</strong></span> <span class='ocrx_word' id='word_1_151' title='bbox 929 1966 1142 2006; x_wconf 76' lang='lat' dir='ltr'><strong>humana</strong></span> <span class='ocrx_word' id='word_1_152' title='bbox 1214 1962 1425 2006; x_wconf 86' lang='lat' dir='ltr'><strong>Beroald.</strong></span> <span class='ocrx_word' id='word_1_153' title='bbox 1469 1961 1573 2005; x_wconf 80' lang='lat' dir='ltr'><strong>Ale.</strong></span> <span class='ocrx_word' id='word_1_154' title='bbox 1600 1961 1810 2006; x_wconf 85' lang='lat' dir='ltr'><strong>Rhenan.</strong></span> <span class='ocrx_word' id='word_1_155' title='bbox 1839 1978 1935 2022; x_wconf 88' lang='lat' dir='ltr'><strong>sqq.</strong></span> <span class='ocrx_word' id='word_1_156' title='bbox 1968 1972 2012 2008; x_wconf 83' lang='lat' dir='ltr'><strong>et</strong></span> <span class='ocrx_word' id='word_1_157' title='bbox 2037 1963 2105 2009; x_wconf 82' lang='lat' dir='ltr'><strong>sic</strong></span> <span class='ocrx_word' id='word_1_158' title='bbox 2142 1997 2146 2005; x_wconf 88' lang='lat'><strong>.</strong></span> 
     </span>
    </p>
   </div>
   <div class='ocr_carea' id='block_1_7' title="bbox 241 2016 2104 2080">
    <p class='ocr_par' dir='ltr' id='par_1_8' title="bbox 241 2016 2104 2080">
     <span class='ocr_line' id='line_1_22' title="bbox 241 2016 2104 2080; baseline -0.001 -15"><span class='ocrx_word' id='word_1_159' title='bbox 241 2023 473 2080; x_wconf 77' lang='lat' dir='ltr'><strong>grandior</strong></span> <span class='ocrx_word' id='word_1_160' title='bbox 518 2022 846 2077; x_wconf 68' lang='lat' dir='ltr'><strong>pulchriorque</strong></span> <span class='ocrx_word' id='word_1_161' title='bbox 887 2021 1141 2075; x_wconf 79' lang='lat' dir='ltr'><strong>perterrito</strong></span> <span class='ocrx_word' id='word_1_162' title='bbox 1213 2020 1350 2064; x_wconf 88' lang='lat' dir='ltr'><strong>MSS.</strong></span> <span class='ocrx_word' id='word_1_163' title='bbox 1391 2020 1509 2062; x_wconf 89' lang='lat' dir='ltr'><strong>Bud.</strong></span> <span class='ocrx_word' id='word_1_164' title='bbox 1547 2016 1701 2062; x_wconf 88' lang='lat' dir='ltr'><strong>Guelf.</strong></span> <span class='ocrx_word' id='word_1_165' title='bbox 1746 2019 1924 2078; x_wconf 82' lang='lat' dir='ltr'><strong>aliique.</strong></span> <span class='ocrx_word' id='word_1_166' title='bbox 2009 2021 2104 2065; x_wconf 87' lang='lat' dir='ltr'><strong>Pro</strong></span> 
     </span>
    </p>
   </div>
   <div class='ocr_carea' id='block_1_8' title="bbox 242 2076 1949 2137">
    <p class='ocr_par' dir='ltr' id='par_1_9' title="bbox 242 2076 1949 2137">
     <span class='ocr_line' id='line_1_23' title="bbox 242 2076 1949 2137; baseline -0.002 -11"><span class='ocrx_word' id='word_1_167' title='bbox 242 2083 458 2137; x_wconf 83' lang='lat' dir='ltr'><strong>Africam</strong></span> <span class='ocrx_word' id='word_1_168' title='bbox 498 2094 548 2123; x_wconf 84' lang='lat' dir='ltr'><strong>se</strong></span> <span class='ocrx_word' id='word_1_169' title='bbox 571 2079 857 2135; x_wconf 84' lang='lat' dir='ltr'><strong>futurorum</strong></span> <span class='ocrx_word' id='word_1_170' title='bbox 894 2093 1137 2135; x_wconf 81' lang='lat' dir='ltr'><strong>praenun-</strong></span> <span class='ocrx_word' id='word_1_171' title='bbox 1213 2093 1331 2120; x_wconf 84' lang='lat' dir='ltr'><strong>mox</strong></span> <span class='ocrx_word' id='word_1_172' title='bbox 1356 2078 1509 2120; x_wconf 82' lang='lat' dir='ltr'><strong>causis</strong></span> <span class='ocrx_word' id='word_1_173' title='bbox 1530 2076 1632 2119; x_wconf 88' lang='lat' dir='ltr'><strong>MS.</strong></span> <span class='ocrx_word' id='word_1_174' title='bbox 1657 2076 1766 2134; x_wconf 84' lang='lat' dir='ltr'><strong>Reg.</strong></span> <span class='ocrx_word' id='word_1_175' title='bbox 1793 2091 1891 2120; x_wconf 79' lang='lat' dir='ltr'><strong>vox</strong></span> <span class='ocrx_word' id='word_1_176' title='bbox 1910 2093 1949 2123; x_wconf 79' lang='lat' dir='ltr'><strong>c.</strong></span> 
     </span>
    </p>
   </div>
   <div class='ocr_carea' id='block_1_9' title="bbox 238 2135 1139 2719">
    <p class='ocr_par' dir='ltr' id='par_1_10' title="bbox 238 2135 1139 2719">
     <span class='ocr_line' id='line_1_24' title="bbox 245 2135 1138 2194; baseline -0.004 -12"><span class='ocrx_word' id='word_1_177' title='bbox 245 2141 363 2182; x_wconf 77' lang='lat' dir='ltr'><strong>tiam</strong></span> <span class='ocrx_word' id='word_1_178' title='bbox 397 2137 537 2180; x_wconf 79' lang='lat' dir='ltr'><strong>dixit.</strong></span> <span class='ocrx_word' id='word_1_179' title='bbox 594 2136 760 2179; x_wconf 84' lang='lat' dir='ltr'><strong>Similis</strong></span> <span class='ocrx_word' id='word_1_180' title='bbox 791 2137 960 2194; x_wconf 87' lang='lat' dir='ltr'><strong>species</strong></span> <span class='ocrx_word' id='word_1_181' title='bbox 992 2135 1138 2178; x_wconf 79' lang='lat' dir='ltr'><strong>oblata</strong></span> 
     </span>
     <span class='ocr_line' id='line_1_25' title="bbox 242 2192 1137 2240; baseline -0.006 0"><span class='ocrx_word' id='word_1_182' title='bbox 242 2206 308 2240; x_wconf 89' lang='lat' dir='ltr'><strong>est</strong></span> <span class='ocrx_word' id='word_1_183' title='bbox 341 2196 496 2238; x_wconf 87' lang='lat' dir='ltr'><strong>Druso</strong></span> <span class='ocrx_word' id='word_1_184' title='bbox 527 2192 682 2236; x_wconf 86' lang='lat' dir='ltr'><strong>Albim</strong></span> <span class='ocrx_word' id='word_1_185' title='bbox 725 2194 990 2237; x_wconf 86' lang='lat' dir='ltr'><strong>transituro.</strong></span> <span class='ocrx_word' id='word_1_186' title='bbox 1078 2192 1137 2235; x_wconf 85' lang='lat' dir='ltr'><strong>cf.</strong></span> 
     </span>
     <span class='ocr_line' id='line_1_26' title="bbox 238 2249 997 2304; baseline -0.005 -7"><span class='ocrx_word' id='word_1_187' title='bbox 238 2254 331 2297; x_wconf 86' lang='lat' dir='ltr'><strong>Dio</strong></span> <span class='ocrx_word' id='word_1_188' title='bbox 355 2252 425 2304; x_wconf 87' lang='lat'><strong>55,</strong></span> <span class='ocrx_word' id='word_1_189' title='bbox 446 2253 489 2295; x_wconf 91' lang='lat'><strong>1.</strong></span> <span class='ocrx_word' id='word_1_190' title='bbox 549 2251 675 2294; x_wconf 86' lang='lat' dir='ltr'><strong>Suet.</strong></span> <span class='ocrx_word' id='word_1_191' title='bbox 703 2249 861 2294; x_wconf 84' lang='lat' dir='ltr'><strong>Claud.</strong></span> <span class='ocrx_word' id='word_1_192' title='bbox 889 2267 930 2294; x_wconf 85' lang='lat' dir='ltr'><strong>e.</strong></span> <span class='ocrx_word' id='word_1_193' title='bbox 955 2253 997 2294; x_wconf 85' lang='lat' dir='ltr'><strong>l.</strong></span> 
     </span>
     <span class='ocr_line' id='line_1_27' title="bbox 299 2307 1137 2367; baseline -0.005 -13"><span class='ocrx_word' id='word_1_194' title='bbox 299 2315 652 2367; x_wconf 79' lang='lat' dir='ltr'><strong>degressusque.</strong></span> <span class='ocrx_word' id='word_1_195' title='bbox 730 2308 806 2353; x_wconf 89' lang='lat' dir='ltr'><strong>Sic</strong></span> <span class='ocrx_word' id='word_1_196' title='bbox 854 2307 957 2351; x_wconf 81' lang='lat' dir='ltr'><strong>MS.</strong></span> <span class='ocrx_word' id='word_1_197' title='bbox 1013 2307 1137 2350; x_wconf 83' lang='lat' dir='ltr'><strong>Flor.</strong></span> 
     </span>
     <span class='ocr_line' id='line_1_28' title="bbox 244 2364 1135 2426; baseline -0.007 -14"><span class='ocrx_word' id='word_1_198' title='bbox 244 2373 366 2426; x_wconf 83' lang='lat' dir='ltr'><strong>(test.</strong></span> <span class='ocrx_word' id='word_1_199' title='bbox 391 2367 534 2421; x_wconf 82' lang='lat' dir='ltr'><strong>Vict.)</strong></span> <span class='ocrx_word' id='word_1_200' title='bbox 555 2365 627 2408; x_wconf 88' lang='lat' dir='ltr'><strong>ed.</strong></span> <span class='ocrx_word' id='word_1_201' title='bbox 653 2364 774 2423; x_wconf 85' lang='lat' dir='ltr'><strong>Spir.</strong></span> <span class='ocrx_word' id='word_1_202' title='bbox 818 2364 973 2409; x_wconf 87' lang='lat' dir='ltr'><strong>Recte.</strong></span> <span class='ocrx_word' id='word_1_203' title='bbox 1020 2364 1135 2407; x_wconf 85' lang='lat' dir='ltr'><strong>Nam</strong></span> 
     </span>
     <span class='ocr_line' id='line_1_29' title="bbox 242 2421 1138 2480; baseline -0.008 -9"><span class='ocrx_word' id='word_1_204' title='bbox 242 2428 317 2471; x_wconf 84' lang='lat' dir='ltr'><strong>hic</strong></span> <span class='ocrx_word' id='word_1_205' title='bbox 341 2426 386 2469; x_wconf 88' lang='lat' dir='ltr'><strong>id</strong></span> <span class='ocrx_word' id='word_1_206' title='bbox 410 2425 599 2470; x_wconf 81' lang='lat' dir='ltr'><strong>verbum</strong></span> <span class='ocrx_word' id='word_1_207' title='bbox 622 2422 962 2480; x_wconf 82' lang='lat' dir='ltr'><strong>intelligendum</strong></span> <span class='ocrx_word' id='word_1_208' title='bbox 993 2431 1057 2466; x_wconf 83' lang='lat' dir='ltr'><strong>est</strong></span> <span class='ocrx_word' id='word_1_209' title='bbox 1083 2421 1138 2464; x_wconf 89' lang='lat' dir='ltr'><strong>de</strong></span> 
     </span>
     <span class='ocr_line' id='line_1_30' title="bbox 245 2479 1138 2534; baseline -0.007 -7"><span class='ocrx_word' id='word_1_210' title='bbox 245 2500 298 2527; x_wconf 87' lang='lat' dir='ltr'><strong>eo</strong></span> <span class='ocrx_word' id='word_1_211' title='bbox 330 2484 456 2534; x_wconf 83' lang='lat' dir='ltr'><strong>loeo,</strong></span> <span class='ocrx_word' id='word_1_212' title='bbox 498 2481 552 2524; x_wconf 90' lang='lat' dir='ltr'><strong>de</strong></span> <span class='ocrx_word' id='word_1_213' title='bbox 575 2496 623 2524; x_wconf 85' lang='lat' dir='ltr'><strong>ea</strong></span> <span class='ocrx_word' id='word_1_214' title='bbox 645 2479 861 2527; x_wconf 80' lang='lat' dir='ltr'><strong>statione,</strong></span> <span class='ocrx_word' id='word_1_215' title='bbox 900 2480 1020 2523; x_wconf 91' lang='lat' dir='ltr'><strong>unde</strong></span> <span class='ocrx_word' id='word_1_216' title='bbox 1046 2495 1138 2522; x_wconf 91' lang='lat' dir='ltr'><strong>ces-</strong></span> 
     </span>
     <span class='ocr_line' id='line_1_31' title="bbox 245 2535 1137 2597; baseline -0.008 -12"><span class='ocrx_word' id='word_1_217' title='bbox 245 2541 303 2586; x_wconf 84' lang='lat' dir='ltr'><strong>sit</strong></span> <span class='ocrx_word' id='word_1_218' title='bbox 339 2539 604 2597; x_wconf 76' lang='lat' dir='ltr'><strong>(abgehen).</strong></span> <span class='ocrx_word' id='word_1_219' title='bbox 679 2536 739 2581; x_wconf 85' lang='lat' dir='ltr'><strong>cf.</strong></span> <span class='ocrx_word' id='word_1_220' title='bbox 773 2546 874 2580; x_wconf 84' lang='lat' dir='ltr'><strong>not.</strong></span> <span class='ocrx_word' id='word_1_221' title='bbox 904 2537 959 2580; x_wconf 89' lang='lat' dir='ltr'><strong>ad</strong></span> <span class='ocrx_word' id='word_1_222' title='bbox 993 2538 1034 2587; x_wconf 81' lang='grc'><strong>4,</strong></span> <span class='ocrx_word' id='word_1_223' title='bbox 1064 2535 1137 2579; x_wconf 78' lang='lat'><strong>74.</strong></span> 
     </span>
     <span class='ocr_line' id='line_1_32' title="bbox 243 2593 1138 2653; baseline -0.003 -12"><span class='ocrx_word' id='word_1_224' title='bbox 243 2599 569 2653; x_wconf 76' lang='lat' dir='ltr'><strong>digressusque</strong></span> <span class='ocrx_word' id='word_1_225' title='bbox 597 2593 697 2638; x_wconf 90' lang='lat' dir='ltr'><strong>MS.</strong></span> <span class='ocrx_word' id='word_1_226' title='bbox 722 2593 873 2638; x_wconf 83' lang='lat' dir='ltr'><strong>Guelf.</strong></span> <span class='ocrx_word' id='word_1_227' title='bbox 908 2595 1009 2637; x_wconf 84' lang='lat' dir='ltr'><strong>edd.</strong></span> <span class='ocrx_word' id='word_1_228' title='bbox 1034 2593 1138 2638; x_wconf 81' lang='lat' dir='ltr'><strong>Put.</strong></span> 
     </span>
     <span class='ocr_line' id='line_1_33' title="bbox 245 2650 1139 2719; baseline -0.004 -21"><span class='ocrx_word' id='word_1_229' title='bbox 245 2657 313 2698; x_wconf 87' lang='lat' dir='ltr'><strong>M.</strong></span> <span class='ocrx_word' id='word_1_230' title='bbox 338 2663 381 2698; x_wconf 80' lang='lat' dir='ltr'><strong>et</strong></span> <span class='ocrx_word' id='word_1_231' title='bbox 405 2655 464 2698; x_wconf 88' lang='lat' dir='ltr'><strong>V.</strong></span> <span class='ocrx_word' id='word_1_232' title='bbox 489 2651 699 2695; x_wconf 86' lang='lat' dir='ltr'><strong>Beroald.</strong></span> <span class='ocrx_word' id='word_1_233' title='bbox 732 2650 834 2695; x_wconf 85' lang='lat' dir='ltr'><strong>Alc.</strong></span> <span class='ocrx_word' id='word_1_234' title='bbox 868 2651 1014 2694; x_wconf 89' lang='lat' dir='ltr'><strong>Rhen.</strong></span> <span class='ocrx_word' id='word_1_235' title='bbox 1039 2666 1139 2719; x_wconf 71' lang='lat' dir='ltr'><strong>sqq.</strong></span> 
     </span>
    </p>
   </div>
   <div class='ocr_carea' id='block_1_10' title="bbox 245 2708 1079 2767">
    <p class='ocr_par' dir='ltr' id='par_1_11' title="bbox 245 2708 1079 2767">
     <span class='ocr_line' id='line_1_34' title="bbox 245 2708 1079 2767; baseline -0.005 -11"><span class='ocrx_word' id='word_1_236' title='bbox 245 2728 422 2756; x_wconf 87' lang='lat' dir='ltr'><strong>omnes.</strong></span> <span class='ocrx_word' id='word_1_237' title='bbox 480 2710 591 2753; x_wconf 85' lang='lat' dir='ltr'><strong>Mox</strong></span> <span class='ocrx_word' id='word_1_238' title='bbox 605 2708 759 2752; x_wconf 86' lang='lat' dir='ltr'><strong>Guelf.</strong></span> <span class='ocrx_word' id='word_1_239' title='bbox 784 2724 839 2751; x_wconf 79' lang='lat' dir='ltr'><strong>ac</strong></span> <span class='ocrx_word' id='word_1_240' title='bbox 864 2725 947 2767; x_wconf 88' lang='lat' dir='ltr'><strong>pro</strong></span> <span class='ocrx_word' id='word_1_241' title='bbox 967 2723 1079 2752; x_wconf 80' lang='lat' dir='ltr'><strong>acrz.</strong></span> 
     </span>
    </p>
   </div>
   <div class='ocr_carea' id='block_1_11' title="bbox 239 2777 1138 3295">
    <p class='ocr_par' dir='ltr' id='par_1_12' title="bbox 244 2777 1138 3174">
     <span class='ocr_line' id='line_1_35' title="bbox 303 2777 1138 2826; baseline -0.007 0"><span class='ocrx_word' id='word_1_242' title='bbox 303 2797 368 2826; x_wconf 81' lang='lat' dir='ltr'><strong>ex</strong></span> <span class='ocrx_word' id='word_1_243' title='bbox 399 2795 448 2824; x_wconf 87' lang='lat' dir='ltr'><strong>se</strong></span> <span class='ocrx_word' id='word_1_244' title='bbox 477 2788 638 2822; x_wconf 81' lang='lat' dir='ltr'><strong>natus.</strong></span> <span class='ocrx_word' id='word_1_245' title='bbox 718 2777 795 2822; x_wconf 89' lang='lat' dir='ltr'><strong>Sic</strong></span> <span class='ocrx_word' id='word_1_246' title='bbox 833 2794 856 2821; x_wconf 90' lang='lat' dir='ltr'><strong>e</strong></span> <span class='ocrx_word' id='word_1_247' title='bbox 885 2778 986 2822; x_wconf 93' lang='lat' dir='ltr'><strong>MS.</strong></span> <span class='ocrx_word' id='word_1_248' title='bbox 1020 2777 1138 2820; x_wconf 89' lang='lat' dir='ltr'><strong>Bud.</strong></span> 
     </span>
     <span class='ocr_line' id='line_1_36' title="bbox 245 2836 1137 2894; baseline -0.008 -9"><span class='ocrx_word' id='word_1_249' title='bbox 245 2840 348 2885; x_wconf 76' lang='lat' dir='ltr'><strong>edd.</strong></span> <span class='ocrx_word' id='word_1_250' title='bbox 377 2837 524 2881; x_wconf 89' lang='lat' dir='ltr'><strong>Rhen.</strong></span> <span class='ocrx_word' id='word_1_251' title='bbox 559 2853 657 2894; x_wconf 91' lang='lat' dir='ltr'><strong>sqq.</strong></span> <span class='ocrx_word' id='word_1_252' title='bbox 720 2836 821 2879; x_wconf 89' lang='lat' dir='ltr'><strong>MS.</strong></span> <span class='ocrx_word' id='word_1_253' title='bbox 856 2836 981 2880; x_wconf 85' lang='lat' dir='ltr'><strong>Flor.</strong></span> <span class='ocrx_word' id='word_1_254' title='bbox 1020 2836 1137 2887; x_wconf 76' lang='lat' dir='ltr'><strong>(test.</strong></span> 
     </span>
     <span class='ocr_line' id='line_1_37' title="bbox 244 2891 1138 2951; baseline -0.009 -10"><span class='ocrx_word' id='word_1_255' title='bbox 244 2897 391 2951; x_wconf 78' lang='lat' dir='ltr'><strong>Vict.)</strong></span> <span class='ocrx_word' id='word_1_256' title='bbox 425 2901 683 2946; x_wconf 68' lang='lat' dir='ltr'><strong>catenatus,</strong></span> <span class='ocrx_word' id='word_1_257' title='bbox 719 2893 843 2951; x_wconf 88' lang='lat' dir='ltr'><strong>quod</strong></span> <span class='ocrx_word' id='word_1_258' title='bbox 870 2894 964 2951; x_wconf 91' lang='lat' dir='ltr'><strong>ipse</strong></span> <span class='ocrx_word' id='word_1_259' title='bbox 983 2891 1138 2935; x_wconf 86' lang='lat' dir='ltr'><strong>Victo·</strong></span> 
     </span>
     <span class='ocr_line' id='line_1_38' title="bbox 244 2947 1135 2998; baseline -0.007 0"><span class='ocrx_word' id='word_1_260' title='bbox 244 2956 340 2998; x_wconf 87' lang='lat' dir='ltr'><strong>rius</strong></span> <span class='ocrx_word' id='word_1_261' title='bbox 354 2952 546 2997; x_wconf 82' lang='lat' dir='ltr'><strong>correxit</strong></span> <span class='ocrx_word' id='word_1_262' title='bbox 559 2965 681 2994; x_wconf 78' lang='lat' dir='ltr'><strong>exse</strong></span> <span class='ocrx_word' id='word_1_263' title='bbox 693 2958 846 2993; x_wconf 80' lang='lat' dir='ltr'><strong>naeus.</strong></span> <span class='ocrx_word' id='word_1_264' title='bbox 869 2950 966 2992; x_wconf 92' lang='lat' dir='ltr'><strong>MS.</strong></span> <span class='ocrx_word' id='word_1_265' title='bbox 982 2947 1135 2992; x_wconf 87' lang='lat' dir='ltr'><strong>Guelf.</strong></span> 
     </span>
     <span class='ocr_line' id='line_1_39' title="bbox 244 3006 1135 3070; baseline -0.01 -13"><span class='ocrx_word' id='word_1_266' title='bbox 244 3013 316 3057; x_wconf 86' lang='lat' dir='ltr'><strong>ed.</strong></span> <span class='ocrx_word' id='word_1_267' title='bbox 341 3011 458 3070; x_wconf 87' lang='lat' dir='ltr'><strong>Spir.</strong></span> <span class='ocrx_word' id='word_1_268' title='bbox 483 3024 578 3053; x_wconf 83' lang='lat' dir='ltr'><strong>esse</strong></span> <span class='ocrx_word' id='word_1_269' title='bbox 598 3017 757 3052; x_wconf 83' lang='lat' dir='ltr'><strong>notus.</strong></span> <span class='ocrx_word' id='word_1_270' title='bbox 818 3007 930 3050; x_wconf 87' lang='lat' dir='ltr'><strong>Edd.</strong></span> <span class='ocrx_word' id='word_1_271' title='bbox 953 3006 1054 3049; x_wconf 92' lang='lat' dir='ltr'><strong>Put.</strong></span> <span class='ocrx_word' id='word_1_272' title='bbox 1068 3006 1135 3048; x_wconf 90' lang='lat' dir='ltr'><strong>M.</strong></span> 
     </span>
     <span class='ocr_line' id='line_1_40' title="bbox 247 3063 1135 3112; baseline -0.005 -1"><span class='ocrx_word' id='word_1_273' title='bbox 247 3077 290 3112; x_wconf 87' lang='lat' dir='ltr'><strong>et</strong></span> <span class='ocrx_word' id='word_1_274' title='bbox 303 3069 360 3111; x_wconf 92' lang='lat' dir='ltr'><strong>V.</strong></span> <span class='ocrx_word' id='word_1_275' title='bbox 390 3065 600 3110; x_wconf 85' lang='lat' dir='ltr'><strong>Beroald.</strong></span> <span class='ocrx_word' id='word_1_276' title='bbox 625 3067 730 3109; x_wconf 86' lang='lat' dir='ltr'><strong>Alc.</strong></span> <span class='ocrx_word' id='word_1_277' title='bbox 753 3080 819 3108; x_wconf 80' lang='lat' dir='ltr'><strong>ex</strong></span> <span class='ocrx_word' id='word_1_278' title='bbox 838 3072 1023 3107; x_wconf 81' lang='lat' dir='ltr'><strong>senatu.</strong></span> <span class='ocrx_word' id='word_1_279' title='bbox 1076 3063 1135 3107; x_wconf 88' lang='lat' dir='ltr'><strong>cf.</strong></span> 
     </span>
     <span class='ocr_line' id='line_1_41' title="bbox 246 3123 939 3174; baseline -0.009 -5"><span class='ocrx_word' id='word_1_280' title='bbox 246 3124 343 3170; x_wconf 87' lang='lat' dir='ltr'><strong>Cic.</strong></span> <span class='ocrx_word' id='word_1_281' title='bbox 367 3124 482 3167; x_wconf 87' lang='lat' dir='ltr'><strong>Phil.</strong></span> <span class='ocrx_word' id='word_1_282' title='bbox 505 3125 545 3174; x_wconf 89' lang='lat'><strong>6,</strong></span> <span class='ocrx_word' id='word_1_283' title='bbox 568 3123 613 3166; x_wconf 89' lang='lat'><strong>6.</strong></span> <span class='ocrx_word' id='word_1_284' title='bbox 639 3139 704 3166; x_wconf 78' lang='lat' dir='ltr'><strong>ex</strong></span> <span class='ocrx_word' id='word_1_285' title='bbox 723 3137 771 3166; x_wconf 88' lang='lat' dir='ltr'><strong>se</strong></span> <span class='ocrx_word' id='word_1_286' title='bbox 787 3129 939 3165; x_wconf 45' lang='lat' dir='ltr'><strong>sortus.</strong></span> 
     </span>
    </p>

    <p class='ocr_par' dir='ltr' id='par_1_13' title="bbox 239 3178 1136 3295">
     <span class='ocr_line' id='line_1_42' title="bbox 301 3178 1136 3236; baseline -0.007 -13"><span class='ocrx_word' id='word_1_287' title='bbox 301 3184 443 3235; x_wconf 82' lang='lat' dir='ltr'><strong>longa</strong></span> <span class='ocrx_word' id='word_1_288' title='bbox 459 3189 565 3234; x_wconf 80' lang='lat' dir='ltr'><strong>post</strong></span> <span class='ocrx_word' id='word_1_289' title='bbox 583 3183 713 3224; x_wconf 77' lang='lat' dir='ltr'><strong>haec.</strong></span> <span class='ocrx_word' id='word_1_290' title='bbox 772 3179 856 3223; x_wconf 87' lang='lat' dir='ltr'><strong>Ed.</strong></span> <span class='ocrx_word' id='word_1_291' title='bbox 880 3178 1001 3236; x_wconf 88' lang='lat' dir='ltr'><strong>Spir.</strong></span> <span class='ocrx_word' id='word_1_292' title='bbox 1026 3184 1136 3232; x_wconf 81' lang='lat' dir='ltr'><strong>post</strong></span> 
     </span>
     <span class='ocr_line' id='line_1_43' title="bbox 239 3236 1136 3295; baseline -0.006 -13"><span class='ocrx_word' id='word_1_293' title='bbox 239 3240 353 3282; x_wconf 79' lang='lat' dir='ltr'><strong>haec</strong></span> <span class='ocrx_word' id='word_1_294' title='bbox 374 3241 530 3291; x_wconf 76' lang='lat' dir='ltr'><strong>longa.</strong></span> <span class='ocrx_word' id='word_1_295' title='bbox 592 3236 1009 3295; x_wconf 84' lang='lat' dir='ltr'><strong>lnterpunctionem</strong></span> <span class='ocrx_word' id='word_1_296' title='bbox 1035 3242 1136 3292; x_wconf 92' lang='lat' dir='ltr'><strong>post</strong></span> 
     </span>
    </p>
   </div>
   <div class='ocr_carea' id='block_1_12' title="bbox 155 3292 1096 3348">
    <p class='ocr_par' dir='ltr' id='par_1_14' title="bbox 155 3292 1096 3348">
     <span class='ocr_line' id='line_1_44' title="bbox 155 3292 1096 3348; baseline -0.006 -8"><span class='ocrx_word' id='word_1_297' title='bbox 155 3343 157 3345; x_wconf 63' lang='grc'><em>,</em></span> <span class='ocrx_word' id='word_1_298' title='bbox 239 3303 381 3340; x_wconf 82' lang='lat' dir='ltr'><strong>natus</strong></span> <span class='ocrx_word' id='word_1_299' title='bbox 407 3295 564 3348; x_wconf 86' lang='lat' dir='ltr'><strong>eadem</strong></span> <span class='ocrx_word' id='word_1_300' title='bbox 599 3311 639 3337; x_wconf 89' lang='lat' dir='ltr'><strong>c.</strong></span> <span class='ocrx_word' id='word_1_301' title='bbox 656 3294 807 3338; x_wconf 83' lang='lat' dir='ltr'><strong>Guelf.</strong></span> <span class='ocrx_word' id='word_1_302' title='bbox 834 3309 928 3336; x_wconf 89' lang='lat' dir='ltr'><strong>non</strong></span> <span class='ocrx_word' id='word_1_303' title='bbox 951 3292 1096 3335; x_wconf 84' lang='lat' dir='ltr'><strong>hahet.</strong></span> 
     </span>
    </p>
   </div>
   <div class='ocr_carea' id='block_1_13' title="bbox 241 3347 1134 3462">
    <p class='ocr_par' dir='ltr' id='par_1_15' title="bbox 241 3347 1134 3462">
     <span class='ocr_line' id='line_1_45' title="bbox 296 3347 1134 3407; baseline -0.007 -12"><span class='ocrx_word' id='word_1_304' title='bbox 296 3353 519 3407; x_wconf 81' lang='lat' dir='ltr'><strong>implevit.</strong></span> <span class='ocrx_word' id='word_1_305' title='bbox 607 3352 683 3394; x_wconf 88' lang='lat' dir='ltr'><strong>Sic</strong></span> <span class='ocrx_word' id='word_1_306' title='bbox 724 3361 829 3394; x_wconf 83' lang='lat' dir='ltr'><strong>vett.</strong></span> <span class='ocrx_word' id='word_1_307' title='bbox 885 3349 991 3393; x_wconf 83' lang='lat' dir='ltr'><strong>libri</strong></span> <span class='ocrx_word' id='word_1_308' title='bbox 1043 3347 1134 3392; x_wconf 81' lang='lat' dir='ltr'><strong>mei</strong></span> 
     </span>
     <span class='ocr_line' id='line_1_46' title="bbox 241 3409 779 3462; baseline -0.011 -8"><span class='ocrx_word' id='word_1_309' title='bbox 241 3425 424 3459; x_wconf 88' lang='lat' dir='ltr'><strong>omnes,</strong></span> <span class='ocrx_word' id='word_1_310' title='bbox 455 3423 551 3450; x_wconf 89' lang='lat' dir='ltr'><strong>non</strong></span> <span class='ocrx_word' id='word_1_311' title='bbox 576 3409 779 3462; x_wconf 80' lang='lat' dir='ltr'><strong>inplevit.</strong></span> 
     </span>
    </p>
   </div>
   <div class='ocr_carea' id='block_1_14' title="bbox 160 3476 1130 3652">
    <p class='ocr_par' dir='ltr' id='par_1_16' title="bbox 160 3476 1130 3652">
     <span class='ocr_line' id='line_1_47' title="bbox 160 3476 1128 3529; baseline -0.006 -6"><span class='ocrx_word' id='word_1_312' title='bbox 160 3512 167 3529; x_wconf 59' lang='lat' dir='ltr'>x</span> <span class='ocrx_word' id='word_1_313' title='bbox 298 3479 411 3523; x_wconf 78' lang='lat' dir='ltr'><strong>CAP.</strong></span> <span class='ocrx_word' id='word_1_314' title='bbox 433 3479 504 3521; x_wconf 72' lang='grc'><strong>22.</strong></span> <span class='ocrx_word' id='word_1_315' title='bbox 568 3477 649 3519; x_wconf 87' lang='lat' dir='ltr'><strong>Cn.</strong></span> <span class='ocrx_word' id='word_1_316' title='bbox 677 3478 873 3520; x_wconf 72' lang='lat' dir='ltr'><strong>Nonius.</strong></span> <span class='ocrx_word' id='word_1_317' title='bbox 934 3476 1009 3520; x_wconf 82' lang='lat' dir='ltr'><strong>Sic</strong></span> <span class='ocrx_word' id='word_1_318' title='bbox 1031 3477 1128 3520; x_wconf 87' lang='lat' dir='ltr'><strong>MS.</strong></span> 
     </span>
     <span class='ocr_line' id='line_1_48' title="bbox 241 3534 1130 3592; baseline -0.007 -11"><span class='ocrx_word' id='word_1_319' title='bbox 241 3538 363 3581; x_wconf 82' lang='lat' dir='ltr'><strong>Flor.</strong></span> <span class='ocrx_word' id='word_1_320' title='bbox 392 3541 509 3592; x_wconf 79' lang='lat' dir='ltr'><strong>(test.</strong></span> <span class='ocrx_word' id='word_1_321' title='bbox 536 3534 653 3578; x_wconf 86' lang='lat' dir='ltr'><strong>Vict.</strong></span> <span class='ocrx_word' id='word_1_322' title='bbox 680 3542 719 3575; x_wconf 77' lang='lat' dir='ltr'><strong>et</strong></span> <span class='ocrx_word' id='word_1_323' title='bbox 746 3534 892 3587; x_wconf 82' lang='lat' dir='ltr'><strong>Pich.)</strong></span> <span class='ocrx_word' id='word_1_324' title='bbox 923 3534 1023 3576; x_wconf 83' lang='lat' dir='ltr'><strong>edd.</strong></span> <span class='ocrx_word' id='word_1_325' title='bbox 1049 3534 1130 3576; x_wconf 74' lang='lat' dir='ltr'><strong>Ei·-</strong></span> 
     </span>
     <span class='ocr_line' id='line_1_49' title="bbox 238 3591 1125 3652; baseline -0.005 -14"><span class='ocrx_word' id='word_1_326' title='bbox 238 3602 354 3640; x_wconf 82' lang='lat' dir='ltr'><strong>nest.</strong></span> <span class='ocrx_word' id='word_1_327' title='bbox 383 3608 480 3652; x_wconf 79' lang='lat' dir='ltr'><strong>sqq.</strong></span> <span class='ocrx_word' id='word_1_328' title='bbox 529 3591 578 3635; x_wconf 87' lang='lat' dir='ltr'><strong>S.</strong></span> <span class='ocrx_word' id='word_1_329' title='bbox 605 3594 665 3634; x_wconf 89' lang='lat' dir='ltr'><strong>N.</strong></span> <span class='ocrx_word' id='word_1_330' title='bbox 699 3591 878 3634; x_wconf 73' lang='lat' dir='ltr'><strong>Nonius</strong></span> <span class='ocrx_word' id='word_1_331' title='bbox 913 3592 980 3634; x_wconf 85' lang='lat' dir='ltr'><strong>ed.</strong></span> <span class='ocrx_word' id='word_1_332' title='bbox 1005 3592 1125 3648; x_wconf 85' lang='lat' dir='ltr'><strong>Spir.</strong></span> 
     </span>
    </p>
   </div>
   <div class='ocr_carea' id='block_1_15' title="bbox 1208 2147 2104 2319">
    <p class='ocr_par' dir='ltr' id='par_1_17' title="bbox 1208 2147 2104 2319">
     <span class='ocr_line' id='line_1_50' title="bbox 1270 2147 2103 2204; baseline 0.001 -13"><span class='ocrx_word' id='word_1_333' title='bbox 1270 2162 1408 2204; x_wconf 82' lang='lat' dir='ltr'><strong>eques</strong></span> <span class='ocrx_word' id='word_1_334' title='bbox 1433 2148 1699 2190; x_wconf 81' lang='lat' dir='ltr'><strong>Romanus.</strong></span> <span class='ocrx_word' id='word_1_335' title='bbox 1758 2147 1835 2191; x_wconf 92' lang='lat' dir='ltr'><strong>Sic</strong></span> <span class='ocrx_word' id='word_1_336' title='bbox 1862 2156 1970 2194; x_wconf 75' lang='lat' dir='ltr'><strong>vett.</strong></span> <span class='ocrx_word' id='word_1_337' title='bbox 1998 2147 2103 2202; x_wconf 79' lang='lat' dir='ltr'><strong>libri</strong></span> 
     </span>
     <span class='ocr_line' id='line_1_51' title="bbox 1211 2203 2095 2263; baseline 0.001 -14"><span class='ocrx_word' id='word_1_338' title='bbox 1211 2206 1299 2249; x_wconf 89' lang='lat' dir='ltr'><strong>mei</strong></span> <span class='ocrx_word' id='word_1_339' title='bbox 1322 2221 1495 2248; x_wconf 89' lang='lat' dir='ltr'><strong>omnes.</strong></span> <span class='ocrx_word' id='word_1_340' title='bbox 1553 2204 1669 2247; x_wconf 86' lang='lat' dir='ltr'><strong>Edd.</strong></span> <span class='ocrx_word' id='word_1_341' title='bbox 1696 2203 1814 2263; x_wconf 89' lang='lat' dir='ltr'><strong>Lips.</strong></span> <span class='ocrx_word' id='word_1_342' title='bbox 1837 2206 2008 2251; x_wconf 84' lang='lat' dir='ltr'><strong>addunt</strong></span> <span class='ocrx_word' id='word_1_343' title='bbox 2028 2209 2095 2250; x_wconf 85' lang='lat' dir='ltr'><strong>in-</strong></span> 
     </span>
     <span class='ocr_line' id='line_1_52' title="bbox 1208 2261 2104 2319; baseline 0.001 -12"><span class='ocrx_word' id='word_1_344' title='bbox 1208 2263 1375 2318; x_wconf 79' lang='lat' dir='ltr'><strong>signis,</strong></span> <span class='ocrx_word' id='word_1_345' title='bbox 1415 2261 1538 2319; x_wconf 90' lang='lat' dir='ltr'><strong>quod</strong></span> <span class='ocrx_word' id='word_1_346' title='bbox 1572 2263 1848 2306; x_wconf 83' lang='lat' dir='ltr'><strong>recentiores</strong></span> <span class='ocrx_word' id='word_1_347' title='bbox 1884 2265 2104 2317; x_wconf 87' lang='lat' dir='ltr'><strong>omisere;</strong></span> 
     </span>
    </p>
   </div>
   <div class='ocr_carea' id='block_1_16' title="bbox 1208 2316 2044 2378">
    <p class='ocr_par' dir='ltr' id='par_1_18' title="bbox 1208 2316 2044 2378">
     <span class='ocr_line' id='line_1_53' title="bbox 1208 2316 2044 2378; baseline 0.001 -14"><span class='ocrx_word' id='word_1_348' title='bbox 1208 2337 1294 2364; x_wconf 87' lang='lat' dir='ltr'><strong>nec</strong></span> <span class='ocrx_word' id='word_1_349' title='bbox 1316 2319 1478 2378; x_wconf 84' lang='lat' dir='ltr'><strong>legitur</strong></span> <span class='ocrx_word' id='word_1_350' title='bbox 1503 2320 1551 2361; x_wconf 90' lang='lat' dir='ltr'><strong>in</strong></span> <span class='ocrx_word' id='word_1_351' title='bbox 1574 2319 1709 2362; x_wconf 87' lang='lat' dir='ltr'><strong>MSS.</strong></span> <span class='ocrx_word' id='word_1_352' title='bbox 1737 2319 1855 2362; x_wconf 92' lang='lat' dir='ltr'><strong>Bud.</strong></span> <span class='ocrx_word' id='word_1_353' title='bbox 1889 2316 2044 2365; x_wconf 72' lang='lat' dir='ltr'><strong>Gu&#39;elf.</strong></span> 
     </span>
    </p>
   </div>
   <div class='ocr_carea' id='block_1_17' title="bbox 1207 2389 2105 3065">
    <p class='ocr_par' dir='ltr' id='par_1_19' title="bbox 1207 2389 2105 3065">
     <span class='ocr_line' id='line_1_54' title="bbox 1265 2389 2102 2445; baseline 0.005 -13"><span class='ocrx_word' id='word_1_354' title='bbox 1265 2393 1323 2432; x_wconf 86' lang='lat' dir='ltr'><strong>de</strong></span> <span class='ocrx_word' id='word_1_355' title='bbox 1345 2404 1395 2432; x_wconf 86' lang='lat' dir='ltr'><strong>se</strong></span> <span class='ocrx_word' id='word_1_356' title='bbox 1417 2404 1513 2432; x_wconf 86' lang='lat' dir='ltr'><strong>non</strong></span> <span class='ocrx_word' id='word_1_357' title='bbox 1533 2389 1767 2445; x_wconf 80' lang='lat' dir='ltr'><strong>inficiatus</strong></span> <span class='ocrx_word' id='word_1_358' title='bbox 1789 2392 1999 2435; x_wconf 76' lang='lat' dir='ltr'><strong>conscios</strong></span> <span class='ocrx_word' id='word_1_359' title='bbox 2017 2399 2102 2436; x_wconf 79' lang='lat' dir='ltr'><strong>etc.</strong></span> 
     </span>
     <span class='ocr_line' id='line_1_55' title="bbox 1208 2446 2102 2493; baseline 0.002 -2"><span class='ocrx_word' id='word_1_360' title='bbox 1208 2448 1357 2492; x_wconf 82' lang='lat' dir='ltr'><strong>Locus</strong></span> <span class='ocrx_word' id='word_1_361' title='bbox 1400 2447 1448 2489; x_wconf 92' lang='lat' dir='ltr'><strong>in</strong></span> <span class='ocrx_word' id='word_1_362' title='bbox 1488 2446 1622 2490; x_wconf 92' lang='lat' dir='ltr'><strong>MSS.</strong></span> <span class='ocrx_word' id='word_1_363' title='bbox 1667 2448 1913 2492; x_wconf 79' lang='lat' dir='ltr'><strong>mutilatus.</strong></span> <span class='ocrx_word' id='word_1_364' title='bbox 1999 2449 2102 2493; x_wconf 90' lang='lat' dir='ltr'><strong>MS.</strong></span> 
     </span>
     <span class='ocr_line' id='line_1_56' title="bbox 1210 2504 2105 2560; baseline 0 -12"><span class='ocrx_word' id='word_1_365' title='bbox 1210 2506 1335 2549; x_wconf 86' lang='lat' dir='ltr'><strong>Flor.</strong></span> <span class='ocrx_word' id='word_1_366' title='bbox 1370 2506 1493 2560; x_wconf 79' lang='lat' dir='ltr'><strong>(test.</strong></span> <span class='ocrx_word' id='word_1_367' title='bbox 1522 2504 1668 2558; x_wconf 89' lang='lat' dir='ltr'><strong>Vict.)</strong></span> <span class='ocrx_word' id='word_1_368' title='bbox 1704 2521 1810 2549; x_wconf 88' lang='lat' dir='ltr'><strong>cum</strong></span> <span class='ocrx_word' id='word_1_369' title='bbox 1845 2504 2006 2549; x_wconf 86' lang='lat' dir='ltr'><strong>lacuna</strong></span> <span class='ocrx_word' id='word_1_370' title='bbox 2045 2509 2105 2548; x_wconf 85' lang='lat' dir='ltr'><strong>de</strong></span> 
     </span>
     <span class='ocr_line' id='line_1_57' title="bbox 1209 2561 2103 2606; baseline 0 0"><span class='ocrx_word' id='word_1_371' title='bbox 1209 2577 1259 2606; x_wconf 83' lang='lat' dir='ltr'><strong>se</strong></span> <span class='ocrx_word' id='word_1_372' title='bbox 1289 2561 1406 2604; x_wconf 84' lang='lat' dir='ltr'><strong>noni</strong></span> <span class='ocrx_word' id='word_1_373' title='bbox 1429 2592 1581 2604; x_wconf 89' lang='lat'><strong>......</strong></span> <span class='ocrx_word' id='word_1_374' title='bbox 1605 2563 1831 2604; x_wconf 83' lang='lat' dir='ltr'><strong>conscios.</strong></span> <span class='ocrx_word' id='word_1_375' title='bbox 1903 2562 2103 2606; x_wconf 81' lang='lat' dir='ltr'><strong>Consen-</strong></span> 
     </span>
     <span class='ocr_line' id='line_1_58' title="bbox 1208 2617 2102 2664; baseline 0.003 -3"><span class='ocrx_word' id='word_1_376' title='bbox 1208 2619 1329 2661; x_wconf 81' lang='lat' dir='ltr'><strong>tiunt</strong></span> <span class='ocrx_word' id='word_1_377' title='bbox 1373 2617 1568 2661; x_wconf 85' lang='lat' dir='ltr'><strong>Pichena</strong></span> <span class='ocrx_word' id='word_1_378' title='bbox 1613 2627 1657 2662; x_wconf 88' lang='lat' dir='ltr'><strong>et</strong></span> <span class='ocrx_word' id='word_1_379' title='bbox 1696 2618 1784 2663; x_wconf 86' lang='lat' dir='ltr'><strong>Iac.</strong></span> <span class='ocrx_word' id='word_1_380' title='bbox 1825 2618 2102 2664; x_wconf 85' lang='lat' dir='ltr'><strong>Gronovius.</strong></span> 
     </span>
     <span class='ocr_line' id='line_1_59' title="bbox 1209 2675 2104 2734; baseline 0.001 -16"><span class='ocrx_word' id='word_1_381' title='bbox 1209 2677 1313 2719; x_wconf 75' lang='lat' dir='ltr'><strong>MS.</strong></span> <span class='ocrx_word' id='word_1_382' title='bbox 1336 2676 1518 2718; x_wconf 78' lang='lat' dir='ltr'><strong>Parnes.</strong></span> <span class='ocrx_word' id='word_1_383' title='bbox 1546 2678 1666 2731; x_wconf 86' lang='lat' dir='ltr'><strong>(test.</strong></span> <span class='ocrx_word' id='word_1_384' title='bbox 1691 2675 1810 2734; x_wconf 88' lang='lat' dir='ltr'><strong>Lips.</strong></span> <span class='ocrx_word' id='word_1_385' title='bbox 1865 2681 1923 2720; x_wconf 84' lang='lat' dir='ltr'><strong>de</strong></span> <span class='ocrx_word' id='word_1_386' title='bbox 1944 2692 1995 2720; x_wconf 83' lang='lat' dir='ltr'><strong>se</strong></span> <span class='ocrx_word' id='word_1_387' title='bbox 2013 2693 2104 2720; x_wconf 79' lang='lat' dir='ltr'><strong>no-</strong></span> 
     </span>
     <span class='ocr_line' id='line_1_60' title="bbox 1210 2733 2103 2778; baseline 0.004 -4"><span class='ocrx_word' id='word_1_388' title='bbox 1210 2734 1261 2774; x_wconf 84' lang='lat' dir='ltr'><strong>vi</strong></span> <span class='ocrx_word' id='word_1_389' title='bbox 1288 2763 1466 2776; x_wconf 90' lang='grc'><strong>......</strong></span> <span class='ocrx_word' id='word_1_390' title='bbox 1499 2733 1721 2776; x_wconf 77' lang='lat' dir='ltr'><strong>conscios.</strong></span> <span class='ocrx_word' id='word_1_391' title='bbox 1831 2735 2023 2778; x_wconf 82' lang='lat' dir='ltr'><strong>roterius</strong></span> <span class='ocrx_word' id='word_1_392' title='bbox 2055 2735 2103 2778; x_wconf 91' lang='lat' dir='ltr'><strong>in</strong></span> 
     </span>
     <span class='ocr_line' id='line_1_61' title="bbox 1208 2789 2104 2850; baseline 0.001 -16"><span class='ocrx_word' id='word_1_393' title='bbox 1208 2790 1354 2834; x_wconf 74' lang='lat' dir='ltr'><strong>tribus</strong></span> <span class='ocrx_word' id='word_1_394' title='bbox 1375 2789 1603 2833; x_wconf 84' lang='lat' dir='ltr'><strong>Vaticanis</strong></span> <span class='ocrx_word' id='word_1_395' title='bbox 1634 2790 1803 2834; x_wconf 84' lang='lat' dir='ltr'><strong>hiatum</strong></span> <span class='ocrx_word' id='word_1_396' title='bbox 1832 2808 1926 2836; x_wconf 90' lang='lat' dir='ltr'><strong>non</strong></span> <span class='ocrx_word' id='word_1_397' title='bbox 1948 2808 2104 2850; x_wconf 86' lang='lat' dir='ltr'><strong>reppe-</strong></span> 
     </span>
     <span class='ocr_line' id='line_1_62' title="bbox 1209 2847 2103 2906; baseline 0.002 -16"><span class='ocrx_word' id='word_1_398' title='bbox 1209 2847 1281 2896; x_wconf 83' lang='lat' dir='ltr'><strong>rit,</strong></span> <span class='ocrx_word' id='word_1_399' title='bbox 1311 2863 1466 2889; x_wconf 85' lang='lat' dir='ltr'><strong>verum</strong></span> <span class='ocrx_word' id='word_1_400' title='bbox 1493 2857 1706 2906; x_wconf 83' lang='lat' dir='ltr'><strong>corrupta</strong></span> <span class='ocrx_word' id='word_1_401' title='bbox 1728 2849 1971 2892; x_wconf 84' lang='lat' dir='ltr'><strong>admodum</strong></span> <span class='ocrx_word' id='word_1_402' title='bbox 1995 2853 2103 2892; x_wconf 70' lang='grc'><em>(130-</em></span> 
     </span>
     <span class='ocr_line' id='line_1_63' title="bbox 1207 2906 2099 2955; baseline 0.004 -9"><span class='ocrx_word' id='word_1_403' title='bbox 1207 2906 1342 2955; x_wconf 85' lang='lat' dir='ltr'><strong>noni,</strong></span> <span class='ocrx_word' id='word_1_404' title='bbox 1376 2909 1433 2946; x_wconf 85' lang='lat' dir='ltr'><strong>de</strong></span> <span class='ocrx_word' id='word_1_405' title='bbox 1456 2907 1644 2955; x_wconf 81' lang='lat' dir='ltr'><strong>senoni,</strong></span> <span class='ocrx_word' id='word_1_406' title='bbox 1673 2909 1730 2948; x_wconf 86' lang='lat' dir='ltr'><strong>de</strong></span> <span class='ocrx_word' id='word_1_407' title='bbox 1753 2920 1804 2948; x_wconf 82' lang='lat' dir='ltr'><strong>se</strong></span> <span class='ocrx_word' id='word_1_408' title='bbox 1823 2908 1951 2950; x_wconf 83' lang='lat' dir='ltr'><strong>novi.</strong></span> <span class='ocrx_word' id='word_1_409' title='bbox 2013 2906 2099 2950; x_wconf 88' lang='lat' dir='ltr'><strong>Ed.</strong></span> 
     </span>
     <span class='ocr_line' id='line_1_64' title="bbox 1208 2963 2100 3020; baseline 0.004 -16"><span class='ocrx_word' id='word_1_410' title='bbox 1208 2963 1327 3020; x_wconf 84' lang='lat' dir='ltr'><strong>Spir.</strong></span> <span class='ocrx_word' id='word_1_411' title='bbox 1351 2965 1409 3004; x_wconf 89' lang='lat' dir='ltr'><strong>de</strong></span> <span class='ocrx_word' id='word_1_412' title='bbox 1421 2976 1538 3004; x_wconf 78' lang='lat' dir='ltr'><strong>sono</strong></span> <span class='ocrx_word' id='word_1_413' title='bbox 1559 2972 1581 3003; x_wconf 82' lang='grc' dir='ltr'><strong><em>ῑ</em></strong></span> <span class='ocrx_word' id='word_1_414' title='bbox 1601 2963 1800 3006; x_wconf 73' lang='lat' dir='ltr'><strong>conscios</strong></span> <span class='ocrx_word' id='word_1_415' title='bbox 1819 2963 1904 3007; x_wconf 81' lang='lat' dir='ltr'><strong>etc.</strong></span> <span class='ocrx_word' id='word_1_416' title='bbox 1965 2963 2100 3008; x_wconf 87' lang='lat' dir='ltr'><strong>MSS.</strong></span> 
     </span>
     <span class='ocr_line' id='line_1_65' title="bbox 1207 3018 2100 3065; baseline 0.004 -4"><span class='ocrx_word' id='word_1_417' title='bbox 1207 3018 1332 3062; x_wconf 87' lang='lat' dir='ltr'><strong>Harl.</strong></span> <span class='ocrx_word' id='word_1_418' title='bbox 1353 3019 1583 3064; x_wconf 85' lang='lat' dir='ltr'><strong>Bodl.1es.</strong></span> <span class='ocrx_word' id='word_1_419' title='bbox 1601 3018 1750 3063; x_wconf 83' lang='lat' dir='ltr'><strong>Guelf.</strong></span> <span class='ocrx_word' id='word_1_420' title='bbox 1764 3020 1880 3063; x_wconf 89' lang='lat' dir='ltr'><strong>Bud.</strong></span> <span class='ocrx_word' id='word_1_421' title='bbox 1893 3024 1950 3064; x_wconf 83' lang='lat' dir='ltr'><strong>de</strong></span> <span class='ocrx_word' id='word_1_422' title='bbox 1960 3037 2011 3065; x_wconf 81' lang='lat' dir='ltr'><strong>se</strong></span> <span class='ocrx_word' id='word_1_423' title='bbox 2021 3037 2100 3065; x_wconf 81' lang='lat' dir='ltr'><strong>no·</strong></span> 
     </span>
    </p>
   </div>
   <div class='ocr_carea' id='block_1_18' title="bbox 1207 3077 2101 3122">
    <p class='ocr_par' dir='ltr' id='par_1_20' title="bbox 1207 3077 2101 3122">
     <span class='ocr_line' id='line_1_66' title="bbox 1207 3077 2101 3122; baseline 0.004 -3"><span class='ocrx_word' id='word_1_424' title='bbox 1207 3079 1307 3119; x_wconf 83' lang='lat' dir='ltr'><strong>vius</strong></span> <span class='ocrx_word' id='word_1_425' title='bbox 1320 3079 1519 3118; x_wconf 72' lang='lat' dir='ltr'><strong>conscios</strong></span> <span class='ocrx_word' id='word_1_426' title='bbox 1531 3085 1611 3119; x_wconf 66' lang='lat' dir='ltr'><strong>etc.</strong></span> <span class='ocrx_word' id='word_1_427' title='bbox 1629 3077 1722 3119; x_wconf 87' lang='lat' dir='ltr'><strong>sine</strong></span> <span class='ocrx_word' id='word_1_428' title='bbox 1736 3077 1909 3122; x_wconf 86' lang='lat' dir='ltr'><strong>lacuna.</strong></span> <span class='ocrx_word' id='word_1_429' title='bbox 1932 3079 2101 3122; x_wconf 80' lang='lat' dir='ltr'><strong>Eadem</strong></span> 
     </span>
    </p>
   </div>
   <div class='ocr_carea' id='block_1_19' title="bbox 1207 3133 2164 3259">
    <p class='ocr_par' dir='ltr' id='par_1_21' title="bbox 1207 3133 2164 3259">
     <span class='ocr_line' id='line_1_67' title="bbox 1208 3133 2164 3190; baseline 0.005 -15"><span class='ocrx_word' id='word_1_430' title='bbox 1208 3149 1462 3190; x_wconf 83' lang='lat' dir='ltr'><strong>expressere</strong></span> <span class='ocrx_word' id='word_1_431' title='bbox 1487 3133 1587 3176; x_wconf 91' lang='lat' dir='ltr'><strong>edd.</strong></span> <span class='ocrx_word' id='word_1_432' title='bbox 1613 3133 1714 3176; x_wconf 86' lang='lat' dir='ltr'><strong>Put.</strong></span> <span class='ocrx_word' id='word_1_433' title='bbox 1746 3135 1811 3178; x_wconf 92' lang='lat' dir='ltr'><strong>M.</strong></span> <span class='ocrx_word' id='word_1_434' title='bbox 1835 3144 1879 3179; x_wconf 74' lang='lat' dir='ltr'><strong>et</strong></span> <span class='ocrx_word' id='word_1_435' title='bbox 1905 3136 1958 3180; x_wconf 89' lang='lat' dir='ltr'><strong>V.</strong></span> <span class='ocrx_word' id='word_1_436' title='bbox 1993 3136 2100 3180; x_wconf 87' lang='lat' dir='ltr'><strong>Ber.</strong></span> <span class='ocrx_word' id='word_1_437' title='bbox 2163 3146 2164 3151; x_wconf 77' lang='grc'>’</span> 
     </span>
     <span class='ocr_line' id='line_1_68' title="bbox 1207 3190 2164 3259; baseline 0.006 -26"><span class='ocrx_word' id='word_1_438' title='bbox 1207 3190 1309 3237; x_wconf 80' lang='lat' dir='ltr'><strong>Ale.</strong></span> <span class='ocrx_word' id='word_1_439' title='bbox 1344 3190 1547 3234; x_wconf 87' lang='lat' dir='ltr'><strong>Rhenan.</strong></span> <span class='ocrx_word' id='word_1_440' title='bbox 1584 3190 1686 3234; x_wconf 87' lang='lat' dir='ltr'><strong>Ald.</strong></span> <span class='ocrx_word' id='word_1_441' title='bbox 1727 3192 1892 3259; x_wconf 65' lang='lat' dir='ltr'><strong>absque</strong></span> <span class='ocrx_word' id='word_1_442' title='bbox 1923 3193 2100 3239; x_wconf 84' lang='lat' dir='ltr'><strong>lacuna.</strong></span> <span class='ocrx_word' id='word_1_443' title='bbox 2163 3196 2164 3220; x_wconf 68' lang='lat'><em>³</em></span> 
     </span>
    </p>
   </div>
   <div class='ocr_carea' id='block_1_20' title="bbox 1192 3247 2106 3591">
    <p class='ocr_par' dir='ltr' id='par_1_22' title="bbox 1192 3247 2106 3591">
     <span class='ocr_line' id='line_1_69' title="bbox 1209 3247 2106 3348; baseline 0.006 -59"><span class='ocrx_word' id='word_1_444' title='bbox 1209 3248 1308 3291; x_wconf 91' lang='lat' dir='ltr'><strong>MS.</strong></span> <span class='ocrx_word' id='word_1_445' title='bbox 1334 3247 1443 3348; x_wconf 51' lang='lat' dir='ltr'><strong>Agr.</strong></span> <span class='ocrx_word' id='word_1_446' title='bbox 1468 3250 1585 3303; x_wconf 89' lang='lat' dir='ltr'><strong>(test.</strong></span> <span class='ocrx_word' id='word_1_447' title='bbox 1612 3247 1807 3307; x_wconf 82' lang='lat' dir='ltr'><strong>Ryckio)</strong></span> <span class='ocrx_word' id='word_1_448' title='bbox 1838 3267 1933 3294; x_wconf 77' lang='lat' dir='ltr'><strong>sine</strong></span> <span class='ocrx_word' id='word_1_449' title='bbox 1958 3251 2106 3310; x_wconf 58' lang='lat' dir='ltr'><strong>suspi-‚</strong></span> 
     </span>
     <span class='ocr_line' id='line_1_70' title="bbox 1207 3305 2097 3351; baseline 0.006 -5"><span class='ocrx_word' id='word_1_450' title='bbox 1207 3306 1336 3347; x_wconf 81' lang='lat' dir='ltr'><strong>cione</strong></span> <span class='ocrx_word' id='word_1_451' title='bbox 1403 3305 1572 3348; x_wconf 86' lang='lat' dir='ltr'><strong>efectus</strong></span> <span class='ocrx_word' id='word_1_452' title='bbox 1609 3305 1761 3349; x_wconf 83' lang='lat' dir='ltr'><strong>habet:</strong></span> <span class='ocrx_word' id='word_1_453' title='bbox 1809 3310 1867 3349; x_wconf 82' lang='lat' dir='ltr'><strong>de</strong></span> <span class='ocrx_word' id='word_1_454' title='bbox 1901 3323 1954 3350; x_wconf 84' lang='lat' dir='ltr'><strong>se</strong></span> <span class='ocrx_word' id='word_1_455' title='bbox 1983 3324 2097 3351; x_wconf 81' lang='lat' dir='ltr'><strong>con-</strong></span> 
     </span>
     <span class='ocr_line' id='line_1_71' title="bbox 1192 3362 2097 3420; baseline 0.009 -18"><span class='ocrx_word' id='word_1_456' title='bbox 1192 3362 1357 3417; x_wconf 84' lang='lat' dir='ltr'><strong>fessus</strong></span> <span class='ocrx_word' id='word_1_457' title='bbox 1389 3365 1591 3405; x_wconf 81' lang='lat' dir='ltr'><strong>conscios</strong></span> <span class='ocrx_word' id='word_1_458' title='bbox 1619 3378 1713 3404; x_wconf 84' lang='lat' dir='ltr'><strong>non</strong></span> <span class='ocrx_word' id='word_1_459' title='bbox 1747 3365 1907 3407; x_wconf 74' lang='lat' dir='ltr'><strong>edidit.</strong></span> <span class='ocrx_word' id='word_1_460' title='bbox 1967 3365 2097 3420; x_wconf 86' lang='lat' dir='ltr'><strong>Quae</strong></span> 
     </span>
     <span class='ocr_line' id='line_1_72' title="bbox 1205 3418 2097 3480; baseline 0.007 -20"><span class='ocrx_word' id='word_1_461' title='bbox 1205 3418 1240 3460; x_wconf 86' lang='lat' dir='ltr'><strong>si</strong></span> <span class='ocrx_word' id='word_1_462' title='bbox 1270 3419 1547 3470; x_wconf 87' lang='lat' dir='ltr'><strong>consideras,</strong></span> <span class='ocrx_word' id='word_1_463' title='bbox 1586 3429 1706 3477; x_wconf 80' lang='lat' dir='ltr'><strong>patet</strong></span> <span class='ocrx_word' id='word_1_464' title='bbox 1742 3419 1905 3470; x_wconf 84' lang='lat' dir='ltr'><strong>libros,</strong></span> <span class='ocrx_word' id='word_1_465' title='bbox 1936 3423 2013 3480; x_wconf 85' lang='lat' dir='ltr'><strong>qui</strong></span> <span class='ocrx_word' id='word_1_466' title='bbox 2039 3423 2097 3466; x_wconf 87' lang='lat' dir='ltr'><strong>la·</strong></span> 
     </span>
     <span class='ocr_line' id='line_1_73' title="bbox 1205 3477 2097 3533; baseline 0.007 -16"><span class='ocrx_word' id='word_1_467' title='bbox 1205 3491 1368 3518; x_wconf 80' lang='lat' dir='ltr'><strong>cunam</strong></span> <span class='ocrx_word' id='word_1_468' title='bbox 1405 3477 1603 3533; x_wconf 82' lang='lat' dir='ltr'><strong>explent,</strong></span> <span class='ocrx_word' id='word_1_469' title='bbox 1639 3493 1715 3519; x_wconf 79' lang='lat' dir='ltr'><strong>sua</strong></span> <span class='ocrx_word' id='word_1_470' title='bbox 1750 3478 1912 3522; x_wconf 87' lang='lat' dir='ltr'><strong>debere</strong></span> <span class='ocrx_word' id='word_1_471' title='bbox 1942 3482 2097 3524; x_wconf 83' lang='lat' dir='ltr'><strong>manui</strong></span> 
     </span>
     <span class='ocr_line' id='line_1_74' title="bbox 1202 3533 2094 3591; baseline 0.007 -17"><span class='ocrx_word' id='word_1_472' title='bbox 1202 3534 1528 3585; x_wconf 70' lang='lat' dir='ltr'><strong>emendatoris,</strong></span> <span class='ocrx_word' id='word_1_473' title='bbox 1576 3551 1659 3578; x_wconf 83' lang='lat' dir='ltr'><strong>nee</strong></span> <span class='ocrx_word' id='word_1_474' title='bbox 1692 3533 1792 3591; x_wconf 88' lang='lat' dir='ltr'><strong>plu-s</strong></span> <span class='ocrx_word' id='word_1_475' title='bbox 1825 3534 1986 3580; x_wconf 81' lang='lat' dir='ltr'><strong>habere</strong></span> <span class='ocrx_word' id='word_1_476' title='bbox 2017 3553 2094 3579; x_wconf 84' lang='lat' dir='ltr'><strong>au-</strong></span> 
     </span>
    </p>
   </div>
   <div class='ocr_carea' id='block_1_21' title="bbox 1201 3590 2094 3647">
    <p class='ocr_par' dir='ltr' id='par_1_23' title="bbox 1201 3590 2094 3647">
     <span class='ocr_line' id='line_1_75' title="bbox 1201 3590 2094 3647; baseline 0.007 -16"><span class='ocrx_word' id='word_1_477' title='bbox 1201 3590 1417 3634; x_wconf 74' lang='lat' dir='ltr'><strong>ctoritatis</strong></span> <span class='ocrx_word' id='word_1_478' title='bbox 1471 3606 1604 3647; x_wconf 84' lang='lat' dir='ltr'><strong>quam</strong></span> <span class='ocrx_word' id='word_1_479' title='bbox 1666 3600 1835 3635; x_wconf 78' lang='lat' dir='ltr'><strong>ceteras</strong></span> <span class='ocrx_word' id='word_1_480' title='bbox 1885 3593 2094 3640; x_wconf 81' lang='lat' dir='ltr'><strong>virorum</strong></span> 
     </span>
    </p>
   </div>
   <div class='ocr_carea' id='block_1_22' title="bbox 2143 3938 2150 3990">
    <p class='ocr_par' dir='ltr' id='par_1_24' title="bbox 2143 3938 2150 3990">
     <span class='ocr_line' id='line_1_76' title="bbox 2143 3938 2150 3990; textangle 90"><span class='ocrx_word' id='word_1_481' title='bbox 2143 3938 2150 3990; x_wconf 56' lang='grc' dir='ltr'><strong>-ια-</strong></span> 
     </span>
    </p>
   </div>
  </div>
 </body>
</html>
