2164 3990
146 242 264 308 184
324 234 327 236 ’
822 243 1322 308 ANNALIUM

1689 239 1914 328 1:21³&

146 374 520 444 concederet,
584 377 745 454 quod
780 378 1147 432 datum-‘non
1183 378 1559 443 adimeretur.
1646 377 1830 440 'Haec
1864 389 2005 440 sen-

143 463 328 522 tentia
354 461 578 532 valuit,
638 462 984 537 scripsitque
1018 457 1233 520 Caesar
1268 465 1526 536 senatui,
1579 467 1862 542 privatim·
1902 484 2006 526 eit-³

145 550 494 625 penderent
517 567 754 605 causam
798 547 1176 617 libertorum,
1230 550 1504 625 quotiens
1536 571 1569 606 a
1604 553 1871 627 patronis
1909 573 2009 611 ar·-

150 645 494 709 guerentur:
531 634 597 690 in
625 640 935 715 commune
960 627 1116 693 nihil
1139 633 1442 708 derogent.
1510 635 1634 694 Nec
1657 637 1847 695 multo
1874 650 2010 714 post

153 732 385 796 ereptus
424 720 636 776 amitae
669 718 916 776 libertus
933 714 1101 774 Paris
1135 714 1303 794 quasi
1326 720 1455 778 iure
1483 721 1677 794 civili,
1719 743 1845 781 non
1882 724 2013 781 sine*

150 805 397 862 infamia
431 803 747 881 principiS‚
800 803 965 863 cuius
1000 803 1163 860 iussu
1196 817 1594 880 perpetratum
1629 808 2014 884 ingenuitatis

153 891 444 948 iudicium
474 901 613 948 erat.
759 940 760 943 ,
1091 962 1105 967 ⁸

325 972 611 1033 XXVIII.
687 971 975 1031 Manebat
1027 970 1424 1031 nihilominus
1477 978 1767 1052 quaedam
1821 980 2015 1055 imago

152 1061 241 1119 rei
273 1061 564 1138 publicae.
594 1120 599 1134 A
643 1080 784 1116 nam
815 1060 972 1118 inter
995 1058 1334 1117 Vibullium
1370 1074 1703 1136 praetorem
1735 1075 1793 1121 et
1822 1065 2018 1140 plebei

153 1148 464 1206 tribunum
492 1140 822 1203 Antistium
847 1158 1045 1203 ortum
1080 1158 1404 1216 certamen,
1448 1149 1609 1223 quod
1640 1149 2020 1227 immodestos

154 1233 414 1290 fautores
444 1226 806 1289 histrionum
843 1243 900 1290 et
935 1252 968 1288 a
1000 1245 1269 1308 praetore
1317 1234 1381 1288 in
1419 1233 1615 1290 vincla
1658 1236 1866 1292 ductos
1910 1235 2023 1292 tri—

152 1318 352 1375 bunus
391 1316 586 1374 omitti
629 1317 907 1378 iussisset.
1006 1319 1462 1392 comprobavere
1513 1330 1707 1393 patres
1756 1320 2022 1378 incusata

154 1401 406 1461 Antistii
431 1402 685 1463 licentia.
775 1403 971 1462 Simul
994 1400 1286 1478 prohibiti
1309 1404 1539 1461 tribuni
1562 1404 1655 1461 ius
1683 1417 2024 1480 praetorum

156 1495 213 1545 et
236 1488 549 1546 consulum
568 1490 903 1565 praeripere
929 1500 1030 1545 aut
1056 1510 1266 1545 vocare
1303 1511 1369 1546 ex
1392 1487 1592 1559 Italia,
1634 1509 1770 1548 cum
1810 1477 2026 1568 quibus

156 1574 285 1648 lege
318 1574 413 1647 agi
448 1585 661 1650 posset.
747 1571 1003 1632 Addidit
1031 1572 1100 1633 L.
1124 1573 1263 1631 Piso
1301 1575 1638 1648 designatus
1669 1577 1911 1647 consul,
1944 1597 2026 1641 ne

160 1660 307 1736 quid
339 1660 496 1716 intra
524 1661 768 1716 domum
804 1680 911 1735 pro
936 1671 1220 1734 potestate
1256 1661 1654 1717 adverterent:
1699 1681 1847 1717 neve
1870 1663 2030 1718 mul-—

160 1754 282 1801 tam
308 1746 383 1802 ab
415 1745 488 1800 iis
524 1745 742 1803 dictam
779 1756 1114 1822 quaestores
1148 1745 1361 1803 aerarii
1397 1745 1463 1801 in
1497 1746 1767 1821 publicas
1800 1747 2030 1805 tabulas

167 1989 180 2023 ἱ
221 1980 408 2024 datum.
465 1978 551 2022 Ed.
583 1977 701 2038 Spir.
737 1981 906 2022 latum.
977 1977 1064 2021 Ea-

166 2037 267 2082 de‘m
290 2038 555 2094 scriptaque
573 2053 657 2096 pro
680 2037 964 2090 scripsitque.

225 2098 556 2150 eaependerent.
616 2093 753 2137 MSS.
773 2092 909 2137 Bodl.
925 2092 1065 2137 Corb.

170 2151 473 2209 expedirent.
510 2179 513 2182 >
538 2183 541 2186 ⁴

227 2207 464 2264 derogent.
524 2210 600 2254 Sic
611 2209 747 2253 MSS.
767 2218 818 2252 et
838 2215 943 2252 vett.
968 2207 1069 2252 edd.

170 2277 390 2328 quantum
422 2277 600 2311 constat
623 2278 808 2310 omnes.
879 2265 942 2308 Ex
963 2266 1068 2308 Mu-

166 2326 254 2371 reti
287 2325 500 2385 opinione
534 2324 846 2368 edd‘.›.Emest.
870 2322 1068 2371 Broterii

171 2401 270 2445 sqq.
296 2383 457 2428 dedere
481 2382 785 2436 deroffizrent,
818 2380 923 2439 quia
944 2394 1069 2438 prae·

170 2442 304 2494 cessit
329 2445 663 2494 expenderent.
721 2439 810 2484 Sed
834 2439 979 2490 utrius
1014 2453 1070 2480 ue

171 2500 305 2550 verbi·
327 2499 445 2547 ratio
467 2498 579 2542 'satis
617 2498 786 2541 diversa
822 2503 904 2540 est.
1006 2510 1069 2538 x-

169 2552 430 2614 pen'derent
453 2555 583 2604 dicit,
614 2571 728 2613 quae
755 2553 852 2597 fieri
877 2561 1071 2612 possent,

176 2615 220 2660 si*
247 2616 378 2660 'casus
413 2615 593 2658 daretur
631 2615 728 2667 (sie
762 2614 968 2655 kannten
1002 2609 1073 2654 vel

175 2673 392 2716 r'r'chhten
409 2674 689 2728 -emvdgenj3
723 2686 859 2728 quare
888 2669 1075 2727 ponitur

175 2730 278 2774 ino
313 2730 463 2774 tativo.
532 2730 776 2783 Der-agent
808 2743 918 2772 vero
953 2726 1076 2777 dicit,

178 2749 310 2847 quod)
334 2786 423 2830 iam
446 2787 540 2829 fieri
568 2787 697 2829 debet
726 2786 768 2828 h.
803 2801 841 2827 e.
875 2784 1081 2835 iubetur3

178 2847 324 2905 igitur·
335 2856 430 2888 non
443 2844 618 2902 ¹pendet
632 2861 686 2893 sex
704 2842 984 2902 ‘cogitatione
1010 2857 1079 2883 ca·

180 2903 467 2960 suum,1-3qui
509 2918 603 2945 esse
637 2908 842 2959 possunt.
926 2897 1081 2941 Simile

181 2960 315 3021 plane
350 2958 600 3019 exemplum
628 2959 825 3005 vidimus
849 2955 889 3010 3,
910 2956 980 3000 67.
1002 2955 1078 2998 in-

183 3025 500 3074 terrogentur.
548 3016 619 3061 cs.
642 3016 708 3059 ibi
728 3025 828 3059 not.

241 3077 465 3129 amitae.>
499 3076 574 3119 Sc.
612 3074 852 3123 Domitiae.
916 3069 979 3115 ef.
1014 3068 1082 3118 13,

242 3194 342 3234 iure
378 3191 512 3234 ciuili.

187 3249 284 3291 vili.

247 3305 362 3353 CAP.
398 3307 470 3350 28.
532 3305 807 3349 Vibullium.
869 3300 947 3345 Sic
981 3298 1084 3343 edd.

186 3364 309 3424 Lips.
343 3379 439 3420 sqq.
522 3363 780 3407 Bz'bullium
828 3358 932 3403 edd.
975 3365 1085 3402 vett.

194 3437 324 3478 cum
362 3421 509 3465 silent.
542 3422 686 3475 Vict.)
726 3428 770 3462 et
801 3415 939 3460 MSS.
971 3415 1083 3472 Reg.

191 3426 354 3532 ssodh,
402 3479 570 3536 vulgari
610 3478 861 3521 litterarum
908 3488 1087 3532 permu-

195 3537 380 3581 tatione.
439 3533 715 3578 MSS.IIarl.
741 3532 1085 3591 Ies.Bibulum.

193 3595 296 3640 MS.
321 3592 475 3637 Guelf.
496 3592 750 3635 Bibulium.

588 3189 677 3253 Ed.
709 3187 829 3246 Spir.
859 3187 983 3229 vitae
1018 3186 1080 3227 ci-

1197 1985 1242 2020 et
1263 1993 1293 2020 a
1308 1985 1551 2034 praetore.
1613 1977 1716 2023 MS.
1748 1978 1833 2022 Ies.
1866 1976 2034 2023 omittit

1141 2042 1206 2086 et,
1246 2035 1369 2094 quod
1402 2036 1533 2078 etiam
1563 2035 1801 2079 Ernestius
1828 2051 2033 2094 superva-

1140 2108 1276 2136 cuum
1309 2104 1402 2136 esse
1437 2093 1553 2136 male
1585 2095 1781 2138 rebatur.
1842 2092 1956 2136 Nam
1988 2101 2035 2136 ec

1139 2150 1213 2194 hic
1244 2150 1375 2194 habet
1396 2151 1492 2205 vim
1525 2150 1858 2210 explicativam,
1907 2150 2034 2195 dicto-

1142 2222 1229 2265 que
1248 2211 1434 2258 ductos,
1467 2209 1568 2265 quia
1589 2211 1914 2252 immodestos.
1970 2207 2033 2252 ef.

1140 2274 1237 2309 not.
1258 2266 1314 2310 ad
1345 2268 1381 2317 1,
1404 2265 1474 2309 55.
1646 2296 1671 2327 ι

1177 2395 1186 2405 ·
1195 2344 1487 2390 praetorum.
1561 2336 1647 2382 Ed.
1687 2309 1808 2405 Spir.
1842 2323 2035 2392 praeto·

1138 2409 1280 2438 ''lum-

1202 2481 1309 2508 cum
1339 2466 1514 2521 quibus.
1583 2463 1686 2509 MS.
1707 2462 1820 2524 Agr.
1852 2466 2038 2523 quibus-

1144 2538 1275 2572 cum,
1306 2538 1355 2566 ex
1380 2522 1708 2566 emendatione.

1172 2644 1175 2646 ‚
1201 2591 1476 2648 designatus
1508 2594 1679 2637 consul.
1750 2590 1853 2636 MS.
1880 2590 2040 2636 Guelf.

1146 2653 1307 2694 consul
1323 2651 1632 2703 dessignatus.

1206 2725 1522 2764 aduerterent.
1585 2718 1662 2763 Sic
1695 2719 1800 2763 MS.
1829 2716 1955 2764 Flor.
1990 2720 2044 2775 (t.

1153 2780 1295 2828 Vict..)
1331 2806 1389 2814 --
1451 2778 1888 2820 animadverterent
1942 2777 2045 2822 MS.

1153 2835 1304 2882 Guelf.
1334 2835 1433 2890 edd.
1461 2834 1580 2892 Spir..
1604 2834 1708 2878 Put.
1731 2834 1800 2880 M.
1827 2843 1871 2878 et
1884 2832 1940 2879 V.
1962 2831 2045 2879 Be-

1150 2894 1293 2939 roald.
1317 2891 1423 2937 Ale.
1452 2892 1595 2936 Rhen.
1621 2909 1721 2951 sqq.
1800 2891 1887 2937 Sed
1917 2891 2047 2937 'Taci-

1153 2963 1224 2996 tus
1244 2955 1495 2994 odvertere
1521 2958 1778 2994 constanter
1795 2949 1949 2994 scribit
1963 2946 2048 3008 pro

1153 3007 1546 3052 am'ma‘dvertere.
1580 3059 1583 3062 y
1619 3005 1679 3051 cf.
1713 3007 1756 3059 2,
1788 3007 1859 3051 32.
1899 3006 1940 3060 3,
1976 3006 2048 3050 52.

1152 3067 1192 3119 4,
1215 3067 1284 3110 35.
1310 3065 1379 3108 54.
1411 3067 1450 3118 5,
1473 3067 1514 3110 9.
1546 3065 1587 3115 6,
1610 3065 1681 3108 40.
1714 3065 1782 3117 12,
1804 3064 1879 3109 51.

1210 3140 1429 3180 multam.
1514 3136 1598 3180 Ed.
1642 3135 1760 3194 Spir.
1801 3131 2046 3178 mulc‘tam.

1155 3195 1359 3297 {edgid
1385 3203 1480 3239 not.
1507 3195 1562 3238 ad
1588 3196 1626 3244 l,
1645 3194 1715 3239 77.
1746 3194 1788 3243 6,
1803 3193 1845 3237 9.
1889 3191 2046 3236 Germ.

1213 3326 1273 3366 ab
1297 3325 1365 3367 its.
1418 3322 1502 3367 Ed.
1525 3321 1643 3380 Spir.
1665 3336 1768 3365 cum
1780 3318 1884 3363 MS.
1899 3316 2050 3364 Guelf-

1158 3383 1217 3425 αὖ
1238 3383 1311 3425 his
1325 3415 1339 3434 ‚
1366 3381 1537 3440 vulgari
1557 3377 1902 3439 permutatione.

1218 3474 1492 3523 quaestores
1523 3463 1714 3514 aerarii.
1776 3460 1837 3505 cf.
1866 3469 1964 3507 not.
1995 3461 2051 3506 ad

1162 3528 1202 3576 1,
1224 3524 1298 3568 75.
1368 3523 1479 3567 Mox
1510 3522 1614 3567 MS.
1646 3519 1799 3564 Guelf.
1837 3520 2052 3575 impubh‘-

1160 3597 1253 3628 cas.
1327 3599 1331 3602 ⁴
1855 3620 1858 3621 ⁷

2128 504 2156 596 f}-
