2164 3990
1749 295 1799 330 A.
1815 293 1869 330 n.
1881 294 1970 331 eos.

1749 337 1804 378 A.
1821 336 1867 374 c,
1910 338 1981 390 52„

196 300 320 363 116
359 347 392 357 ⁴.
850 289 1359 355 ANNALIUM
1398 327 1409 352 ι

199 428 506 487 castellum
548 423 848 494 GorneaS,
911 434 1108 480 tutum
1148 424 1279 484 loco
1331 445 1398 483 ac
1443 426 1755 502 praesidio
1780 429 2058 501 militum,

127 547 137 551 -
199 515 333 593 quis
362 512 598 592 Caelius
620 509 815 569 Pollio
852 509 1206 585 praefectus,
1251 512 1518 569 centurio
1543 510 1855 588 Casperius
1885 536 2058 592 prae—

198 612 340 660 erat.
426 593 597 657 Nihil
618 608 740 653 tam
766 596 1042 668 ignarum
1066 594 1334 652 barbaris
1367 617 1545 674 quam
1581 594 2056 658 machinamenta

195 698 254 743 et
275 696 434 742 astus
460 680 993 759 oppugnationum:
1035 690 1095 736 at
1122 680 1295 737 nobis
1325 701 1391 738 ea
1422 702 1557 758 pars
1588 683 1835 740 militiae
1867 687 2057 742 maxi-

193 791 290 828 me
315 789 498 844 gnara
526 779 628 827 est.
715 763 805 821 Ita
830 759 1256 822 Rha'damistus
1284 767 1503 824 frustra
1534 769 1630 824 vel
1666 790 1801 825 cum
1835 769 2055 828 damno

192 856 430 914 tentatis
461 850 899 910 munitionibus
938 850 1237 906 obsidium
1269 851 1505 928 incipit:
1561 866 1618 911 et
1655 875 1790 911 cum
1822 855 1914 912 vis
1949 876 2059 912 ne-

194 943 531 1018 gligeretur,
563 935 871 994 avaritiam
889 935 1169 1010 praefecti
1194 949 1535 1007 emereatur,
1559 939 1826 997 obstante
1837 938 2055 1016 Caspe—

189 1027 280 1084 rio
316 1046 394 1082 ne
429 1024 622 1082 socius
655 1041 788 1091 rex,
847 1039 923 1076 ne
956 1014 1243 1078 Armenia
1285 1022 1514 1079 donum
1549 1025 1759 1098 populi
1791 1022 2055 1083 Romani

191 1111 405 1170 scelere
446 1120 504 1167 et
539 1106 789 1184 pecunia
824 1117 1216 1166 mutarentur.
1300 1105 1634 1179 Postrem0‚
1676 1109 1816 1185 quia
1847 1111 2055 1168 multi-

189 1197 460 1256 tudinem
491 1190 757 1251 hostium
785 1187 980 1249 Pollio
998 1238 1016 1262 ,
1068 1192 1224 1248 iussa
1263 1192 1447 1269 patris
1487 1188 1913 1252 Rhadamistus
1944 1196 2055 1252 ob-

189 1282 544 1353 tendebant,
597 1288 800 1354 pactus
842 1277 1110 1335 inducias
1148 1278 1440 1348 abscedit,
1489 1290 1584 1349 ut,
1643 1278 1762 1335 nisi
1798 1274 2054 1336 Pharas-

189 1386 426 1426 manem
461 1363 621 1428 bello
663 1362 1100 1434 absterruisset,
1158 1362 1233 1424 T.
1269 1360 1642 1422 Ummidium
1678 1362 2052 1439 Quadratum
2122 1410 2127 1428 .

594 1608 697 1653 MS.
755 1607 912 1654 Guelf.
972 1602 1079 1664 gor-
1158 1607 1281 1666 quod
1327 1606 1590 1665 praeferunt
1623 1607 1758 1652 MSS.
1794 1607 1910 1652 Bud.
1937 1608 2048 1667 Agr.

232 1652 236 1655 ,
247 1608 484 1656 Gor'rzeas.

1846 1664 2048 1710 Praestat

185 1685 379 1727 ganeas.
839 1721 844 1727 ρ

244 1741 444 1787 Caelius.
504 1736 718 1796 Ed.Spir.
738 1736 923 1783 CelliuS.
977 1735 1084 1780 MS.

185 1798 335 1842 Guelf.
373 1796 476 1840 edd.
499 1796 602 1839 Put.
626 1796 694 1839 M.
721 1805 764 1839 et
788 1795 841 1838 V.
870 1794 1079 1838 Beroald.

182 1857 326 1900 Rhen.
350 1854 455 1898 Ald.
482 1854 646 1897 Celius.
668 1878 724 1888 —
771 1853 956 1896 Caelius
977 1851 1078 1895 edd.

182 1914 302 1972 Lips.
325 1928 424 1979 sqq.
455 1919 498 1953 et
520 1911 579 1953 ita
603 1911 650 1954 id
674 1926 847 1953 nomen
869 1909 1081 1952 scribitur

181 1973 230 2015 in
251 1967 564 2015 monumentis.

249 2040 518 2096 Casperius.
621 2036 819 2082 Ursinus
884 2036 1079 2079 malebat

179 2101 404 2154 Asperius
414 2115 431 2149 ;
479 2096 556 2139 sed
607 2111 779 2138 nomen
833 2093 1078 2148 Casperius

180 2157 348 2258 lqugpilgi
377 2155 509 2222 etjam
542 2152 661 2214 apud
689 2150 909 2210 xiphilin.
938 2151 1009 2203 68,
1033 2150 1076 2195 S.

149 2340 153 2343 ,
235 2297 442 2340 tentatis.
499 2293 582 2337 Ed.
596 2292 714 2352 Spir.
737 2293 960 2348 tempatis
983 2294 1074 2348 (vo-

179 2355 296 2399 lebat
318 2353 425 2397 dare
444 2352 728 2408 temptatis).

230 2436 507 2481 avaritiam.
565 2433 682 2478 Edd.
718 2433 836 2493 Spir.
870 2433 974 2478 Put.
1003 2433 1074 2478 Μ.

176 2503 219 2539 et
242 2495 299 2540 V.
323 2494 609 2542 avariciam,
638 2492 706 2535 uti
730 2491 892 2536 solent.

231 2565 478 2610 Armenia.
536 2562 623 2607 Ed.
647 2562 766 2621 Spir.
798 2562 1070 2606 Armeniae.

173 2623 266 2667 Pro
315 2625 575 2665 obtestante
624 2620 729 2664 MS.
773 2618 930 2664 Guelf.
985 2623 1070 2663 ob-

173 2687 348 2724 stante.

230 2756 551 2793 mutarentur.
613 2747 728 2790 Edd.
754 2746 855 2791 Put.
870 2746 937 2790 M.
955 2755 997 2791 et
1010 2746 1068 2791 V.

170 2805 384 2851 Beroald.
415 2805 559 2849 Rhen.
593 2821 690 2862 sqq.
725 2820 867 2864 usque
903 2805 958 2847 ad
988 2804 1068 2848 Er-

172 2866 367 2908 uestium
420 2866 741 2913 venderentur
793 2879 898 2905 cum
929 2861 1067 2906 MSS.

169 2922 295 2966 Harl.
320 2921 451 2964 Bodl.
477 2920 558 2963 les.
587 2919 739 2963 Guelf.
800 2919 970 2963 Contra
997 2919 1066 2962 ed.

172 2981 203 3023 S
237 2979 291 3024 ir.
341 2993 449 3021 cum
491 2978 593 3020 MS.
633 2976 698 3018 Re
735 3008 744 3018 .
799 2983 1063 3020 uterentur.

169 3037 189 3078 I
227 3053 298 3080 em
332 3036 478 3078 inesse
506 3034 643 3078 MSto
735 3050 807 3078 or.
845 3040 1066 3078 testantur

169 3092 368 3151 Ryckius
386 3092 568 3150 aliique.
628 3091 719 3134 Sed
730 3090 964 3135 Victorius
985 3090 1063 3133 do-

168 3159 240 3193 cet
269 3151 331 3193 ibi
356 3149 441 3207 legi
463 3156 781 3197 mutarentur,
814 3147 936 3206 quod
969 3147 1063 3206 ipse

166 3207 375 3250 emendat
394 3213 708 3249 mutarentur.
754 3206 906 3249 Recte.
946 3204 1062 3247 Nam

164 3264 230 3307 sic
249 3265 290 3314 4,
313 3264 384 3307 23.
409 3265 600 3306 libertos
614 3265 766 3316 regios
796 3270 843 3305 et
864 3262 1062 3306 servilia

165 3321 369 3375 imperia
389 3321 506 3362 bello
534 3326 868 3372 mutaverant;
898 3319 966 3372 16,
991 3319 1059 3362 12.

163 3376 377 3420 mutatus
427 3380 598 3420 mensis
648 3377 807 3421 Maius
857 3377 1058 3425 Claudii,

160 3436 326 3478 Iunius
353 3432 626 3482 Germanici
654 3436 902 3479 vocabulis.
978 3434 1058 3477 Fa-

162 3492 247 3537 cile
280 3490 511 3547 intelligis,
544 3506 566 3531 e
597 3501 811 3550 corrupta
837 3491 1059 3550 scriptura

160 3555 455 3591 muterentur
492 3556 690 3590 exortum
731 3565 823 3591 esse
865 3557 1057 3591 uteren-

155 3614 261 3657 tur,
299 3608 635 3654 venderentur,
674 3612 717 3647 et
750 3613 1055 3659 verterentur,

1158 1666 1258 1708 edd.
1291 1663 1468 1709 Ernest.
1501 1666 1626 1710 Brot.
1662 1681 1758 1723 sqq.

1154 1723 1272 1766 haud
1300 1722 1434 1766 dubie
1458 1731 1774 1767 mutarentur.

1211 1793 1535 1836 obtendebant.
1622 1790 1725 1835 MS.
1769 1789 1922 1838 Guelf.
1965 1795 2049 1836 ob-

1154 1851 1384 1894 tinebant.

1210 1922 1430 1963 abscedit.
1491 1919 1576 1963 Ed.
1598 1919 1717 1979 Spir.
1738 1922 1970 1966 abscessit.

1207 1992 1303 2033 nisi
1321 1990 1716 2035 Pharasmanem.
1774 1989 1878 2035 MS.
1890 1990 2047 2036 Guelf.

1148 2047 1200 2090 ni
1214 2048 1552 2102 pharasmate.
1609 2047 1666 2090 Et
1699 2047 1764 2092 sic
1793 2048 2043 2107 aliquoties.

1149 2104 1427 2164 Plerumque
1451 2104 1583 2148 habet
1605 2105 2003 2150 Pharasmanem.

1206 2175 1259 2218 T.
1283 2176 1592 2218 Ummidium.
1652 2176 1754 2220 MS.
1773 2173 1898 2220 Flor.
1924 2177 2043 2232 (test.

1147 2232 1235 2277 lac.
1272 2231 1536 2284 Gronovio)
1570 2233 1858 2277 Tumidium.
1939 2233 2041 2277 MS.

1143 2289 1255 2348 Reg.
1281 2290 1481 2348 ed.Spir.
1501 2290 1832 2334 tumMidium.
1886 2290 2042 2334 Victo·
2084 2308 2091 2318 ·

1144 2347 1240 2391 rius
1284 2347 1500 2391 intactam
1542 2347 1726 2406 reliquit
1772 2347 2039 2406 scripturam

1145 2403 1354 2448 Beroald.
1381 2404 1715 2457 T.V1'm'dium,
1748 2421 1882 2464 quam
1906 2405 2042 2450 etiam

1145 2462 1405 2521 praeferunt
1429 2461 1528 2505 edd.
1546 2462 1652 2506 Put.
1668 2461 1737 2507 M.
1760 2470 1803 2506 et
1820 2461 1874 2505 V.
1895 2460 2040 2507 Rhen.

1144 2535 1164 2561 ⁸
1203 2537 1244 2560 ι.
1274 2546 1334 2555 -
1390 2519 1524 2564 MSS.
1559 2518 1685 2563 Harl.
1722 2517 1853 2563 Bodl.
1881 2506 2038 2563 Guelf.

1143 2536 1197 2620 ἸἹ.
1213 2536 1469 2620 ismidium.
1528 2577 1629 2621 MS.
1647 2576 1759 2636 Agr.
1782 2585 1884 2619 tum
1897 2577 2035 2619 Umi-

1140 2637 1286 2679 dium.
1360 2635 1461 2678 MS.
1476 2632 1573 2677 Vat.
1594 2633 1748 2691 (Lips.)
1766 2633 2037 2677 Tumidum.

1142 2690 1369 2734 MS.Bud.
1394 2690 1528 2733 dubie
1550 2692 1800 2740 umidium,
1831 2706 1887 2732 an
1910 2692 2034 2733 uini-

1138 2751 1282 2791 dium.
1344 2747 1503 2791 Solent
1537 2749 1660 2791 enim
1692 2747 1915 2792 eiusmodi
1945 2746 2034 2807 syl·
2084 2783 2087 2788 .

1139 2805 1265 2850 labae
1302 2803 1350 2847 in
1388 2804 1524 2847 MSS.
1557 2805 1616 2849 ita
1649 2805 1808 2858 scribi,
1857 2813 1907 2848 ut
1938 2820 2034 2849 non

1141 2861 1333 2905 discerni
1355 2863 1548 2920 possint,
1583 2863 1685 2921 quia
1713 2870 1877 2921 puncta
1910 2878 2034 2907 nunc

1139 2918 1434 2970 omittuntur,
1485 2935 1609 2962 nune
1651 2921 1859 2978 ambigue
1893 2919 2032 2964 collo·

1139 2985 1312 3019 cantur.
1382 2977 1558 3036 Lipsius
1589 2986 1631 3020 et
1660 2977 1859 3035 Ryekius
1892 2976 2031 3022 corri-

1168 3042 1249 3077 unt
1286 3034 1564 3079 Numidiam
1615 3051 1666 3077 ex
1708 3034 1880 3092 loseph.
1922 3036 2030 3078 Ant.

1135 3049 1205 3142 ἕο,
1228 3089 1268 3134 5.
1327 3091 1443 3135 Bell.
1478 3092 1575 3135 lud.
1612 3092 1651 3143 2,
1673 3093 1716 3135 2.
1778 3092 1895 3136 Plin.
1930 3107 2028 3160 epp.

1136 3148 1178 3196 7,
1201 3148 1274 3192 28.
1306 3148 1347 3197 6,
1370 3149 1442 3191 29.
1473 3149 1513 3200 9,
1538 3148 1605 3192 13.
1643 3151 1682 3201 6,
1706 3151 1774 3193 11.
1833 3149 1920 3194 Sed
1935 3148 2029 3193 Sal·

1135 3206 1300 3248 masius
1324 3205 1380 3248 ad
1402 3207 1622 3263 Spartian.
1646 3206 1787 3251 Hadr.
1814 3205 1880 3250 15.
1935 3206 2027 3249 Ru-

1166 3271 1287 3306 ertus
1319 3264 1375 3306 ad
1410 3263 1589 3307 Reines.
1630 3281 1701 3324 ep.
1735 3266 1806 3308 21.
1885 3262 2026 3321 Span-

1130 3279 1248 3363 iiem.
1283 3320 1337 3363 de
1361 3319 1421 3364 U.
1446 3329 1488 3364 et
1508 3320 1559 3363 P.
1583 3321 1638 3366 N.
1671 3329 1704 3364 t.
1729 3322 1770 3365 2.
1800 3337 1843 3387 p.
1868 3321 1910 3364 7.
1947 3320 2026 3363 do·
2090 3368 2097 3380 x

1129 3385 2026 3493 533⁸...ema‘¹2:23⁵U2,2‚:::-;5-2213‚²‚‘·.ss

1129 3490 1310 3534 edidere
1347 3491 1526 3535 Ernest.
1558 3508 1656 3550 sqq.
1741 3491 1798 3535 cf.
1841 3493 2021 3535 Ernest.

1127 3548 1181 3591 ad
1206 3547 1246 3590 h.
1275 3547 1303 3591 l.
1338 3550 1424 3593 Iac.
1449 3549 1707 3593 Gronovius
1744 3548 1947 3612 ediderat
1963 3548 2020 3591 T.

1130 3606 1385 3649 Ummium.
