2164 3990
1762 215 1812 251 Α.
1843 197 1893 250 o.
1909 214 1994 253 812.

1764 256 1815 292 A.
1838 256 1885 294 c,
1933 260 1995 296 ⁵9.

223 218 339 275 196
882 212 1388 277 ANNALIUM

228 357 550 423 pararetur.
646 365 785 401 nam
833 344 1027 420 equiti,
1058 345 1400 418 sagittarum
1445 366 1559 403 usu
1599 349 1848 416 exercito
1885 352 1938 408 si·
1979 353 2086 409 de-

222 443 370 489 tecta
398 452 643 506 corpora
677 431 1098 499 obiicerentur,
1141 426 1296 487 nihil
1333 433 1705 508 profuturam
1743 436 2083 507 multitudi-

223 538 376 576 nem.
463 515 847 572 Dissimul'ato
889 524 1088 570 tamen
1121 514 1422 575 intellectu
1459 518 1675 574 rectius
1715 520 1787 574 de
1824 521 1897 576 iis
1932 542 2086 600 quae.

220 604 293 658 in'
322 603 628 677 publicum
667 599 1117 666 consulerentur
1154 601 1292 656 totis
1331 603 1680 659 exercitibus
1719 626 1918 662 coram
1959 607 2084 664 dis-

220 679 535 744 sertaturos
574 684 896 759 respondit.
984 685 1574 761 locumque,delegit,
1620 688 1785 746 cuius
1821 711 1957 765 pars
1994 692 2085 749 al-

223 785 345 829 tera
374 773 552 829 colles
578 781 745 826 erant
769 769 1086 826 clementer
1113 771 1491 844 adsurgentes
1526 774 1878 849 accipiendis
1912 776 2086 852 pedi-

221 872 349 916 tum
385 857 726 923 ordinibuS‚
762 874 900 929 pars
926 855 990 909 in
1018 855 1325 929 planitiem
1361 857 1770 932 porrigebatur
1794 863 1869 917 ad
1899 861 2086 937 expli-

225 944 438 1000 candas
485 941 748 1017 equitum
792 951 1034 998 turmas,
1140 937 1367 1017 Dieque
1403 953 1572 1017 pacto
1613 944 1780 1017 prior
1818 944 2083 1004 Corbulo

222 1029 406 1085 socias
444 1022 712 1082 cohortes
750 1037 806 1081 et
854 1025 1071 1081 auxilia
1116 1045 1319 1099 regum
1360 1047 1469 1102 pro
1514 1028 1824 1099 cornibUS‚
1859 1032 2083 1089 medio

223 1125 440 1170 sextam
474 1111 767 1184 legionem
811 1110 1144 1180 constituit,
1198 1111 1293 1167 cui
1329 1113 1507 1169 accita
1541 1134 1650 1188 per
1685 1126 1920 1172 noctem
1955 1116 2087 1174 aliis

225 1219 290 1255 ex
321 1197 521 1253 castris
557 1196 668 1252 tria
692 1197 882 1252 millia
910 1196 1301 1253 tertianorum
1338 1198 1760 1272 permiscuerat
1795 1220 1915 1256 una
1952 1221 2087 1258 cum

223 1283 453 1358 aquila,
512 1282 681 1357 quasi
721 1282 921 1337 eadem
959 1281 1109 1354 legio
1146 1293 1521 1357 spectaretur.
1617 1283 1915 1342 Tiridates
1951 1306 2088 1343 ver-

224 1378 394 1442 gente
434 1366 549 1422 iam
589 1367 688 1423 die
715 1367 925 1442 procul
963 1366 1215 1437 adstitit,
1259 1368 1419 1425 unde
1460 1368 1653 1426 videri
1684 1370 1870 1444 magis
1909 1391 2089 1448 quam

222 1452 420 1511 audiri
462 1464 675 1527 posset.
763 1452 846 1509 ita
882 1452 1008 1507 sine
1049 1467 1364 1525 congressu
1398 1453 1518 1510 dux
1541 1452 1852 1512 Romanus
1886 1457 2090 1515 abste-

225 1540 360 1595 dere
389 1537 639 1595 militem
667 1557 770 1593 sua
797 1557 1089 1614 quemque
1116 1537 1180 1592 in
1205 1549 1391 1594 castra
1412 1538 1595 1598 iubet.

392 1633 674 1693 XXXIX.
744 1633 876 1694 Rex
903 1636 1023 1693 sive
1045 1636 1314 1692 fraudem
1344 1649 1708 1711 suspectam,
1752 1639 1891 1715 quia
1914 1639 2090 1715 plura

229 1721 406 1777 simul
438 1721 503 1775 in
536 1716 663 1776 loca
693 1721 919 1791 ibatur,
960 1721 1082 1777 sive
1106 1731 1173 1778 ut
1198 1734 1556 1779 commeatus
1583 1734 1816 1780 nostros
1836 1723 2087 1784 Pontico

229 1807 383 1862 mari
438 1817 493 1862 et
546 1803 918 1880 Trapezunte
981 1807 1203 1881 oppido
1267 1807 1649 1865 adventantes
1700 1808 2090 1886 interciperet,

227 1911 474 1966 propere
514 1890 777 1950 discedit.
888 1891 1000 1949 Sed
1054 1912 1244 1968 neque
1291 1894 1712 1951 commeatibus
1745 1894 1870 1951 vim
1901 1896 2091 1953 facere

229 1976 452 2051 potuit,
518 1976 654 2051 quia
702 1997 810 2052 per
844 1988 1073 2032 montes
1118 1978 1486 2035 ducebantur
1517 1979 1829 2054 praesidiis
1867 1981 2088 2039 nostris

283 2211 554 2261 pararetur.
613 2203 688 2247 Sic
711 2203 848 2247 MSS.
863 2204 988 2248 Flor.
1011 2206 1127 2259 (test.

232 2261 351 2306 Vici.
385 2278 422 2305 c.
443 2260 646 2317 Pichen.)
679 2261 794 2303 Bud.
822 2260 978 2304 Guelf.
1003 2263 1126 2306 Harl.

229 2319 360 2364 Bodl.
399 2318 481 2362 les.
515 2319 614 2361 edd.
645 2318 762 2375 Spir.
785 2318 914 2363 Pich.·
940 2334 1036 2378 sqq.
1067 2344 1128 2353 —

226 2383 504 2433 patraretur
533 2375 634 2419 edd.
659 2378 762 2420 Put.
784 2377 850 2420 M.
876 2384 918 2419 et
941 2378 998 2421 V.
1022 2378 1125 2426 Ber.

230 2435 330 2478 Alc.
353 2433 497 2477 Rhen.
521 2449 620 2491 sqq.

285 2521 401 2548 nam
434 2505 587 2560 equiti.
656 2505 794 2548 MSS.
827 2503 954 2549 Harl.
993 2507 1126 2551 ssodl.

232 2565 314 2607 les.
339 2563 458 2605 Bud.
482 2562 698 2605 omittunt
724 2576 862 2614 nam,
895 2565 1017 2620 quod
1052 2581 1126 2608 co-

234 2621 322 2665 dici
348 2619 502 2663 Guelf.
529 2635 553 2662 a
574 2636 663 2664 sec.
687 2636 750 2664 m.
774 2621 976 2664 additum
998 2630 1076 2664 est.

290 2692 539 2734 intellectu.
609 2690 758 2748 Lipsio
791 2692 931 2750 magis
961 2693 1014 2736 ad
1042 2693 1126 2738 Ta·

234 2749 310 2793 citi
332 2747 512 2806 phrasin
535 2747 777 2791 videbatur
797 2751 1049 2794 intellecta.

289 2810 346 2848 de
368 2807 439 2848 iis.
498 2805 574 2848 Sic
594 2806 692 2849 MS.
716 2804 871 2850 Guelf.
899 2807 999 2851 edd.
1023 2808 1124 2852 Put.

232 2865 302 2907 M.
328 2872 371 2906 et
395 2862 448 2905 V.
472 2862 574 2906 Ber.
599 2863 658 2917 (c.
685 2863 832 2907 silent.
853 2863 992 2919 Viet.)
1022 2865 1123 2909 Ale.

230 2949 290 2958 --
323 2924 383 2963 de
415 2920 507 2962 hiis
537 2920 605 2963 ed.
630 2919 830 2964 Rhenan.
860 2949 919 2957 —
970 2926 1028 2964 de
1051 2924 1124 2965 his

233 2978 336 3023 edd.
362 2977 481 3035 Spir.
514 2977 618 3021 Ald.
647 2977 694 3021 Li
731 2996 764 3020 s.
788 2995 915 3036 sqq.,
949 2979 1121 3036 vulgari

233 3035 521 3080 confusione.
606 2994 764 3077 Muliis
815 3036 958 3080 adhuc
1012 3036 1121 3079 loeis

233 3093 348 3135 illud
373 3095 441 3143 hi,
479 3093 553 3135 his
586 3107 669 3149 pro
701 3094 757 3141 ii,
807 3093 864 3135 iis
895 3094 1123 3152 vulgatum

235 3149 551 3205 depellendum
585 3158 675 3200 est,
713 3159 762 3193 ut
799 3151 976 3194 dicendi
1010 3151 1123 3194 ratio

233 3206 389 3248 Tacito
418 3215 607 3250 constet.

290 3264 638 3307 dissertaturos.
699 3262 784 3307 Ed.
807 3265 923 3323 Spir.
949 3268 1123 3308 disser-

234 3328 349 3375 tat9.
433 3320 598 3364 Eadem
630 3324 676 3364 in
700 3324 902 3377 planitie
946 3339 1027 3381 pro
1071 3324 1121 3364 in

228 3377 491 3431 planitiem.

290 3433 426 3490 quasi
464 3438 626 3476 eodem
664 3438 780 3490 legio
818 3445 1119 3489 spectaretur.

227 3491 284 3535 H.
313 3508 350 3534 e.
375 3491 495 3547 quasi
523 3491 691 3534 milites
716 3510 870 3536 omnes
896 3494 942 3536 in
971 3494 1119 3537 medio

229 3548 388 3606 positi,
428 3548 589 3591 sextani
616 3549 744 3592 simul
771 3567 875 3593 cum
905 3551 1117 3600 tertianis,

1198 2205 1351 2249 eadem
1384 2205 1500 2263 legio
1532 2214 1698 2260 essent,
1732 2206 1806 2254 vel
1836 2208 1962 2267 quasi
1998 2222 2088 2254 una

1197 2272 1372 2308 tantum
1408 2271 1520 2306 esset
1554 2263 1687 2322 legio.
1754 2265 1939 2309 Eadem
1969 2266 2088 2312 male

1198 2321 1321 2364 abest
1352 2338 1373 2362 a
1406 2319 1509 2364 MS.
1534 2319 1691 2366 Guelf.
1720 2345 1778 2356 —-·
1836 2323 1939 2369 MS.
1961 2322 2090 2370 Harl.

1197 2381 1313 2434 legio
1343 2382 1524 2420 eadem.

1251 2450 1421 2504 procul
1450 2450 1645 2492 adstitit.
1707 2450 1810 2495 MS.
1836 2451 1948 2511 Agr.
1971 2466 2088 2507 pro-

1198 2509 1271 2549 cul
1298 2509 1489 2549 abstitit.
1558 2506 1673 2551 Edd.
1698 2516 1799 2554 vett.
1835 2524 1874 2554 c.
1906 2507 2088 2555 silentio

1201 2565 1316 2607 vict.
1335 2564 1507 2607 astitit.
1823 2577 1825 2579 ’
2083 2597 2089 2606 ,

1254 2649 1341 2678 sua
1382 2648 1606 2689 quemque
1653 2635 1701 2676 in
1744 2643 1917 2680 castra.
1999 2635 2088 2682 Ed.

1199 2694 1229 2737 S
1263 2692 1320 2734 ir.
1344 2706 1434 2733 sua
1455 2706 1663 2747 quaeque
1688 2694 1735 2734 in
1765 2700 1939 2738 castra.
1997 2693 2101 2739 Sed,

1200 2708 1259 2794 ci.)
1282 2751 1321 2799 1,
1340 2748 1412 2791 30.
1432 2749 1528 2790 suis
1543 2751 1729 2805 quisque
1748 2751 1958 2795 hibernis
1977 2755 2098 2796 red--

1195 2812 1436 2850 cierentur.
1534 2805 1743 2851 Heinsius
1798 2808 2096 2854 emendabant}

1194 2866 1435 2908 abscedere
1476 2865 1706 2907 milites
1742 2879 1833 2908 sua
1859 2875 2101 2924 quemque]

1197 2923 1246 2964 in
1266 2938 1301 2964 c.
1326 2921 1356 2964 i.
1406 2921 1606 2965 Frustra.
1656 2921 1770 2966 Nam
1789 2925 1984 2978 militem
2006 2938 2102 2983 por*

1198 2979 1319 3021 nitur
1341 2995 1423 3038 pro
1446 2980 1634 3023 milites.
1886 2987 1889 2990 “

1254 3063 1364 3107 cxv.
1385 3063 1452 3106 39.
1490 3064 1583 3106 stne
1592 3063 1844 3118 fraudem:
1869 3048 2105 3125 memmi}

1195 3123 1295 3164 sine
1302 3122 1500 3178 fraude.
1993 3142 1997 3147 ·
2038 3135 2053 3152 ·⁴
2083 3123 2090 3143 ‘²

1253 3200 1297 3233 et
1315 3192 1625 3246 Trapezunte.
1682 3190 1757 3234 Sic
1777 3188 1877 3234 edd.
1895 3189 1998 3234 Put.
2014 3188 2099 3249 Mo*

1196 3258 1238 3292 et
1261 3250 1316 3292 V.
1346 3249 1553 3293 Beroald.
1583 3251 1640 3302 (e.
1667 3249 1810 3291 silent.
1827 3246 2113 3307 Vici-JAleuss

1196 3307 1394 3350 Rhenan.
1421 3322 1517 3364 sqq.
1551 3330 1605 3338 --
1666 3321 1691 3347 e
1717 3311 1994 3359 trapezunte
2011 3305 2087 3352 edss'

1196 3365 1312 3421 Spir.
1331 3385 1388 3397 ··-
1430 3380 1484 3405 ac
1499 3364 1793 3419 Trapezunte
1813 3360 1918 3405 edd.
1934 3360 2083 3406 Ober·
2159 3384 2161 3387 ·

1197 3422 1273 3464 lin.
1298 3438 1396 3479 sqq.
1420 3421 1573 3464 nescio
1599 3420 1731 3462 unde.
2031 3423 2051 3435 ”

1246 3507 1457 3547 propere.
1551 3489 1633 3532 Ed.
1676 3487 1796 3547 Spir.
1837 3493 2078 3546 prospere.
2135 3515 2139 3524 ι

1192 3551 1357 3593 Eadem
1382 3564 1507 3591 mox:
1538 3555 1582 3589 et
1615 3548 1858 3592 corbulone
1888 3547 2078 3612 irritum
