2164 3990
655 173 828 262 mn.
866 199 997 263 xv,
1045 198 1419 263 *CA*P1.44.*
1757 186 1762 191 ’
1821 207 1948 265 379
2015 153 2018 160 “

100 358 165 393 ac
205 333 523 411 propitiata
560 328 711 387 Iuno
755 348 862 403 per
898 342 1196 388 matronas
1237 331 1496 407 primum
1539 333 1607 391 in
1651 335 1953 411 capitolio,

101 421 314 479 deinde
348 417 506 492 apud
537 413 876 491 proximum
909 436 1098 486 mare,
1161 418 1345 474 unde
1343 411 1565 477 hausta
1601 439 1755 495 aqua
1799 433 1951 478 tem-

98 508 267 582 plum
293 515 350 560 et
371 502 752 560 simulacrum
776 499 917 555 deae
937 521 1317 576 prospersum
1344 513 1453 559 est:
1505 514 1564 559 et
1601 506 1947 564 sellisternia

101 613 166 648 ac
197 588 509 665 pervigilia
543 584 910 642 celebravere
938 587 1224 656 feminae,
1279 587 1497 663 quibu-s
1531 590 1732 646 mariti
1766 604 1949 650 erant.

100 675 217 734 Sed
256 694 380 731 non
419 692 528 747 ope
566 666 859 739 humana,
911 691 1036 727 non
1077 632 1492 745 largitionibus
1518 675 1812 750 principis
1847 690 1950 734 aut

21 815 26 821 «
100 764 278 818 deum
309 755 692 834 placamentis
725 755 1040 813 decedebat
1071 756 1313 813 infamia
1334 803 1351 827 ,
1414 758 1566 835 quin
1594 759 1821 817 iussum
1844 762 1954 817 ‚in-

100 845 374 903 cendium
397 843 750 899 crederetur.
836 860 970 916 ergo
996 842 1288 898 abolendo
1312 844 1542 900 rumori
1561 841 1721 902 Nero
1746 847 1954 903 subdi-

99 931 187 988 dit
208 948 339 986 reos
364 939 420 984 et
446 925 887 1003 quaesitissimis
908 927 1115 1002 poenis
1141 927 1382 998 adfecit,
1425 949 1593 1005 quos
1598 951 1705 1006 per
1728 931 1951 1005 flagitia

97 1015 318 1071 invisos
353 1013 564 1086 vulgus
585 1007 955 1067 Christianos
990 1011 1340 1087 appellabat.
1426 1010 1654 1073 Auctor
1687 1017 1953 1073 nominis

98 1100 221 1158 eius
243 1095 513 1158 Christus
533 1095 777 1153 Tiberio
805 1095 1177 1172 imperitante
1198 1117 1305 1172 per
1322 1091 1766 1179 Procuratorem
1787 1098 1954 1170 Pon—

97 1186 245 1243 tium
285 1182 549 1240 Pilatum
595 1181 884 1255 supplicio
931 1182 1192 1238 adfectus
1240 1195 1379 1242 erat.
1465 1205 1846 1264 repressaque
1889 1187 1954 1243 in

97 1289 370 1347 praesens
403 1266 730 1343 exitiabilis
776 1267 1109 1363 superstitio
1157 1287 1395 1324 rursum
1438 1272 1782 1346 erumpebat
1830 1292 1955 1332 non

98 1357 276 1412 mo'do
306 1361 412 1456 pei·
427 1352 745 1420 Iudaeam,
779 1350 1078 1424 originem
1105 1352 1230 1408 eius
1255 1353 1427 1424 mali,
1483 1357 1585 1411 sed
1611 1377 1720 1431 per
1741 1358 1953 1414 urbem

96 1440 303 1512 etiam,
346 1424 516 1517 ”quo
496 1395 747 1492 ³cuncta
787 1437 1054 1512 undique
1094 1438 1314 1494 atrocia
1354 1451 1455 1496 aut
1491 1441 1772 1515 pudenda
1810 1463 1955 1513 cone-

180 202 232 237 A.
246 201 304 238 U.
323 201 406 237 818.

180 248 232 282 A.
255 246 304 283 C.
346 244 409 281 66.

94 1484 303 1582 fluunt
316 1522 822 1596 celebranturque.

96 1610 370 1667 tebantur
385 1618 401 1677 ς

124 1830 563 1886 prop1''tmta.Sie
594 1829 694 1871 edd.
718 1828 766 1870 L
756 1844 838 1887 ps.
865 1827 991 1872 Pich.

95 1905 195 1949 sqq.
254 1889 520 1943 ‘propiciata
552 1887 655 1930 MS.
691 1886 843 1929 Guelf.
888 1886 988 1928 edd.

95 1956 205 1991 vett.
234 1962 339 1989 cum
363 1945 576 1988 si1.Vict.
637 1944 748 1987 Mox
779 1944 848 1986 ed.
869 1942 988 2000 Spir.

94 2004 225 2048 habet
245 2006 295 2046 in
317 2019 402 2061 pro
426 2005 552 2057 apud
572 2011 674 2044 ante
693 2015 756 2056 ρ]
758 2015 987 2045 oxzmum.

94 2062 263 2105 Eadem
285 2062 523 2103 exhausta
545 2075 628 2116 pro
650 2061 840 2100 hausta,

145 2171 444 2212 prospersum
473 2163 558 2198 est.
618 2155 720 2199 MS.
744 2156 853 2213 Agr.
877 2172 986 2210 per

91 2231 304 2270 spersum
328 2221 418 2262 est,
461 2222 504 2255 et
529 2213 594 2256 sic
616 2214 900 2257 emendatum
925 2224 989 2258 est

92 2276 138 2316 in
163 2273 262 2316 MS.
288 2271 412 2315 Harl.
453 2298 511 2307 —-
569 2271 669 2314 MS.
697 2270 850 2314 Guelf.
870 2287 988 2326 pro-

94 2345 283 2383 sperum
303 2336 389 2371 est.

146 2427 442 2473 sellisternia.
539 2425 616 2469 Sic
673 2422 812 2467 MSS.
863 2423 987 2468 Flor.

94 2487 206 2541 (test.
237 2483 359 2528 Viet.
390 2501 429 2528 c.
462 2483 586 2528 Pich.
623 2491 666 2525 et
699 2481 788 2524 Iac.
825 2476 989 2538 G1on.)

95 2543 208 2586 Bud.
235 2540 387 2586 Guelf.
420 2542 459 2597 (a
494 2557 562 2598 pr.
595 2543 676 2594 m.)
711 2538 814 2582 edd.
841 2538 986 2596 Ryck.

95 2601 184 2644 Iac.
238 2599 383 2643 Gron.
440 2615 558 2699 squ
598 2622 654 2632 --
730 2611 779 2639 se
783 2597 991 2640 listerma

95 2655 193 2701 MS.
226 2656 358 2700 Bodl.
418 2657 467 2700 ef
560 2655 666 2698 aler.
701 2653 823 2697 Max.
863 2653 906 2708 2,
943 2657 984 2700 1.

95 2723 179 2758 ext.
201 2716 245 2758 2.
280 2737 335 2748 —-
395 2714 682 2757 lectisternia
713 2710 850 2754 MSS.
875 2711 986 2770 Reg.

99 2770 250 2814 Guelf.
272 2773 328 2826 (a
362 2786 454 2816 see.
487 2773 569 2827 m)
594 2770 710 2812 Bud.
737 2770 801 2821 (in
826 2772 988 2828 marg.)

98 2829 198 2871 edd.
219 2829 335 2887 Spir.
362 2845 460 2887 sqq.
483 2829 541 2872 ad
565 2826 805 2886 Ryckium.

733 2924 837 2975 MS.
880 2924 990 2982 Reg.

99 2984 174 3025 ab.
211 2996 320 3025 vero
354 2983 550 3025 rumori.
620 2981 731 3025 Mox
763 2991 867 3041 post
903 2986 991 3025 ad-

86 3038 245 3094 fectus
266 3039 366 3083 MS.
386 3041 492 3096 Agr.
519 3038 686 3082 omittit
707 3048 826 3083 erat.

155 2926 381 2967 abolendo
434 2925 633 2967 rumori.

157 3136 532 3193 quaesafftzssimis.
593 3134 671 3178 Sic
699 3134 838 3179 MSS.
867 3137 993 3180 Flor.

103 3197 223 3250 (test.
247 3195 387 3251 Vict.)
411 3191 564 3236 Guelf.
591 3192 691 3236 edd
713 3193 832 3251 Lips.
861 3193 989 3237 Pieh.

100 3268 195 3312 sqq.
244 3252 317 3296 cf.
341 3252 381 3303 5,
408 3251 450 3294 3.
483 3252 697 3306 quaessezta
731 3252 992 3304 asperitas,·

98 3309 138 3362 3,
159 3307 239 3354 57.
261 3310 515 3365 quaesztior
546 3308 792 3358 oduinum·
845 3309 889 3356 2,
917 3308 990 3351 58.

100 3368 432 3434 quaesitissimi
475 3368 695 3407 honores.
747 3389 805 3398 --
876 3364 994 3409 Edd.

103 3423 222 3482 Spir.
246 3424 349 3469 Put.
373 3424 440 3467 M.
463 3423 575 3466 etV.
599 3422 702 3466 Ber.
723 3422 829 3466 Alc.
849 3421 993 3466 Rhen.

104 3496 204 3547 sqq.
246 3480 630 3537 exquisitissimu-
701 3480 773 3523 De
805 3478 901 3524 aliis
936 3481 990 3523 li-

101 3537 194 3581 bris
213 3536 438 3583 silentium
463 3546 544 3582 est.

912 1520 1099 1594 Igitur
1123 1523 1384 1598 primum
1411 1527 1695 1602 correpti,
1738 1528 1843 1604 qui
1863 1530 1955 1584 fa-

470 1607 715 1681 ,deinde
787 1605 1008 1663 indicio
1080 1623 1286 1666 eorum
1351 1611 1673 1669 multitudo
1744 1613 1953 1686 ingens

1124 1829 1706 1901 Chrztvezanos.Ed.Spi1-.
1739 1837 1958 1890 πρίαηοε,

1064 1895 1107 1929 et
1129 1904 1233 1931 mox
1251 1886 1389 1945 xb'us.

1118 1987 1324 2030 nominis
1356 1990 1469 2033 eius.
1543 1989 1644 2032 MS.
1679 1990 1830 2035 Guelf.
1855 1995 1960 2036 eius

1062 2045 1285 2087 nomtnls

1068 2135 1070 2137 ’
1122 2139 1169 2182 T
1164 2140 1309 2184 zberm
1341 2144 1658 2197 tmperitante.
1716 2143 1795 2189 Sic
1818 2140 1957 2193 MSS.

1061 2196 1184 2242 Flor.
1230 2200 1350 2255 (test.
1389 2200 1509 2246 vict.
1546 2218 1586 2246 e.
1617 2201 1743 2246 Pieh.
1786 2211 1829 2247 et
1866 2205 1955 2250 lae.

1063 2253 1226 2312 (hon.)
1265 2258 1404 2302 Corb.
1435 2259 1536 2302 edd.
1566 2259 1642 2317 Sp
1631 2277 1684 2303 ur.
1720 2259 1808 2304 Iac.
1833 2259 1956 2307 Gno-

1062 2328 1175 2412 sszt,
1195 2276 1958 2421 ⁵fl2.1†ss..‡t²1{2‘f³252.5f³{{{·

1060 2426 1162 2468 Put.
1193 2429 1260 2470 M
1285 2431 1406 2473 etV.
1430 2430 1536 2474 Ber.
1560 2431 1659 2474 Alc.
1685 2431 1831 2483 Rben.
1857 2450 1958 2502 sqq.

1062 2483 1151 2526 Sed
1180 2483 1292 2529 illud
1325 2489 1404 2543 qui
1428 2488 1601 2546 saepius
1631 2488 1748 2533 male
1780 2490 1959 2542 additur

1060 2540 1108 2583 in
1134 2550 1242 2588 vett.
1265 2543 1404 2588 libris.
1438 2545 1497 2589 cf.
1519 2553 1612 2589 not.
1636 2546 1689 2589 ad
1703 2546 1817 2593 Hist.
1834 2551 1872 2601 1,
1883 2549 1957 2594 77.

1061 2597 1103 2649 3,
1128 2599 1198 2643 47.
1230 2599 1274 2651 4,
1292 2601 1334 2645 5.
1835 2643 1837 2646 -

1119 2698 1386 2744 exz'tzabilis.
1456 2697 1596 2743 MSS.
1633 2699 1781 2747 vatic.
1824 2702 1961 2751 Corb-

1061 2755 1287 2798 exitialis.
1347 2755 1436 2800 Sed
1462 2757 1521 2801 cf.
1542 2757 1584 2809 6,
1604 2757 1675 2802 24.
1712 2761 1778 2814 16,
1803 2763 1844 2806 5.

1120 2865 1311 2894 rursum
1348 2857 1638 2909 erumpebat.
1709 2856 1786 2902 Sic
1821 2859 1957 2904 MSS.

1062 2909 1188 2952 Flor.
1213 2911 1327 2964 (test.
1344 2911 1461 2954 vict.
1469 2917 1482 2963 )
1509 2912 1651 2957 Corb.
1663 2915 1744 2958 ed.
1762 2915 1880 2973 Spir.
1896 2939 1958 2953 -ι-

1065 2981 1232 3010 rursus
1270 2971 1542 3023 erumpebat
1576 2970 1679 3014 edd.
1714 2971 1818 3017 Put.
1859 2991 1956 3034 sqq.

1064 3039 1169 3068 cum
1195 3025 1297 3068 cod.
1319 2985 1511 3070 Gueplf.·

1121 3140 1334 3195 undique.
1396 3139 1499 3184 MS.
1525 3140 1679 3186 Guels.
1707 3146 1884 3201 ubique.

1118 3254 1259 3307 igitur
1282 3257 1507 3309 primum.
1565 3256 1642 3300 Sic
1665 3258 1804 3303 MSS.
1830 3263 1954 3307 Flor.

1048 3311 1180 3377 ,(ῐεεῑ.
1205 3310 1325 3356 Vict.
1351 3328 1392 3356 c.
1418 3313 1509 3357 Iac.
1533 3313 1701 3371 Gron.)
1734 3317 1851 3363 Bud.
1885 3322 1955 3365 ed.

1062 3366 1096 3408 S
1132 3369 1183 3411 ir.
1214 3397 1273 3406 --
1329 3370 1474 3423 igitur
1495 3372 1653 3426 primo
1678 3373 1781 3420 MS.
1802 3375 1955 3422 Guelf.

1065 3438 1089 3466 e
1124 3424 1166 3467 d.
1202 3425 1304 3469 Put.
1338 3427 1407 3470 Μ.
1443 3436 1487 3472 et
1516 3427 1573 3472 V.
1604 3429 1814 3476 Beroald.
1850 3435 1954 3480 Alc.

1065 3481 1211 3525 Rhen.
1238 3499 1337 3552 sqq.
1409 3485 1520 3530 Mox
1546 3486 1648 3531 MS.
1676 3487 1813 3535 Corb.
1848 3495 1956 3536 dem

1065 3553 1151 3597 pro
1172 3540 1356 3586 deinde.
