2164 3990
1244 3 1292 57 „U
1484 43 1486 46 y
1565 17 1569 19 α
1708 0 1788 45 ssf

1246 99 1282 139 ᾗῇ*

1753 299 1810 383 2:
1828 272 1982 382 ‘ci-⁹2}

213 312 337 377 126
880 296 1390 387 ANNAL‘IUM
1478 355 1479 358 ,

213 456 271 503 et
326 439 554 500 cen'fiess'
598 435 988 516 quinquagies
1037 434 1366 502 Sestertium
1422 408 1652 493 censuit
1705 434 1912 494 consul
1961 436 2069 493 de-

210 531 472 605 signatus
491 524 709 583 Barea-
733 522 1025 580 Soranus:
1048 506 1352 582 ·-‘additum
1399 540 1435 577 a
1472 519 1750 596 Scipione
1780 519 2087 581 'Cornelio‘

202 624 400 692 grates
433 611 681 688 publice·
698 608 983 682 agendas,
1018 605 1179 682 quod
1204 600 1754 679 regibusArcadiae
1779 618 1942 664 ortus
1963 627 2069 664 ve·-

209 700 514 760 terrimam
559 694 935 752 nobilitatem
975 691 1112 748 usui
1165 691 1404 765 pub-lico
1458 703 1838 768 postponeret
1882 685 2066 769 ‘seque

211 789 369 856 inter
405 782 710 855 ministros
751 776 1040 853 principis
1085 771 1294 832 haberi
1337 777 1570 836 sineret.
1681 773 2070 835 Adseveravit

210 870 499 933 Claudius
550 875 895 923 contentum
943 857 1174 918 honore
1214 860 1546 918 Pallantem
1597 861 1752 919 intra
1806 863 2090 939 priorem,

213 964 619 1035 paupertatem
655 948 988 1008 subsistere.
1077 958 1134 1003 et
1159 947 1340 1003 fixum
1365 957 1450 1003 est
1476 967 1607 1004 aere
1631 948 1871 1022 publico
1900 967 2070 1004 sena-

211 1056 306 1102 tus
328 1038 696 1105 consultum,
738 1055 856 1110 quo
879 1032 1195 1090 libertinus
1221 1031 1472 1089 sestertii
1492 1042 1581 1088 ter
1603 1031 1820 1088 millies
1838 1053 2069 1109 posses-

211 1133 312 1201 sor
331 1125 605 1202 antiquae
626 1118 1024 1198 parcimoniae
1048 1117 1326 1174 laudibus
1352 1112 1779 1177 cumulabatur.

378 1233 539 1296 LIV.
609 1228 693 1291 At
734 1250 859 1288 non
898 1231 1081 1288 frater
1125 1230 1248 1286 eius
1269 1296 1273 1301 x
1293 1236 1683 1303 cognomento
1725 1226 1892 1284 Felix
1939 1223 2072 1305 pari

210 1320 617 1393 moderatione
660 1318 869 1392 agebat
911 1316 1032 1372 iam
1074 1315 1308 1391 pridem
1353 1312 1604 1372 Iudaeae
1647 1313 1958 1388 impositus
2016 1324 2074 1371 et
2151 1315 2164 1382 s

212 1420 422 1470 cuncta
454 1404 762 1463 malefacta
799 1401 914 1459 sibi
946 1402 1190 1489 impune
1228 1412 1390 1459 ratus
1438 1410 1599 1458 tanta
1633 1398 1896 1474 potentia
1930 1399 2072 1459 sub-
2128 1460 2131 1461 .
2161 1396 2164 1401 ’

208 1647 333 1693 hunc
356 1642 509 1687 locum
535 1637 594 1682 cf.
617 1636 738 1681 Plin.
763 1649 865 1694 epp.
888 1634 929 1682 7,
955 1632 1030 1677 29.
1062 1641 1107 1676 et

211 1708 252 1757 8,
265 1705 309 1748 6.
368 1700 478 1745 Mox
503 1694 809 1752 quinquagies
830 1692 964 1735 MSS.
980 1691 1109 1735 Flor-

122 1782 125 1784 ·
211 1759 364 1808 Guelf.
390 1756 497 1800 edd.
514 1755 545 1799 S
578 1753 632 1797 ir.
655 1752 758 1794 Put.
782 1747 1107 1794 Beroald.Ale.

211 1819 357 1866 Rhen'.
397 1813 504 1859 Ald.
586 1812 666 1869 ips.
702 1808 871 1868 prima,
921 1815 965 1850 et
1002 1805 1106 1848 dein

213 1882 302 1922 lae.
339 1873 548 1917 Gronov.
583 1884 679 1926 sqq.
759 1865 1109 1922 quinquagesies

213 1934 314 1980 edd.
340 1931 458 1988 Lips.
481 1926 634 1984 (1598)
662 1922 791 1967 Pieh.
816 1938 914 1980 sqq.

268 1991 432 2034 Barea
459 1985 686 2028 Soranus.
756 1980 838 2024 Ed.
869 1980 988 2038 Spir.
1021 1979 1105 2028 ba-

211 2059 483 2095 resoranuS.
564 2039 678 2083 Edd.
707 2037 809 2081 Put.
829 2039 892 2081 M.
924 2044 968 2079 et
988 2035 1105 2078 Ven.

188 2109 374 2153 >Barca
399 2103 630 2146 Soranus.
691 2094 832 2138 Iidem
866 2093 969 2137 libri
995 2109 1106 2152 pun·

213 2175 336 2211 ctum
369 2165 547 2220 ponunt
585 2161 687 2214 post
724 2154 915 2196 censuit.
1007 2151 1108 2194 MS.

212 2219 368 2267 Guelf.
387 2219 551 2261 Barea
567 2216 781 2259 Soranus
807 2219 851 2253 et
874 2217 975 2269 post
999 2223 1106 2253 cen-

209 2283 301 2326 suit
323 2275 462 2322 coion
481 2276 532 2341 (t)
557 2271 707 2314 habet.
736 2325 745 2335 ·

210 2332 669 2458 (ὲεῖἷῗοῧῑᾶῗῗῖἵζέὶε,
700 2324 949 2450 ῗὲῗιξῐςῑὸ
975 2325 1107 2425 33Ιῖἷί

215 2458 353 2500 centt.
375 2448 480 2492 inde
502 2464 525 2490 a
550 2445 669 2501 L1ps.
690 2457 793 2499 prm
812 2458 852 2484 a.
931 2442 1011 2497 qui
1027 2454 1105 2482 re·-

211 2513 343 2569 gibus
364 2506 464 2551 edd.
487 2504 590 2548 Put.
616 2501 680 2545 Μ.
706 2507 748 2542 et
803 2531 814 2542 .
837 2499 942 2543 Ber.
963 2497 1107 2541 Rhen.

269 2629 400 2671 intra
424 2621 644 2677 priorem.
712 2615 799 2659 Ed.
832 2613 951 2673 Spir.
985 2614 1109 2655 inter

208 2686 437 2743 priorem.

269 2754 380 2785 aere
419 2735 614 2793 publico.
693 2730 770 2774 Sic
810 2729 912 2772 MS.
957 2726 1109 2770 Guelf.

213 2792 313 2845 edd.
335 2797 440 2840 Put.
466 2793 534 2835 M.
562 2799 604 2833 et
627 2788 683 2831 V.
708 2786 914 2830 Beroald.
949 2788 1014 2854 (c.
1040 2785 1110 2828 sil.

169 2892 179 2904 ψ
210 2857 354 2912 Vict.)
389 2851 494 2897 Ale.
530 2847 734 2890 Rhenan.
769 2860 867 2911 sqq.
937 2843 1106 2885 (mnu-a

182 2903 186 2909 Ι
212 2913 349 2961 MSS.
384 2910 493 2952 Rea.
523 2907 631 2964 Agr.
666 2903 737 2945 ed.
770 2902 889 2960 Spir.
915 2902 1106 2954 publice,

218 2972 386 3018 omisso
427 2983 450 3009 a
472 2974 568 3007 tero
606 2959 847 3006 vocabulo.
938 2957 973 2998 E
1005 2956 1106 2999 MS.

218 3032 343 3076 F'lor.
389 3026 477 3069 Iac.
523 3019 788 3064 Gronovius
835 3023 876 3059 et
911 3013 1107 3056 Piehena

216 3090 405 3133 habent:
463 3089 508 3124 et
531 3080 697 3137 fixum
731 3082 802 3117 est
834 3105 845 3117 .
871 3105 881 3116 .
909 3073 1108 3125 publico,

215 3162 321 3192 cum
342 3145 526 3190 l'acuna;
559 3136 637 3179 sed
659 3148 769 3176 aere
793 3131 847 3173 ab
870 3127 951 3172 alia
978 3144 1039 3170 m.
1061 3126 1108 3168 iu

216 3201 418 3259 margine
484 3193 779 3251 adscriptum.
877 3185 1108 3229 Ernestius

215 3271 451 3315 utramque
484 3251 752 3309 scripturam
787 3246 984 3310 inepta-m
1014 3257 1107 3308 esse

216 3317 379 3375 arguit,
409 3313 497 3356 sive
522 3311 574 3353 de
598 3314 779 3365 sumptu
802 3317 985 3352 aeram,
1015 3314 1107 3342 sive

220 3378 276 3420 de
327 3374 428 3415 loco
482 3366 665 3426 publico
720 3360 939 3418 accipias;
1002 3372 1106 3400 nam

220 3428 371 3476 omnia
397 3427 461 3470 sic
485 3426 566 3466 fixa
589 3423 720 3466 scta.
788 3418 927 3461 Recte
958 3422 1108 3458 tamen

218 3486 450 3534 Broterius
474 3479 681 3540 opposuit
708 3473 990 3522 loeumPlin.
1007 3486 1111 3529 epp.

220 3547 270 3599 8,
306 3545 349 3594 6.
398 3540 518 3583 unde
568 3536 779 3579 discimus
834 3529 1110 3591 peculiarem

221 3605 354 3648 fuisse
375 3599 481 3644 SCti
514 3595 630 3638 illius
658 3601 850 3650 partem,
882 3603 997 3646 quae
1021 3584 1109 3628 fer-

221 3663 311 3707 rest
343 3663 622 3708 senatusque
643 3652 849 3693 consulta
873 3650 931 3691 de
953 3646 1006 3689 iis
1030 3657 1106 3687 re-

1177 1633 1261 1674 bus
1270 1632 1413 1688 sacta
1433 1633 1480 1674 in
1502 1645 1616 1674 aere
1638 1632 1970 1682 inciderentur,
1999 1605 2073 1672 iffi

1178 1705 1265 1747 que
1287 1704 1369 1733 aes
1378 1689 1615 1744 figeretur
1634 1692 1699 1731 ad
1719 1696 1932 1732 statuam
1955 1689 2073 1730 lori·
2160 1723 2164 1734 .

1178 1756 1337 1792 calam
1368 1746 1466 1789 divi
1483 1745 1612 1790 Iulii.
1671 1745 1801 1802 Quae
1833 1753 2012 1796 senatus
2034 1743 2072 1788 si
2151 1742 2164 1792 ἶ

1179 1805 1404 1856 decrevit,
1455 1819 1552 1846 non
1594 1812 1742 1871 potest
1773 1802 1976 1861 ineptum
2010 1802 2073 1845 vi·
2161 1827 2164 1828 ν

1181 1863 1274 1906 deri
1297 1863 1449 1906 eadem
1473 1876 1497 1903 a
1519 1871 1740 1919 scriptore
1761 1859 1921 1903 referri
1941 1859 2080 1904 facta.-

1179 1925 1276 1963 Aes
1300 1922 1537 1975 publicum
1562 1917 1764 1975 intellige
1791 1933 1862 1961 aes
1886 1915 2073 1976 publico
2098 1945 2118 1953 =
2147 1946 2150 1949 -

1178 1979 1283 2021 loco
1310 1985 1353 2021 et
1377 1975 1644 2020 auctoritate
1666 1973 1846 2034 publica
1871 1974 2075 2032 proposi-

1179 2045 1302 2087 tum3
1355 2035 1492 2092 idque
1535 2041 1664 2091 urget
1700 2031 1920 2091 scriptor,
1968 2031 2074 2089 quia

1179 2093 1474 2151 praecipuum
1524 2091 1570 2133 in
1624 2106 1678 2133 eo
1730 2089 1816 2132 suit
1861 2089 2072 2133 dedecus.
2099 2143 2120 2149 b

1880 2149 1974 2198 lice,
2006 2162 2074 2190 ra·
2154 2172 2164 2187 0

1178 2149 1473 2208 Kiesslingius
1495 2147 1633 2193 edidit
1657 2149 1878 2203 aeropub

1180 2217 1250 2252 tus
1295 2209 1352 2250 ita
1405 2207 1556 2250 locum
1597 2205 1753 2249 haberi·
1770 2204 1841 2248 ,in
1882 2204 2074 2256 MSStis,

1182 2266 1304 2325 quod
1328 2264 1442 2308 falso
1468 2263 1675 2307 credidit.

1237 2335 1442 2380 sestertii
1468 2341 1541 2377 ter
1570 2333 1756 2376 millies.
1832 2331 1918 2376 Ed.
1951 2331 2069 2392 Spir.

1180 2394 1404 2438 sextercii
1433 2393 1667 2434 trimilies.
1735 2389 1908 2434 Eadem
1941 2389 2073 2433 omit-

1181 2453 1233 2496 tit
1282 2451 1474 2496 verbum
1529 2448 1875 2492 cumulabatur.
1967 2446 2072 2495 MS.

1182 2511 1305 2554 Flor.
1335 2510 1452 2564 (test.
1476 2505 1617 2562 Viet.)
1644 2506 1864 2549 milliens.

1239 2580 1351 2623 CAP.
1380 2578 1448 2622 54.
1507 2578 1607 2620 iam
1624 2577 1828 2631 pridem.
1887 2574 2073 2622 Scilicet

1180 2638 1216 2682 si
1242 2637 1446 2680 Iudaeam
1470 2634 1614 2693 capias
1641 2632 1798 2676 latiore
1830 2647 1984 2685 sensu,
2021 2641 2070 2676 ut

1179 2694 1311 2738 simul
1353 2690 1759 2749 comprehendatur
1791 2687 1988 2734 Galilaea
2029 2697 2073 2733 et

1181 2751 1404 2802 Samaria3
1444 2765 1545 2791 nam
1572 2747 1756 2791 iudaeae
1787 2746 1969 2805 proprie
2006 2747 2070 2791 di·

1182 2817 1277 2853 ctae
1301 2816 1401 2866 post
1423 2805 1679 2850 Cumanum
1710 2804 1975 2848 damnatum
1998 2803 2071 2858 de·

1180 2884 1307 2910 mum
1332 2863 1595 2922 impositum
1618 2878 1714 2905 esse
1736 2861 1867 2905 docet
1890 2862 1943 2906 ad
1969 2861 2014 2905 h.
2042 2861 2071 2906 l.
2159 2883 2164 2888 ·

1179 2922 1353 2981 Lipsius
1379 2939 1402 2965 e
1429 2918 1753 2979 loseph..'Iovd“.
1777 2915 1918 2963 ἀλῶσ.
1936 2920 1978 2971 2,
2001 2919 2070 2963 12.

1180 2981 1239 3025 ef.
1271 2980 1403 3024 etiam
1431 2979 1534 3021 Aet.
1569 2978 1730 3035 Apost.
1761 2978 1834 3026 24,
1861 2978 1929 3020 10.
1990 2972 2070 3020 Ce-

1181 3049 1326 3081 terum
1349 3037 1418 3081 ed.
1438 3036 1556 3094 Spir.
1578 3034 1710 3078 habet
1736 3042 1837 3076 tum
1857 3035 2071 3090 pridem3
2126 3063 2141 3067 μ

1181 3097 1279 3140 MS.
1305 3095 1418 3152 Agr.
1455 3102 1554 3136 tum
1585 3094 1816 3147 primum.
1880 3092 1951 3135 De
1981 3091 2071 3136 hoc

1178 3153 1339 3197 Kiessl.
1361 3152 1497 3197 falsus
1523 3160 1604 3194 est.

1236 3228 1427 3279 impune
1460 3230 1607 3264 ratus.
1667 3219 1875 3264 Heinsius
1906 3234 2070 3278 parum

1180 3283 1314 3326 latine
1343 3281 1431 3325 hoe
1461 3279 1631 3323 dictum
1667 3286 1789 3321 ratus
1817 3275 1934 3320 vult:
1976 3277 2070 3319 im-

1175 3355 1304 3396 pune
1351 3340 1480 3381 itura
1522 3335 1595 3381 vel
1630 3338 1834 3379 abitura.
1916 3332 2004 3377 Sed
2045 3350 2069 3376 e

1181 3395 1549 3455 praecedentibus
1609 3391 1832 3450 intellige,
1906 3400 2070 3436 cuncta

1182 3454 1298 3497 male
1332 3453 1449 3496 facta
1484 3451 1566 3494 sibi
1591 3450 1774 3508 impune
1806 3447 1922 3492 male
1954 3449 2071 3493 facta

1183 3529 1276 3555 esse
1298 3520 1465 3554 ratum.

1234 3583 1456 3637 potentia.
1515 3577 1598 3621 Ed.
1626 3576 1742 3634 Spir.
1769 3584 1811 3620 et
1827 3575 1926 3621 MS.
1947 3576 1982 3620 F
1986 3576 2070 3621 lor.

1186 3643 1302 3696 (test.
1329 3637 1470 3693 Vici.)
1489 3637 1732 3692 patientia.
