2164 3990
183 222 421 308 ,eg-3⁸33,-
524 183 533 193 ¹
566 224 738 288 [ΑΒ.
772 223 937 286 xlv,
987 221 1211 286 ΌΑΡ.
1246 187 1350 286 4ἐ».
1385 224 1487 286 44.
1828 174 1951 292 251

15 419 19 426 ,
99 361 385 439 „quidem
403 353 409 364 '
427 355 690 434 pericula
724 365 924 412 nostra
961 353 1212 414 avertit?
1294 344 1528 424 Anjut
1560 356 1802 432 quidam
1837 360 1953 417 fin·-

99 464 284 520 „gere
309 461 435 501 non
460 441 828 509 erubescunt,
855 440 1103 496 iniurias
1131 458 1263 497 suas
1288 440 1448 507 ultus
1473 452 1556 497 est
1578 441 1953 502 interfector?

101 529 288 608 „quia
322 530 396 586 de
431 539 676 604 paterna
696 525 948 600 pecunia
964 534 1328 599 transegerat
1356 536 1457 582 aut
1479 526 1703 583 avitum
1724 531 1953 587 manci-
1998 560 2010 564 ··

97 616 313 690 „pium
371 609 825 689 detrahebatur?
918 608 1383 668 Pronuntiemus
1428 611 1586 669 ultro
1637 608 1950 671 dominu‘m

97 700 274 771 „iure
303 718 534 756 caesum
564 694 805 755 videri.”

264 782 480 843 XLIV.
567 781 791 853 „Libet
814 791 1156 853 argumenta
1182 781 1531 856 conquirere
1559 781 1626 837 in
1649 802 1744 853 eo,
1789 786 1950 861 quod

94 916 127 942 ,‚
141 868 599 946 sapientioribus
618 867 1007 924 deliberatum
1030 865 1155 922 est?
1213 864 1332 922 Sed
1356 877 1412 923 et
1435 867 1486 922 si
1508 887 1668 924 nunc
1689 869 1952 944 primum

94 955 515 1027 „statuendum
544 950 924 1021 haberemuS‚
967 950 1280 1007 creditisne
1303 970 1537 1008 servum
1560 952 1953 1011 interficiendi

94 1041 368 1111 „domini
404 1040 669 1096 animum
694 1035 1104 1111 insumpsisse,
1146 1046 1214 1093 ut
1252 1055 1376 1092 non
1412 1055 1525 1093 vox
1562 1038 1769 1108 minax·
1796 1040 1952 1096 exci-

96 1125 344 1196 ‚,deret?
420 1121 577 1181 nihil
629 1143 737 1199 per
778 1121 1163 1180 temeritatem
1205 1111 1696 1198 proloqueretur?
1738 1165 1741 1167 .
1792 1124 1949 1184 Sane

95 1210 459 1282 „consilium
492 1209 777 1278 occuluit,
824 1207 1009 1264 telum
1040 1206 1197 1262 inter
1228 1204 1462 1279 ignaros
1496 1209 1751 1283 paravit:
1801 1231 1951 1268 num

95 1296 414 1367 „excubias
460 1295 763 1361 transiret,
829 1290 1090 1348 cubiculi
1137 1291 1294 1346 fores
1340 1292 1696 1364 recluderet,
1748 1296 1951 1354 lumen

93 1425 129 1452 „
143 1381 417 1449 inferret,
494 1380 728 1435 caedem
781 1387 1039 1451 patraret
1085 1375 1363 1433 omnibus
1415 1379 1667 1434 nesciis?
1762 1384 1951 1440 multa

84 1477 129 1537 ⁸„
141 1466 374 1523 sceleris
397 1464 619 1521 indicia
640 1461 1031 1539 praeveniunt
1043 1460 1062 1518 ε’
1106 1461 1259 1518 servi
1281 1461 1329 1518 si
1343 1464 1966 1540 prodant,·possumus

18 2409 30 2420 .
93 2371 221 2417 nihili
252 2379 371 2416 sunt.

98 1669 236 1716 Corb.
268 1668 368 1712 edd.
403 1667 523 1726 Lips.
554 1666 683 1710 Pieli.
716 1666 989 1724 Bernegger.

97 1727 326 1777 Gronov„
357 1733 401 1768 et
422 1733 543 1768 recte
566 1724 773 1782 quidem,
805 1732 855 1766 ut
882 1722 990 1765 mihi

95 1785 295 1838 videtum
331 1799 435 1826 nam
466 1785 708 1825 advertere
732 1780 888 1825 Tacito
923 1788 989 1823 est

95 1842 622 1901 ad

153 1932 166 1950 ‚
250 1935 260 1945 .
354 1931 365 1950 ,
445 1930 457 1942 .
561 1914 595 1939 is
617 1929 629 1939 .
684 1930 695 1948 ‚
774 1928 785 1938 .
878 1928 887 1938 .
949 1911 987 1937 r.

94 1957 354 2002 Gronovius
394 1955 616 2000 coniecit:
663 1969 804 2010 quam
844 1968 902 1995 ne
937 1953 987 1993 in

94 2023 224 2059 metu
255 2014 438 2070 quidem
465 2014 675 2067 pericula
704 2019 870 2053 nostra
895 2013 985 2051 ad-

94 2079 295 2116 vertunt.
355 2071 446 2114 Sed
471 2070 573 2114 libri
599 2078 769 2113 veteres
799 2083 895 2110 non
927 2067 988 2110 ita
1026 2091 1041 2108 ,ι

93 2131 325 2181 laborant,
355 2137 404 2172 ut
426 2126 739 2177 emendatione
771 2141 884 2183 opus
918 2124 987 2168 sit.

92 2185 386 2245 Kiesslingius
411 2201 591 2229 mecum
615 2184 852 2233 consentit,
951 2188 955 2191 ’

150 2273 236 2309 on,
287 2264 339 2299 ue
387 2256 579 2313 quidam
630 2263 718 2297 etc.
807 2253 985 2297 Ironice

97 2316 232 2360 dieta.
290 2314 406 2357 Nam
437 2313 624 2356 iniuriae
655 2311 756 2355 illae
780 2311 827 2354 in
850 2326 984 2355 servo

444 2369 555 2413 Mox
575 2369 679 2412 MS.
709 2367 862 2412 Guelf.
898 2371 984 2410 do-

92 2432 276 2474 minum
296 2428 448 2471 videri
462 2429 562 2470 iure
582 2441 782 2469 caesum.

151 2500 266 2544 CAP.
291 2498 366 2542 44.
432 2497 541 2540 libet
579 2523 638 2532 --
673 2497 986 2539 deliberatum

94 2561 200 2603 est?
266 2554 636 2612 Inter-rogationis
682 2553 861 2610 signum
907 2570 986 2613 po·

94 2625 212 2660 nunt
244 2631 292 2658 ex
321 2611 615 2656 Freinshemii
651 2611 890 2663 sententia;
920 2620 986 2654 est

94 2690 205 2718 vero
236 2671 369 2715 etiam
399 2670 447 2713 in
482 2669 583 2713 edd.
613 2669 713 2712 Put.
751 2669 818 2711 M.
854 2678 896 2712 et
924 2667 984 2711 V.

95 2731 162 2774 Ne
191 2739 340 2775 tamen
370 2736 496 2786 putes
532 2727 695 2770 iustam
719 2739 822 2769 esse
848 2725 983 2769 inter·

97 2787 406 2847 rogationem;
434 2784 577 2826 immo
609 2791 652 2825 et
679 2782 787 2826 haec
812 2783 984 2827 ironice

98 2845 335 2888 dicuntur:
391 2842 504 2884 Wir
537 2843 704 2884 wollen
737 2843 867 2883 wohl
897 2849 983 2885 etc.

96 2901 160 2948 cf.
183 2908 280 2944 not.
303 2898 359 2942 ad
376 2898 418 2949 2,
438 2898 511 2941 15.

98 2991 103 2997 ·
154 2972 239 3014 sed
260 2959 315 3012 et'
329 2969 378 3011 si
395 2982 532 3010 nunc.
589 2968 638 3010 si
655 2966 780 3011 'abest
802 2983 825 3011 a
849 2968 984 3012 MSS.

97 3028 206 3087 Reg.
230 3026 328 3069 les.
415 3026 466 3067 ln
500 3023 652 3067 Guelf.
686 3041 774 3068 sec.
823 3042 983 3069 manus

98 3084 258 3129 adiecit
286 3085 342 3128 si.
371 3106 428 3116 —
486 3090 530 3124 et
561 3081 780 3126 omittitur
811 3082 859 3126 in
881 3082 983 3128 MS.

97 3142 213 3188 Bud.

88 3255 93 3261 ,
151 3214 366 3257 animum
388 3210 696 3264 insumpsisse.
755 3209 832 3252 Sic
847 3209 982 3254 MSS.

98 3279 356 3326 veteresque
391 3267 491 3310 edd.
527 3275 701 3324 praeter
730 3267 986 3319 MS.7Bud.‚

98 3329 215 3370 unde
238 3328 345 3370 olim
358 3325 612 3374 Rhenanus,
642 3325 866 3365 recentius
885 3324 982 3380 Bip.

98 3393 142 3428 et
174 3384 329 3427 Oberl.
369 3398 466 3441 sqq.
512 3381 672 3423 dedere
714 3382 982 3435 sumpsisse,

100 3441 452 3484 dissuadentibus
507 3438 593 3480 lac.
641 3437 880 3483 Gronovio
938 3448 982 3482 et

97 3496 297 3557 Ryeki0‚
331 3497 406 3555 qui
434 3495 487 3539 ad
516 3494 845 3538 defendendam
869 3504 981 3538 vete-

98 3571 191 3597 rem
213 3554 476 3612 scripturam
503 3552 723 3610 aptissime
748 3551 890 3595 adfert
919 3551 981 3593 lo-

1061 1680 1166 1708 cum
1211 1664 1336 1707 Statii
1367 1664 1507 1710 Theb.
1543 1668 1609 1719 12,
1641 1668 1740 1714 643.
1786 1672 1954 1725 dignas

1059 1723 1278 1765 insumite
1298 1730 1477 1767 mentes
1500 1727 1748 1780 coeptibus.
1809 1728 1950 1785 Quod

1059 1778 1289 1823 Ernestius
1338 1781 1653 1827 animadvertit
1693 1785 1812 1828 aliud
1849 1804 1948 1831 esse

1061 1846 1267 1879 mentem
1290 1839 1525 1881 insumere
1546 1833 1796 1894 coeptffius',
1828 1844 1948 1888 aliud

1059 1902 1268 1936 mentem
1300 1895 1541 1938 insumere
1570 1897 1854 1956 simpliciter,
1884 1903 1950 1945 ni·

1059 1950 1138 1994 hili
1182 1959 1264 1994 est.
1338 1951 1532 1995 Insumi
1561 1954 1795 2009 dicuntur,
1836 1974 1951 2016 quae

1059 2016 1163 2051 sunt
1207 2008 1385 2066 gravia,
1471 2010 1714 2062 ericulosa‚
1763 2016 1948 2062 atrocia.

1060 2065 1121 2110 cf.
1147 2074 1240 2108 not.
1266 2065 1323 2108 ad
1342 2067 1384 2118 6,
1409 2026 1481 2111 ΒΞ

1126 2123 1340 2168 occuluit.
1423 2123 1618 2169 Pichena
1661 2135 1849 2174 testatur
1901 2131 1949 2176 in

1057 2180 1158 2224 MS.
1181 2179 1307 2223 Flor.
1334 2179 1419 2238 legi
1453 2185 1716 2228 occultavit.
1777 2185 1948 2238 Verum

1058 2237 1293 2280 Victorius.
1332 2236 1554 2282 intactum
1594 2240 1775 2298 reliquit
1812 2261 1945 2289 σασα-ι,

1055 2296 1166 2346 luit,
1208 2294 1330 2352 quod
1365 2296 1624 2352 praeferunt
1657 2299 1754 2343 MS.
1790 2300 1944 2346 Guelf.

1054 2360 1161 2399 vett.
1188 2352 1288 2394 edd.
1349 2351 1611 2413 Utrumque
1640 2358 1832 2402 verbum
1867 2361 1947 2404 bo-

1055 2425 1167 2451 num
1192 2417 1235 2450 et
1247 2408 1412 2452 Nostro
1438 2409 1487 2452 in
1510 2411 1586 2454 tali
1609 2411 1838 2459 locutione
1859 2417 1947 2460 usi·

1055 2474 1197 2509 tatum
1235 2475 1313 2509 est.
1394 2466 1485 2510 Sed
1523 2467 1828 2516 homoteleuta
1865 2489 1943 2517 oc-

1056 2524 1260 2573 cultavit,
1285 2525 1492 2578 paravit,
1522 2541 1615 2570 non
1642 2529 1853 2575 omnibus
1870 2549 1945 2576 au-

1055 2581 1180 2624 ribus
1207 2581 1466 2637 placebunt.

1112 2639 1339 2680 transiret
1353 2666 1405 2673 --
1417 2641 1678 2683 recluderet
1690 2650 1774 2687 etc.
1808 2644 1943 2692 MSS.

1054 2691 1165 2753 Reg.
1193 2693 1330 2738 Corb.
1350 2695 1461 2753 Agr.
1493 2696 1564 2740 ed.
1597 2699 1716 2756 Spir.
1739 2705 1944 2748 transire

1054 2777 1111 2786 --
1131 2755 1367 2795 recludere
1390 2776 1444 2786 -
1466 2754 1638 2808 inferre
1658 2785 1716 2792 --
1728 2758 1944 2810 patror'e.

1056 2809 1117 2852 cf.
1142 2808 1411 2853 Ramshorn.
1430 2809 1514 2853 Gr.
1538 2815 1567 2866 §
1584 2813 1679 2856 168.
1703 2815 1860 2872 p.435.
1880 2819 1941 2874 6).

1053 2866 1311 2923 Elegantius
1354 2875 1499 2909 tamen
1530 2869 1642 2914 haec
1672 2887 1753 2929 per
1786 2877 1943 2932 optati-

1054 2940 1166 2970 vum
1202 2923 1517 2976 enuntiantur,
1571 2926 1636 2969 uti
1670 2937 1735 2972 est
1769 2930 1816 2973 in
1852 2933 1944 2976 vul-

1056 2990 1154 3082 ἕπε
1177 2981 1411 3038 scriptura.
1470 2981 1591 3026 Ante
1613 2987 1830 3032 excubias
1842 2984 1942 3036 MS.

1104 3037 1205 3081 uelf.
1224 3037 1309 3080 fert
1332 3053 1426 3079 non
1454 3055 1536 3096 pro
1556 3057 1686 3085 num.
1719 3042 1722 3046 ’

1108 3096 1441 3150 praeveniunt:
1470 3098 1599 3140 servi
1612 3107 1698 3143 etc.
1747 3099 1824 3145 Sic
1839 3103 1940 3149 edd.

1055 3153 1172 3210 Spir.
1198 3152 1297 3194 Put.
1321 3153 1424 3194 Ber.
1448 3153 1550 3220 Alc.
1572 3165 1614 3199 et
1636 3157 1737 3200 dein
1759 3158 1940 3206 Ernest-

1054 3227 1155 3267 sqq.
1178 3237 1236 3244 -
1276 3220 1590 3261 praeveniunt
1605 3217 1747 3266 servi,
1780 3217 1941 3272 sz'pro-

1054 3272 1189 3309 dant.
1232 3266 1484 3309 Possumus
1507 3277 1591 3313 ete.
1618 3271 1718 3314 edd.
1740 3272 1940 3321 Rhenan.

1054 3326 1096 3380 (c
1109 3323 1211 3366 MS.
1228 3323 1363 3378 Eud.)
1382 3324 1484 3367 ΑΜ.
1505 3324 1680 3385 Gryph.
1702 3358 1760 3366 --
1791 3345 1940 3386 prae-

1054 3383 1239 3423 veniunt
1272 3382 1408 3421 servi.
1471 3381 1527 3424 Si
1551 3388 1791 3438 prodant,
1821 3406 1935 3444 pos-

1051 3454 1212 3482 sumus
1232 3445 1316 3480 etc.
1341 3437 1441 3479 cdd.
1468 3438 1586 3497 Lips.
1613 3441 1736 3487 Pich.
1762 3463 1860 3504 sqq.

1108 3508 1374 3550 poss-mnus.
1447 3496 1546 3539 MS.
1569 3498 1680 3557 Agr.
1709 3516 1801 3546 non
1819 3495 1946 3557 pos-J
1981 3531 1991 3541 ⁴-

1054 3567 1233 3596 sumus.

1269 3611 1322 3667 'l‘
1362 3615 1399 3667 2
