2216 4010
231 255 350 294 A.U.
366 255 454 290 Θου,

217 301 282 337 Ἀ.
302 297 350 335 C.
393 299 455 332 47.

719 253 891 314 LIB.
927 251 1032 314 XI.

1117 251 1165 310 C
1178 250 1234 311 A
1245 252 1311 313 P.
1347 253 1406 313 6.
1909 254 1992 315 113

128 452 129 455 Ἰ
315 387 421 448 VI.
496 385 726 443 Deinde
781 382 1255 458 obstrepentibus
1306 376 1400 436 his
1460 381 1676 457 quibus
1732 401 1801 438 ea
1852 403 1996 440 con-

141 475 390 535 ⁴tumelia
441 472 786 547 parabatur,
855 468 1078 524 discors
1135 465 1326 549 Suilio
1385 464 1567 522 Silius
1628 467 1850 523 acriter'
1901 467 1999 524 in·-

152 560 355 618 cubuit
409 569 671 613 veterum
727 564 1027 610 oratorum
1071 552 1344 625 'exempla
1398 553 1683 620 referem,
1753 551 1860 627 qui
1910 553 2000 616 fa:-

150 666 309 702 mam
380 654 435 699 et
495 652 758 717 posteros
828 637 1107 713 praemia·
1155 636 1520 711 eloquentiae
1592 635 2000 709 cogitavissent

149 726 562 806 pulcherrima.

151 814 406 871 sordidis
441 810 783 867 ministeriis
819 808 1062 867 foedari.

125 910 416 966 'manere‚
456 897 562 953 ubi
589 895 938 968 magnitudo
973 904 1320 969 quaestuum
1355 902 1662 968 spectetur.

657 724 923 800 alioquin
972 734 1027 780 et
1071 723 1364 779 bonarum
1413 721 1630 797 artium
1671 721 2002 797 principem

1148 828 1223 886 ne
1246 808 1423 863 fidem
1449 806 1690 882 quidem
1715 806 2003 881 integram
2082 884 2088 893 Ι

1750 894 1913 968 quod
1950 893 2002 948 si

152 986 218 1040 in
263 983 488 1040 nullius
532 981 874 1049 mercedem>
899 978 1128 1051 negotia
1172 976 1476 1047 tueantur,
1527 976 1805 1052 pauciora
1843 978 2001 1034 fore:

151 1090 312 1127 nunc
346 1067 709 1135 inimicitiaS‚
761 1063 1183 1132 accusationeS‚
1236 1063 1372 1119 odia
1413 1072 1469 1120 et
1505 1062 1754 1120 iniurias
1795 1061 2004 1135 foveri,

211 1296 391 1340 CAR-¹6.
451 1290 813 1349 obstrepentibus
836 1293 913 1336 his
943 1295 1041 1348 qui-

153 1358 278 1409 bus„
321 1354 403 1396 Ed.
439 1351 559 1410 Spir.
594 1351 760 1394 omittit
787 1352 874 1394 lais.
942 1349 1042 1393 MS.

153 1412 277 1456 Flor.
301 1411 486 1466 (t.Vict.)
510 1418 610 1451 ante
634 1410 706 1450 liis
728 1404 1043 1466 interponitsi.

153 1471 236 1514 Ed.
250 1467 354 1512 Ald.
371 1484 410 1511 c.
425 1468 525 1510 MS.
539 1466 686 1508 Guelf.
704 1465 775 1508 dat
789 1465 847 1508 iis
862 1481 942 1522 pro
955 1468 1040 1507 his.

153 1528 253 1571 Put.
271 1523 371 1569 Ale.
394 1533 433 1567 et
449 1524 589 1567 Rhen.
615 1529 796 1565 tuentur
815 1523 904 1565 his.
969 1521 1043 1564 Nil

154 1585 203 1628 in
223 1591 324 1626 vett.
354 1582 478 1625 libris
507 1579 785 1639 frequentius
814 1589 879 1622 est
913 1595 1045 1636 quam

154 1642 387 1696 utriusque
412 1638 695 1695 pronominis
719 1636 940 1680 confusio.

212 1698 360 1742 Suilio
395 1697 553 1738 Silius.
612 1694 696 1736 Ed.
736 1693 852 1750 Spir.
887 1695 1046 1735 suillo:

151 1756 348 1856 quillus.
406 1753 520 1796 Edd.
549 1751 645 1793 Put.
679 1750 744 1792 M.
769 1759 810 1793 et
836 1753 886 1792 V.
924 1751 1041 1793 suil-

175 1815 246 1855 io:
273 1811 425 1854 Silius.
484 1808 583 1850 MS.
598 1809 631 1849 F
636 1807 719 1851 lor.
741 1807 934 1864 (t.Vict.)
959 1823 1042 1865 pro

155 1872 294 1915 Silius
311 1867 441 1910 habet
463 1868 619 1910 Silius.

213 1933 255 1968 et
281 1932 508 1979 posteros.
589 1921 666 1964 Sic
695 1919 797 1964 MS.
829 1919 951 1964 Flor.
992 1922 1040 1977 (t.

155 1983 319 2035 Vict.);
367 1997 471 2023 cum
504 1978 772 2022 Florentino
819 1980 1044 2022 consentit

155 2039 260 2084 MS.
298 2038 428 2081 Bodl.
521 2037 584 2078 lta
625 2037 782 2079 melius
824 2053 870 2079 se
911 2036 1044 2079 habet

155 2114 283 2141 num.
315 2095 432 2154 plur.
456 2095 501 2138 in
521 2095 756 2148 praemia.
817 2093 966 2151 Vulgo
996 2095 1043 2136 in

152 2163 380 2212 posteros.

209 2211 437 2266 praemia.
497 2208 583 2252 Ed.
606 2207 725 2268 Spir.
745 2208 956 2263 premia,
978 2206 1043 2251 uti

155 2270 286 2315 solet.

215 2326 551 2380 cogitavissent.
590 2322 692 2367 MS.
706 2322 830 2367 Flor.
853 2322 1044 2379 (wien)

159 2384 496 2437 cogitabissent.
558 2380 616 2425 cf.
641 2390 738 2424 not.
762 2381 816 2424 ad
841 2380 906 2431 13,
933 2383 1000 2423 10.

216 2441 415 2483 sordidis
462 2439 750 2482 ministeriis.
836 2437 1045 2479 Sordida

160 2505 262 2541 sunt
284 2492 585 2554 ἀνελεύθερα,
620 2493 764 2552 qualia
789 2510 880 2538 esse
900 2493 1047 2536 solent

158 2555 392 2598 hominum
426 2554 479 2595 de
510 2552 666 2610 plebe,
706 2552 782 2608 qui
813 2551 860 2593 in
897 2549 1047 2593 officia

157 2610 424 2670 praestanda
463 2617 692 2652 emuntur.
765 2608 867 2651 MS.
892 2607 1046 2651 Guelf.

159 2669 333 2712 sordis.

215 2742 274 2769 ne
309 2724 464 2780 fidem
517 2724 718 2780 quidem.
796 2721 873 2765 Sic
909 2720 1045 2764 MSS.

159 2783 281 2827 Flor.
316 2781 425 2839 Reg.
461 2782 513 2836 (t.
545 2781 707 2838 Ryck.)
754 2780 863 2837 Agr.
894 2778 1046 2823 Guelf.

160 2841 260 2884 edd.
291 2838 408 2897 Spir.
437 2838 538 2882 Put.
567 2839 632 2882 M.
656 2847 698 2882 et
726 2838 779 2881 V.
834 2837 1044 2881 Beroald.

158 2899 261 2942 Alc.
284 2925 342 2932 —-
371 2899 613 2953 necszdem
638 2895 823 2951 (omisso
845 2897 1044 2951 quidem)

158 2954 260 2998 MS.
292 2953 410 2996 Bud.
454 2954 554 2997 edd.
585 2952 789 2996 Rhenan.
821 2952 924 2995 Ald.
949 2969 1044 3010 sqq.

159 3013 267 3054 Mox
291 3022 480 3055 veterem
516 3011 782 3069 scripturam
814 3011 1046 3054 restituere

159 3069 374 3126 Bernegg.
399 3068 605 3112 Gronov.
631 3083 728 3126 sqq.
778 3067 849 3110 De
871 3068 1043 3111 Vaticc..

161 3135 203 3170 et
217 3125 396 3168 Oxonn.
425 3124 659 3168 Broterius
685 3132 815 3167 tacet.

160 3180 1043 3296 adfssfi⁶ssz²zizrfizfiff¹2⁵§.2225ss

161 3305 252 3341 tur.
335 3298 403 3340 De
442 3295 522 3338 illo
563 3297 812 3344 Victorius,
864 3297 918 3339 de
959 3296 1046 3340 hoc

160 3354 392 3398 Broterius
414 3362 542 3397 tacet.
589 3355 676 3397 lae.
693 3353 892 3396 Gronov,
909 3353 1045 3397 eMS.

160 3412 285 3455 Flor.
321 3411 551 3455 adnotavit
581 3418 883 3465 spectetetur,
914 3427 1045 3469 supra

160 3470 281 3528 prius
306 3476 350 3511 et
373 3468 515 3526 posito
539 3484 561 3510 c
584 3468 645 3522 (h.
670 3483 708 3511 e.
735 3467 947 3522 corrige).

216 3529 401 3581 negotia
422 3533 655 3567 tueantur.
679 3523 756 3568 Sic
769 3523 899 3567 MSS.
913 3524 1044 3568 Bodt.

161 3583 207 3626 in
225 3583 434 3640 margine,
452 3581 601 3626 Guelf.
616 3582 713 3626 edd.
727 3581 844 3640 Spir.
861 3582 963 3627 Put.
978 3582 1044 3626 M.

1116 1303 1159 1338 et
1183 1293 1239 1336 V.
1288 1294 1495 1338 Beroald.
1517 1293 1620 1339 Alc.
1645 1293 1788 1336 Rhen.
1817 1308 1916 1352 sqq.
1947 1319 2007 1330 --

1115 1353 1218 1396 MS.
1233 1352 1344 1410 Agr.
1360 1351 1614 1409 <t.Ryekio)
1639 1352 1827 1406 negotia
1846 1358 2006 1393 tuean-

1116 1419 1216 1461 tur,
1244 1411 1470 1464 pauciora
1477 1409 1591 1464 fore
1612 1410 1825 1451 crimina.
1870 1407 2005 1452 Hein-

1116 1469 1205 1510 sius
1228 1477 1378 1510 tamen
1400 1466 1504 1508 inde
1525 1467 1664 1509 refert
1684 1466 2005 1520 negotiantur.

1115 1523 1250 1568 MSS.
1281 1523 1404 1566 Flor.
1446 1525 1495 1578 (t.
1515 1524 1654 1578 Vict.)
1693 1523 1809 1566 Bud.
1839 1523 2005 1581 aliique

1115 1583 1232 1639 apud
1261 1581 1521 1623 Broterium
1555 1589 1596 1623 et
1631 1580 1830 1638 Lipsium
1859 1594 2003 1635 nego-

1115 1642 1310 1682 tiantur.
1371 1638 1490 1680 Hinc
1511 1637 1593 1680 viri
1617 1638 1737 1681 docti
1755 1637 1872 1680 varia
1898 1654 2004 1681 eon-

1115 1697 1276 1740 iecere.
1313 1695 1368 1738 4Ι.
1393 1695 1468 1737 Fr.
1497 1694 1784 1740 Gronovius:
1820 1697 2008 1749 negotia

1114 1761 1240 1796 eant.
1319 1751 1407 1796 Iac.
1443 1750 1706 1795 Gronovius
1751 1759 1800 1794 ut
1841 1751 2006 1796 esMS.

1114 1810 1236 1854 Flor.
1257 1812 1443 1863 negotia
1463 1810 1570 1851 sint.
1629 1809 1885 1852 Ernestius:
1918 1805 2008 1851 nes-

1111 1869 1244 1922 gotia
1263 1874 1502 1908 curentur.
1563 1866 1663 1924 Bip.
1687 1867 1874 1919 negotia
1899 1881 2004 1909 ver-

1114 1932 1299 1967 tantur.
1359 1921 1522 1967 Kiessl.
1566 1930 1839 1966 tractentur.
1908 1922 2006 1982 Ego

1115 1980 1344 2039 vulgatum
1366 1980 1592 2037 integrum
1615 1997 1707 2025 esse
1729 1996 1906 2030 censeo,
1930 1997 2006 2024 ne-

1115 2055 1202 2098 que
1225 2045 1371 2081 tamen
1395 2053 1501 2079 cum
1515 2037 1719 2081 Ernestio
1741 2038 1796 2081 ad
1818 2040 2006 2081 verbum

1115 2103 1340 2138 tueantur
1361 2094 1566 2153 intelligo
1588 2104 1803 2138 oratores
1821 2094 1895 2140 vel
1917 2099 2004 2138 ad-

1115 2153 1290 2203 vocati,
1318 2152 1440 2210 quod
1473 2168 1634 2210 parum
1659 2153 1869 2210 congruit
1904 2169 2009 2198 cum

1113 2210 1285 2253 verbis:
1327 2211 1376 2252 in
1405 2211 1576 2252 nullius
1607 2213 1883 2254 mercedem.
1952 2210 2008 2253 Iu

1116 2267 1263 2314 cuius¹
1303 2268 1422 2310 enim
1483 2268 1742 2312 mercedem
1801 2267 2006 2325 advocati

1114 2334 1350 2370 tuerentur
1382 2324 1582 2382 negotia,
1631 2325 1718 2368 nisi
1753 2325 1800 2368 in
1841 2324 2007 2368 suam?

1117 2384 1284 2426 Verum
1307 2382 1351 2424 in
1375 2380 1514 2426 verbo
1541 2389 1762 2424 tueantur
1788 2382 1907 2426 idem
1942 2389 2009 2425 est

1115 2440 1393 2490 subiectum,
1431 2441 1554 2497 quod
1588 2449 1738 2497 postea
1763 2439 1810 2483 in
1832 2439 2003 2482 memi-

1115 2501 1312 2548 nissent,
1352 2497 1496 2541 intell.
1523 2506 1776 2548 senatores,
1813 2497 1869 2540 ad
1893 2512 2006 2554 quos

1116 2553 1224 2597 haec
1255 2554 1484 2597 dicuntur.
1563 2555 1764 2610 Negotia
1798 2555 1925 2598 tueri
1955 2556 2006 2598 in

1116 2612 1287 2653 nullius
1315 2616 1575 2655 mercedem
1607 2610 1825 2669 significat
1848 2625 2006 2654 cavere

1119 2667 1313 2724 legibus,
1366 2685 1423 2713 ne
1444 2669 1560 2768 Squis
1604 2668 1710 2713 inde
1749 2668 2008 2712 mercedem

1117 2724 1347 2783 percipiat.
1481 2728 1491 2768 i

1122 2781 1300 2840 Quodsi
1331 2785 1378 2825 in
1409 2785 1585 2826 nullius
1615 2786 1898 2831 mercedem,
1941 2782 2008 2825 in-

1119 2840 1239 2897 quit,
1280 2843 1466 2895 negotia
1495 2842 1747 2893 tueamini,
1773 2841 2008 2896 pauciora

1118 2904 1271 2939 erunt.
1353 2897 1474 2940 Haec
1510 2897 1673 2942 Noster
1712 2898 1910 2942 debebat,
1938 2912 2007 2940 re·

1117 2953 1261 3003 ferre,
1313 2962 1359 2996 ut
1391 2971 1523 3012 supra
1558 2954 1728 2998 sactum
1765 2961 1848 2998 est.
1930 2953 2007 3000 Sic

1119 3011 1239 3054 enim
1276 3010 1511 3055 laudantur
1545 3013 1681 3055 verba
1712 3012 1768 3055 ad
1801 3018 2006 3055 senatum

1117 3069 1414 3126 loquentium.
1477 3069 1534 3111 cf.
1557 3068 1599 3117 3,
1618 3068 1688 3112 33.
1722 3068 2006 3122 cogitarent,-

1118 3143 1159 3169 c.
1188 3127 1256 3169 69.
1288 3130 1468 3168 darent.
1529 3125 1596 3168 De
1626 3127 1759 3169 verbo
1789 3126 1917 3169 tueri
1942 3126 2003 3171 cf.

1119 3183 1214 3226 Cic.
1242 3183 1295 3225 de
1316 3184 1389 3226 off.
1418 3188 1453 3231 1,
1475 3183 1547 3225 25.
1583 3181 1808 3234 Omnino,
1840 3182 1917 3238 qui
1935 3185 2013 3226 rei

1113 3257 1158 3294 p.
1188 3240 1460 3295 praefuturi
1490 3247 1623 3292 sunt,
1667 3243 1759 3282 duo
1788 3238 1982 3286 Platoni

1112 3305 1367 3351 praecepta
1394 3306 1605 3340 teneant:
1638 3312 1808 3346 unum,
1837 3303 1890 3339 uc
1912 3299 1985 3340 ut'
2027 3308 2035 3314 ⁶

1116 3356 1295 3397 litatem
1320 3355 1485 3397 ciuium
1502 3355 1569 3397 sic
1586 3362 1825 3404 tueantur,
1854 3362 1904 3397 ut
1917 3363 2003 3400 etc.

1174 3411 1456 3455 inimicitias,
1519 3411 1593 3456 Sic
1631 3412 1731 3457 edd.
1768 3410 1888 3469 Spir.
1910 3412 2004 3455 Be-

1117 3468 1259 3511 roald.
1284 3467 1386 3513 Alc.
1405 3469 1606 3514 Rhenan.
1629 3468 1736 3513 ΑΜ.
1760 3485 1860 3527 sqq.
1913 3470 2002 3512 ini-

1117 3526 1318 3569 micicias
1341 3526 1516 3570 Puteol.
1543 3527 1612 3569 M.
1661 3529 1887 3570 inimicias
1901 3526 2004 3572 Put.

1119 3583 1175 3624 V.
1199 3607 1256 3618 -
1304 3583 1414 3628 Mox
1430 3587 1589 3640 precia
1611 3592 1660 3628 ut
1687 3592 1788 3629 ante
1818 3585 2004 3641 negocia

1498 2726 1581 2770 lius
1625 2741 1781 2770 coram
1825 2734 2008 2769 senatu:
2067 2767 2071 2774 Α
