2164 3990
206 208 332 293 219

1120 0 1155 38 ,ἵζω

781 186 805 198 “
864 173 1368 265 ANNALIUM

213 334 484 393 convivio
506 332 772 392 Caesaris
797 352 972 408 seque
997 332 1084 389 ire
1107 334 1182 389 ad
1205 334 1370 392 illam
1393 335 1508 392 sibi
1530 353 1860 395 concessam
1892 339 2067 397 dic-ti·-

1760 204 1792 239 A
1801 227 1811 238 .
1825 204 1879 239 U.
1892 203 1978 239 812.

1761 246 1815 286 A.
1829 245 1876 283 C.
1919 247 1980 284 ⁵⁹.

2036 295 2062 331 Ι

213 435 344 480 tans
366 420 737 476 nobilitatem
752 463 768 485 ,
807 413 1314 492 pulchritudinem
1329 466 1346 490 ‚
1387 433 1523 478 vota
1552 423 1821 479 omnium
1843 435 1899 481 et
1923 443 2069 498 gau-2

214 508 312 566 dia
337 506 618 563 felicium.

214 591 504 651 cunctatio
542 587 960 662 interponitur.

702 501 814 558 His
847 513 1021 576 atque
1054 503 1271 560 talibus
1301 505 1694 563 inritamentis
1730 528 1856 564 non
1891 510 2070 583 longa

1045 589 1144 643 sed
1180 601 1411 664 accepto
1449 592 1615 649 aditu
1638 591 1909 668 Poppaea
1944 595 2071 670 pri-

213 698 380 735 mum
413 696 514 752 per
538 673 945 730 blandimenta
971 682 1026 728 et
1051 684 1201 729 artes
1225 677 1539 746 valescere,
1583 677 1867 753 imparem
1902 679 2071 755 cupi-

216 763 344 821 dini
371 782 430 817 se
457 773 514 818 et
535 761 723 815 forma
742 755 998 812 Neronis
1035 769 1262 832 captam
1289 760 1597 818 simulans:
1642 785 1780 820 mox
1805 763 1928 820 acri
1950 764 2071 820 iam

214 846 500 924 principis
535 862 731 899 amore
768 842 841 898 ad
866 844 1200 917 superbiam
1222 850 1480 915 vei-tem,
1517 846 1566 901 si
1591 849 1746 904 ultra
1773 870 1953 905 unam
1980 849 2072 905 al-

207 946 514 1008 teramque
553 938 784 984 noctem
824 927 1198 997 attineretur,
1252 941 1498 1003 nuptam
1539 951 1659 987 esse
1701 953 1759 988 se
1794 934 2072 991 dictitans

215 1039 321 1076 nec
349 1035 516 1094 posse
548 1012 992 1071 matrimonium
1031 1014 1298 1073 amittere
1336 1015 1668 1083 devinctam
1700 1013 1936 1075 Othoni
1965 1039 2102 1094 per‘

214 1299 332 1338 darc
365 1290 620 1349 explicanda
649 1296 757 1333 sunt
795 1298 844 1333 ut
885 1303 983 1332 non
1004 1293 1106 1332 ‘esc-

215 1352 368 1396 timuit
398 1379 411 1393 .
435 1380 447 1391 .
465 1382 478 1393 .
498 1350 654 1405 fateri
685 1351 747 1399 11,
776 1350 814 1390 1.
857 1356 899 1390 et
924 1350 1106 1401 percel-

215 1414 322 1453 lunt
365 1409 581 1450 omittere
632 1407 699 1458 12,
731 1407 801 1449 50.
891 1404 996 1448 vid.
1045 1405 1106 1448 ib.

217 1474 314 1512 not.

271 1549 409 1592 seque
444 1537 508 1578 ire
538 1537 603 1577 ad
635 1536 769 1577 illam
804 1534 895 1576 sibi
919 1547 1104 1576 conoes-

213 1611 318 1639 sam
339 1593 560 1635 dictitans
579 1595 685 1635 nob.
757 1589 882 1635 Libri
904 1599 1012 1634 vett.
1034 1607 1107 1634 va-

215 1653 344 1695 riant.
397 1648 515 1692 rMS.
544 1650 665 1692 Flor.
695 1649 943 1691 sec-undum
974 1648 1108 1692 colia-

213 1710 385 1754 tionem
396 1708 486 1750 Iac.
504 1706 731 1750 Gronovii
751 1706 882 1750 habet
899 1721 962 1755 ea,
995 1722 1108 1763 quae

216 1783 342 1811 nunc
376 1764 572 1817 edimus,
603 1764 685 1806 nisi
710 1753 921 1821 quodibi
949 1762 1006 1806 sit
1036 1764 1114 1804 ubi

215 1840 300 1884 pro
328 1825 435 1875 sibi,
472 1822 695 1867 'facillimo
728 1823 869 1878 lapsu,
941 1820 1109 1869 Putant

216 1882 398 1940 quidem
452 1881 562 1923 iliud
606 1894 691 1936 que
727 1878 1005 1930 redundare3
1066 1885 1110 1920 at

211 1939 383 1997 optime
419 1939 575 1988 stabit,
614 1936 811 1993 virgula,
856 1952 990 1993 quam
1031 1951 1109 1993 po·

216 2004 331 2039 nunt
365 2003 467 2053 post
504 1997 662 2042 illam,
704 1994 899 2040 sublata,
932 2002 975 2034 et
1010 2008 1109 2038 ver·

215 2055 283 2098 bis
317 2057 383 2095 ad
411 2052 546 2094 illam
579 2084 588 2093 .
618 2084 628 2094 .
655 2083 666 2094 .
691 2083 700 2093 .
733 2050 1028 2092 nobilitatem
1061 2050 1109 2092 in

215 2125 352 2154 unam
375 2110 533 2153 seriem
562 2108 830 2153 coniunctis.
890 2106 1012 2149 Tum
1035 2122 1110 2151 co-

219 2167 322 2226 pula
367 2181 457 2224 que
505 2165 645 2209 nectit
703 2165 794 2207 ‹luo
850 2164 1110 2222 participia:

216 2237 497 2280 consurgens
524 2231 571 2266 et
604 2224 820 2274 dictitans
851 2223 893 2265 h.
922 2238 959 2265 e.
987 2221 1113 2266 dicii·

218 2293 317 2326 tans
346 2284 394 2325 in
422 2279 764 2338 consurgendO.
824 2279 927 2322 Non
961 2287 1110 2321 tamen

218 2341 378 2384 tacebo
415 2338 625 2382 Victorio
666 2338 876 2388 intactam
911 2334 1110 2394 relinqui

218 2398 485 2456 scripturam
509 2393 850 2438 Beroaldinam=
880 2408 932 2436 se
953 2393 1021 2436 ire
1047 2395 1113 2435 ad

218 2457 381 2498 illam.-
407 2455 473 2497 ibi
491 2467 760 2495 concessam
786 2454 1002 2493 dictitans
1022 2467 1103 2494 no·
1144 2503 1148 2510 Ι

220 2513 471 2560 bilttnzem,
498 2527 546 2566 p.
562 2543 573 2562 ,
605 2525 644 2551 υ.
668 2525 708 2551 0.
727 2516 771 2550 et
795 2508 922 2564 g.f.,
953 2506 1000 2553 in
1025 2525 1111 2565 qua

219 2586 330 2614 cons
365 2569 481 2612 irant
514 2567 614 2611 edd.
641 2566 743 2608 Put.
769 2566 836 2609 M.
862 2575 904 2609 et
925 2565 982 2608 V.
1007 2566 1110 2608 Ber.

220 2627 318 2670 Ale.
333 2586 482 2669 {iheu
497 2625 599 2669 Ald.
627 2641 666 2667 c.
691 2621 966 2666 MSS.llar1.
980 2623 1111 2666 Bodl.

220 2686 302 2728 les.
322 2680 477 2726 Guelf.
508 2709 568 2719 --
620 2681 755 2724 MSS.
780 2680 894 2723 Bud.
916 2683 1024 2739 Agr.
1059 2695 1111 2722 se

218 2744 289 2784 ire
315 2745 380 2784 ad
409 2743 542 2784 illam
575 2740 650 2781 ubi
677 2753 945 2781 concessam
977 2739 1110 2780 dicti-

221 2807 344 2842 taret
362 2814 411 2842 n.
469 2798 554 2841 Ed.
577 2795 697 2854 Spir.
723 2810 771 2839 se
795 2795 865 2838 ire
889 2799 954 2837 ad
975 2795 1112 2837 illam

221 2858 299 2900 ubi
323 2869 589 2899 concessam
617 2854 842 2896 dictitans
871 2868 918 2896 η.
993 2852 1109 2895 Edd.

221 2913 338 2973 Lips.
374 2929 474 2971 sqq.
512 2927 563 2957 se
602 2913 667 2952 ire
707 2914 771 2952 ad
811 2912 972 2961 illam,
1019 2909 1113 2952 sibi

196 2975 487 3014 'concessam
517 2969 743 3011 dictitans
771 2983 819 3010 n.
900 2966 1110 3011 Ceterum

221 3027 396 3086 Lipsius
424 3026 714 3071 coniiciebat:
745 3026 832 3068 sibi
849 3038 1113 3067 concessam

220 3100 252 3125 a
275 3087 347 3128 dis
361 3086 544 3128 iactans
554 3096 627 3134 n.‚
652 3084 715 3126 vei
738 3082 827 3124 sibi
846 3095 1111 3124 concessam

222 3143 294 3184 dis
323 3144 519 3196 dignam
551 3139 691 3183 nobil.
764 3138 993 3181 Heinsius:
1031 3139 1114 3180 uni

221 3200 308 3241 sibi
336 3213 615 3243 concessam.
689 3196 944 3239 Ernestius:
972 3210 1112 3250 saepe

223 3258 407 3298 auditus
431 3265 523 3305 est,
551 3271 657 3298 cum
682 3267 879 3308 surgens
903 3269 927 3295 c
957 3253 1112 3295 convi-

224 3313 297 3353 vio
334 3314 548 3355 Caesaris
571 3343 606 3356 ..
623 3345 634 3355 .
652 3344 662 3355 .
685 3312 921 3354 dictitaret
946 3311 1110 3352 nobili-

207 3376 322 3426 -tate
343 3387 388 3411 n.
445 3371 528 3412 Sed
551 3370 678 3412 locus
700 3370 786 3411 iam
812 3368 920 3412 nihi!
942 3369 1111 3411 laborat

224 3443 247 3468 e
271 3427 493 3483 scriptura
516 3427 639 3469 Flor.
665 3426 959 3483 compositus.

200 3537 203 3541 x
276 3483 357 3526 his
379 3490 520 3539 atque
541 3486 725 3525 talibus.
784 3483 866 3525 Ed.
882 3482 998 3540 Spir.
1020 3481 1111 3525 His

219 3543 380 3598 itaque
407 3541 596 3583 talabus.
665 3540 810 3583 Etiam
836 3541 936 3584 MS.
960 3539 1109 3583 Guels.

1179 1294 1334 1348 itaque
1363 1291 1495 1335 habet
1524 1290 1571 1334 in
1602 1291 1828 1351 margine,
1859 1300 2000 1347 atque
2022 1290 2072 1334 in

1180 1358 1408 1394 contextu.

1237 1408 1389 1451 aditu.
1446 1405 1530 1451 Ed.
1555 1406 1671 1465 Spir,
1697 1409 1877 1450 auditu.

1238 1466 1472 1519 imparem
1505 1465 1711 1519 cupidini
1733 1480 1797 1508 se.
1871 1464 1947 1508 Sic
1968 1464 2074 1507 MS.

1183 1521 1336 1565 Guelf.
1370 1521 1470 1564 edd.
1494 1522 1595 1564 Put.
1620 1523 1686 1565 M.
1713 1532 1755 1566 et
1773 1521 1833 1566 V.
1858 1521 2068 1565 Beroald.

1179 1581 1305 1635 (cum
1327 1578 1477 1622 sitent.
1503 1579 1641 1634 vies.)
1675 1580 1774 1623 Alc.
1796 1579 1939 1623 Rhen-
1971 1594 2069 1646 sqq.

1179 1637 1281 1680 MS.
1296 1637 1411 1679 Bud.
1434 1652 1503 1693 pr.
1518 1653 1578 1679 m.
1593 1652 1686 1678 non
1704 1637 1836 1679 habet
1855 1651 1919 1687 se,
1940 1635 2072 1678 Hem·
2145 1655 2150 1660 ·

1179 1694 1334 1752 sioque
1357 1696 1569 1737 suadente
1596 1693 1844 1738 Oberlinus
1875 1710 1971 1738 eam
1994 1708 2073 1739 vo·

1180 1753 1327 1797 cul-am
1384 1751 1559 1794 delevit.
1659 1750 1909 1796 Revocavit
1959 1748 2073 1794 Bek-

1180 1810 1340 1859 kerus3
1371 1824 1464 1851 non
1494 1808 1614 1851 enim
1646 1809 1906 1852 inusitatum
1941 1808 2074 1868 plane

1182 1878 1313 1926 atque
1335 1866 1585 1910 inauditum
1607 1866 1773 1910 Nostro
1794 1876 1859 1911 est
1882 1867 1947 1910 sic
1969 1864 2074 1909 addi

1181 1940 1229 1969 se
1276 1926 1350 1979 (cf.
1388 1924 1452 1975 14,
1485 1925 1526 1966 2.
1567 1926 1756 1978 offerret
1797 1939 1846 1967 se
1888 1924 2076 1979 saepius

1176 1987 1447 2038 paratam),
1488 1997 1746 2039 quanquam
1778 1997 1908 2040 saepe
1943 1978 2074 2024 omif-

1182 2041 1306 2083 titur.
1378 2038 1512 2083 MSS.
1537 2038 1672 2082 Cori).
1711 2042 1816 2096 Agr.
1851 2039 1919 2082 ed.
1948 2038 2072 2097 Spir-

1182 2099 1230 2139 in
1259 2103 1452 2151 partem
1489 2097 1733 2150 cnpidim‘s,
1772 2096 1848 2139 ubi
1883 2112 2073 2154 sequens

1181 2163 1226 2197 et
1246 2154 1466 2212 absorpsit
1490 2153 1682 2197 litteram
1705 2169 1745 2197 e.

1239 2225 1489 2268 simulans.
1549 2224 1651 2268 MS.
1666 2225 1790 2268 Flor.
1813 2220 2072 2280 (testvict.)

1182 2283 1413 2325 similans.
1474 2280 1533 2326 cf.
1555 2291 1652 2325 not.
1681 2282 1734 2324 ad
1768 2284 1806 2331 1,
1823 2281 1896 2324 28.
1958 2280 2082 2325 Ante

1169 2340 1336 2395 forma
1351 2339 1512 2397 copula
1535 2346 1582 2380 et
1602 2340 1726 2382 deest
1745 2339 1792 2383 in
1803 2338 1936 2382 MSS.
1949 2337 2076 2382 Harl.

1182 2397 1314 2452 Bodl.
1343 2397 1423 2440 les.
1448 2395 1598 2440 Guelf.

1239 2469 1531 2511 allaberetur.
1590 2466 1674 2511 Ed.
1696 2466 1814 2526 Spir.
1837 2466 2073 2510 attineret.

1186 2525 1294 2581 Quo
1332 2541 1493 2583 genere
1530 2524 1756 2570 varietatis
1791 2523 1854 2567 nil
1898 2522 2074 2570 facilius

1184 2583 1291 2635 suit,
1322 2582 1426 2640 quia
1449 2582 1687 2627 vett.=lib1i
1713 2580 2074 2625 terminationem

1182 2646 1522 2683 urtconstanter
1553 2639 1806 2696 significant
1835 2654 1916 2695 per
1950 2653 2075 2682 com·

1183 2697 1395 2756 pendium
1411 2729 1423 2747 ,
1453 2696 1518 2740 sic
1543 2697 1802 2741 attineref,

1238 2782 1287 2810 se
1327 2767 1560 2809 dictitans.
1649 2765 1752 2809 MS.
1789 2763 1941 2808 Guelf.
1980 2781 2074 2809 non

1182 2824 1311 2868 habet
1334 2839 1396 2866 se.
1457 2823 1582 2865 Idem
1616 2831 1717 2866 ante
1749 2824 1967 2866 dictitans
1995 2839 2076 2882 pn-

1183 2882 1513 2931 nitdubitans,
1540 2879 1629 2924 hoc
1656 2882 1832 2938 punctis
1857 2881 2074 2925 censoriis

1183 2948 1412 2990 notatum,
1462 2938 1526 2982 uti
1562 2937 1711 2981 solent
1743 2954 1919 2981 errores
1956 2940 2073 2983 cala-

1186 2996 1264 3039 ιιιί.

1242 3067 1477 3108 amittere.
1559 3065 1658 3110 MS.
1696 3067 1804 3125 Agr.
1844 3064 2074 3116 omittere,

1183 3132 1232 3167 ut
1258 3141 1296 3167 c.
1321 3125 1393 3166 44.
1419 3126 1657 3168 omitteret
1680 3123 1927 3167 maritum.
1984 3122 2074 3168 Sed

1184 3180 1242 3224 cf.
1270 3181 1310 3232 2,
1332 3181 1400 3224 71.
1432 3184 1646 3236 spm'tum
1676 3189 1793 3222 ante
1826 3195 1969 3236 quam
1997 3181 2073 3222 ul-

1185 3240 1359 3280 tionem
1398 3241 1681 3291 amissw·0s,·
1741 3238 1808 3289 14,
1839 3237 1912 3280 26.
1943 3251 2074 3292 spem

1185 3298 1296 3338 belli
1315 3299 1547 3341 (amittere.

1240 3368 1516 3409 devinctam.
1557 3365 1652 3408 MS.
1667 3363 1815 3408 Guelf.
1827 3366 2073 3409 demetam-

1183 3423 1267 3466 Ed.
1303 3424 1421 3480 Spir.
1457 3426 1747 3473 deiunctam,
1782 3421 1955 3481 vulgari
1985 3422 2070 3480 syl-

1186 3482 1390 3522 labarum
1431 3481 1714 3525 confusione.
1791 3478 1958 3522 Eadem
1993 3480 2076 3534 qui

1181 3553 1325 3590 genus
1349 3554 1429 3596 pro
1447 3551 1534 3594 per
1550 3551 1706 3591 genus.
1738 3544 1745 3560 ¹
