2164 3990
218 204 271 241 A.
290 203 345 241 U.
366 201 451 242 816·

218 246 270 284 A.
295 247 353 283 G.
386 245 449 279 63.

670 174 846 263 [ΑΒ.
881 201 1046 286 xiv,
1097 198 1318 263 JCAP.
1354 201 1455 262 48.
1861 207 1987 269 295

87 342 90 345 ’
127 340 414 416 epulatur.
499 333 636 390 exin
669 353 702 388 a
725 330 1074 390 Cossutiano
1097 329 1414 406 Capitone,
1451 330 1555 407 qui
1591 344 1782 407 nuper
1815 353 1983 392 sena-

125 424 346 484 torium
377 419 651 477 ordinem
682 416 956 492 precibus
992 415 1277 491 Tigellini
1313 416 1499 474 soceri
1539 416 1632 474 sui
1668 430 1983 495 receperat,

124 506 439 565 maiestatis
477 504 704 560 delatus
741 514 842 560 est.
948 500 1109 558 Tum
1141 503 1403 576 primum
1436 513 1706 558 revocata
1751 524 1818 560 ea
1860 505 1980 562 lex:

125 594 586 665 credebaturque
611 584 772 644 haud
805 587 1048 661 perinde
1085 587 1326 644 exitium
1351 582 1610 644 Antistio
1653 608 1832 664 quam
1865 590 1987 645 im-·

124 676 383 754 peratori
416 674 602 749 gloria
629 673 917 749 quaesita,
956 683 1025 729 ut
1058 674 1481 730 condemnatus
1508 693 1542 729 a
1568 684 1775 730 senatu
1798 674 1983 731 inter—
2066 725 2071 731 ,

125 764 383 820 cessione
418 758 738 817 tribunicia
774 758 957 815 morti
993 757 1363 818 eximeretur.
1449 768 1672 815 et'cum
1703 755 1982 816 Ostorius

125 845 281 910 nihil
308 845 598 913 audivisse
624 864 732 918 pro
764 843 1100 900 testimonio
1136 843 1401 912 dixisset,
1443 843 1701 901 adversis
1735 845 1983 913 testibus

127 932 443 991 creditum:
505 929 848 1005 censuitque
883 926 1092 996 Iunius
1127 924 1426 985 Marullus
1463 929 1670 986 consul
1695 929 1983 1002 >designa--

128 1030 223 1076 tus
243 1016 620 1083 adimendam
644 1034 746 1071 reo
773 1025 1107 1089 praeturam
1132 1013 1583 1089 necandumque
1603 1033 1767 1071 more
1789 1015 1981 1083 maio-

128 1125 280 1162 rum.
366 1099 590 1159 Ceteris
618 1100 757 1155 inde
780 1098 1246 1161 adsentientibus
1266 1096 1480 1154 Paetus
1504 1095 1766 1169 Thrasea
1791 1101 1981 1167 multo

127 1210 259 1245 cum
291 1183 519 1251 honore
543 1183 807 1242 Caesaris
828 1196 886 1241 et
910 1182 1188 1241 acerrime
1226 1183 1511 1258 increpito
1539 1178 1826 1254 Antistio,
1858 1205 1984 1255 non

128 1273 420 1350 quidquid
464 1290 683 1336 nocens
729 1289 864 1325 reus
913 1269 1038 1344 pati
1082 1276 1432 1337 mereretur,
1499 1268 1562 1325 id
1600 1270 1829 1344 egregio
1871 1272 1980 1340 sub

126 1358 393 1433 principe
418 1368 474 1414 et
502 1356 667 1412 nulla
694 1354 1035 1412 necessitate
1058 1353 1338 1412 obstricto
1366 1364 1573 1411 senatu
1607 1355 1983 1417 statuendum

185 1604 354 1651 exina
379 1603 670 1671 Cpssuttkzno.
725 1600 811 1644 Ed.
835 1598 951 1658 Spir.
975 1607 1021 1643 et

129 1675 177 1711 m
200 1678 230 1704 a
251 1675 533 1704 cossoczano.

190 1731 420 1784 Tigellini.
500 1729 584 1772 Ed.
617 1727 734 1785 Spir.
773 1744 876 1772 eum
917 1728 1018 1771 cod.

131 1788 283 1832 Guelf.
316 1788 514 1841 Tigilini.
594 1786 708 1828 Edd.
741 1786 843 1828 Put.
875 1786 944 1828 M.
978 1793 1021 1827 et

133 1846 188 1889 V.
221 1846 326 1890 Ber.
359 1845 456 1899 Alc.
488 1843 634 1887 Rhen.
665 1843 769 1886 Ald.
796 1842 1019 1896 Tigillini.

130 1930 189 1939 -
225 1901 447 1958 'Tigellini
476 1902 580 1945 edd.
619 1908 805 1945 recenti.
848 1899 953 1942 inde
997 1917 1020 1942 a

131 1961 252 2019 Lips.
285 1961 453 2018 prima,
499 1967 540 2002 et
569 1959 628 2001 ita
650 1957 790 2001 Dioni
816 1957 1020 2000 nomina·

132 2027 220 2062 tur.
279 2017 338 2062 cf.
359 2026 456 2061 not.
483 2017 537 2059 ad
559 2034 598 2061 c.
621 2014 690 2059 51.

188 2096 287 2157 tum
323 2088 551 2142 primum,
577 2110 595 2121 ‚
633 2085 719 2130 Ed.
760 2083 881 2144 Spir.
917 2092 1024 2127 tunc

124 2161 348 2201 primum.

189 2218 554 2271 credebaturque
587 2244 752 2257 .....
791 2213 1020 2269 quaesita.

134 2274 236 2318 MS.
273 2273 429 2316 Guelf.
469 2272 569 2321 edd.
600 2270 719 2329 Spir.
754 2271 854 2314 Put.
882 2270 949 2312 Μ.
984 2276 1025 2311 et

135 2334 191 2375 V.
213 2331 317 2375 Ber.
343 2334 404 2387 (c.
431 2327 736 2382 silent.Viet.)
765 2327 863 2371 Ale.
882 2326 1024 2369 Rhen.

135 2405 231 2448 sqq.
273 2395 492 2432 revocata
528 2402 585 2428 ea
625 2388 707 2440 lex
739 2386 1027 2433 credebatur,

136 2462 253 2504 quae
296 2448 427 2489 haud
467 2440 662 2502 Rerlnde
698 2444 893 2485 exitiurtz
925 2443 1027 2482 An-

137 2506 264 2547 tistio
314 2518 457 2559 quum
507 2501 785 2556 imperatori
826 2500 1028 2553 gloriam

138 2562 388 2619 quaesivit,
437 2559 484 2600 in
520 2575 606 2615 qua
642 2558 860 2614 scriptura
893 2554 1030 2598 celeri

138 2620 270 2662 etiam
291 2616 427 2666 MSS.
449 2617 660 2662 ,videntur
681 2613 950 2658 consentire.
976 2636 1027 2646 -

137 2677 245 2719 Mox
279 2692 362 2733 pro
400 2683 452 2720 ut
489 2676 855 2720 condemnatus,
907 2670 1029 2726 quod

141 2743 205 2777 est
237 2733 286 2775 in
320 2730 458 2780 MSS.
482 2730 596 2774 Bud.
624 2729 761 2773 Corb.
787 2728 886 2770 cdd.
911 2727 1032 2784 Spir.

140 2789 340 2832 Rhenan.
369 2805 463 2846 sqq.
500 2788 645 2842 (etiam
682 2788 726 2830 in
761 2801 903 2842 marg.
931 2783 1030 2827 MS.

142 2845 267 2898 Harl.
300 2879 312 2897 ‚
351 2846 485 2888 MSS.
510 2844 634 2889 Harl.
659 2845 789 2886 Bodl.
815 2842 895 2884 les.
930 2841 1031 2884 edd.

145 2904 245 2946 Put.
328 2935 337 2944 .
362 2912 405 2945 et
424 2902 480 2943 V.
509 2902 712 2946 Beroald.
747 2901 847 2945 Alc.
880 2901 1033 2943 ferunt

145 2977 205 3004 ne
235 2964 587 3002 condemnatus.
662 2961 710 3001 ln
743 2959 844 3000 MS.
882 2956 1033 3000 Guelf.

144 3017 407 3071 coniunctio
424 3025 530 3070 vante
552 3020 885 3060 condemnatus
914 3017 958 3058 in
986 3014 1034 3055 li-

147 3084 245 3118 tura
269 3084 357 3122 est,
378 3073 509 3118 hodie
536 3072 596 3116 ibi
621 3072 781 3130 legitur
804 3080 879 3123 ut;
914 3073 1033 3117 deest

149 3132 305 3175 eadem
338 3130 385 3173 in
414 3129 514 3182 Μ5.
538 3130 661 3174 Flor.
696 3131 812 3183 (test,
841 3128 959 3175 Viet.
995 3146 1034 3172 c.

150 3188 243 3245 aL).
304 3187 433 3244 Quae
456 3196 662 3233 veterum
686 3187 906 3230 librorum
933 3187 1043 3230 scri-'

149 3254 280 3305 ptura
304 3261 445 3302 quum
471 3260 553 3303 pro
585 3262 689 3289 sana
714 3244 854 3303 accipi
881 3243 1036 3301 nequi-

151 3311 245 3356 ret,
281 3303 468 3346 multam
503 3302 582 3345 viri
618 3301 737 3346 docti
763 3317 943 3359 operam
970 3303 1039 3345 de-

149 3359 262 3414 fidere
285 3359 570 3403 'emendando
605 3361 739 3403 loco.·
808 3358 1041 3402 Mercerus

155 3430 238 3474 pro
269 3432 389 3473 quae
422 3418 599 3460 volebat
635 3431 749 3471 qua,
798 3425 849 3459 ut
885 3415 1041 3473 Capito

157 3473 301 3530 princi
334 3474 555 3531 igloriam
587 3473 851 3533 quaesivisse
877 3472 1043 3517 ‹licere-

158 3538 247 3579 tur.
306 3489 516 3579 ¹Muretus
560 3539 823 3588 quaereret.
887 3530 1044 3576 Acida-

1093 1598 1263 1651 dalius,
1308 1615 1414 1644 cum
1458 1598 1742 1645 intellexisset
1777 1599 1985 1668 ineptum

1094 1674 1188 1700 esse
1219 1665 1440 1700 revocata
1473 1661 1772 1707 credebatur,
1811 1674 1983 1716 primus

1092 1714 1135 1757 id
1158 1716 1348 1760 verbum
1374 1731 1479 1758 cum
1504 1731 1629 1772 seqq.
1659 1717 1872 1773 coniungi
1897 1717 1983 1758 ius-

1092 1772 1147 1814 sit
1176 1781 1307 1828 atque
1344 1772 1453 1831 legi:
1499 1774 1864 1828 credebaturque
1887 1802 1952 1818 ...
1972 1803 1983 1814 .

1092 1831 1339 1884 quaesisse.
1414 1829 1602 1874 Addidit
1632 1845 1735 1872 vero
1779 1845 1909 1888 posse
1941 1838 1986 1872 et

1093 1886 1253 1941 scribi:
1279 1890 1482 1941 gloriam
1514 1888 1801 1942 quaesitam,
1829 1889 1986 1941 gloria

1095 1944 1333 2000 quaesita,
1370 1946 1575 1996 gloriam
1610 1945 1796 1999 quaeri,
1837 1946 1987 1997 gloria

1095 2001 1279 2056 quaeri.
1368 2001 1676 2044 Freinshemio
1723 2009 1766 2044 et
1809 2000 1985 2059 Ryckio

1095 2059 1297 2116 placebat
1348 2060 1506 2114 gloria
1555 2058 1794 2115 quaesita,
1850 2073 1985 2116 quam

1095 2114 1367 2173 scripturam
1405 2115 1617 2159 Oherlin.
1653 2133 1751 2174 sqq.
1788 2117 1837 2159 in
1877 2131 1986 2160 con-

1093 2182 1261 2218 textum
1292 2190 1519 2230 recepere.
1580 2173 1808 2217 Bekkerus
1838 2183 1987 2216 tamen

1095 2229 1254 2275 maluit
1283 2235 1486 2284 gloriam
1516 2234 1694 2287 quaeri.
1766 2231 1854 2275 Sed
1886 2247 1987 2277 ver-

1096 2290 1206 2331 bum
1239 2292 1514 2333 credebatur
1544 2286 1890 2346 intelligendum
1922 2295 1989 2330 est

1100 2346 1156 2388 de
1186 2346 1401 2403 opinione
1430 2346 1610 2402 populi,
1643 2362 1756 2403 quae
1783 2363 1832 2388 ex
1857 2360 1989 2390 even·

1098 2411 1150 2445 tu
1171 2403 1351 2453 demum
1377 2404 1522 2445 oritur
1546 2403 1622 2456 (cf.
1643 2411 1740 2445 not.
1764 2403 1818 2445 ad
1841 2404 1884 2454 4,
1899 2403 1987 2454 2.)t

1101 2476 1238 2517 quare
1283 2460 1424 2517 aptius
1465 2476 1557 2503 esse
1608 2460 1786 2505 videtur
1830 2460 1991 2514 gloria

1101 2519 1328 2573 quaesita.
1419 2515 1595 2560 Coaluit
1629 2516 1741 2559 olim
1783 2518 1993 2572 quaesita

1102 2583 1152 2616 ut
1180 2575 1227 2618 in
1254 2574 1562 2630 quaesitauit,
1599 2574 1719 2616 unde
1751 2574 1991 2618 emendan-

1103 2632 1148 2674 di
1173 2649 1303 2676 causa
1326 2631 1497 2676 factum
1517 2639 1581 2675 est
1599 2633 1836 2687 quaesivit,
1860 2630 1992 2675 omis-

1103 2706 1149 2732 sa
1177 2689 1397 2747 particula
1433 2696 1506 2739 ut,
1549 2704 1682 2744 quam
1722 2689 1994 2747 posteriores

1102 2746 1273 2790 librarii
1297 2747 1462 2789 iterum
1487 2746 1774 2790 addiderunt.

1163 2819 1464 2861 emimeretur.
1510 2816 1587 2859 Sic
1601 2816 1711 2859 MS:
1721 2814 1866 2862 Guelf
1866 2849 1875 2859 .
1891 2816 1992 2860 edd.

1104 2875 1206 2918 Put.
1233 2875 1302 2916 M.
1330 2883 1372 2916 et
1396 2874 1449 2915 V.
1476 2874 1577 2917 Ber.
1603 2872 1700 2917 Alc.
1722 2873 1866 2916 Rhen.
1893 2889 1994 2931 sqq.

1105 2958 1160 2967 -
1194 2933 1419 2975 eximeret
1449 2930 1551 2973 MS.
1576 2931 1702 2974 Flor.
1737 2930 1998 2982 test.Viet.;

1105 2998 1362 3045 exponeret
1383 2989 1481 3032 MS.
1502 2987 1612 3046 Reg.
1637 2987 1705 3031 ed.
1725 2988 1841 3046 Spir.

1162 3061 1406 3103 Marullus.
1484 3058 1564 3102 Ed.
1600 3059 1718 3116 Spir.
1763 3059 1994 3101 Marulus.

1108 3118 1209 3161 MS.
1237 3116 1385 3159 Gueli.
1415 3116 1662 3159 marullus.
1735 3114 1860 3163 idem
1893 3129 1998 3161 mox

1109 3182 1317 3218 meretur
1341 3190 1426 3230 pro
1449 3181 1728 3227 mergeretur.

1168 3245 1382 3287 obstricto
1403 3251 1583 3286 senatu.
1641 3243 1717 3285 Sic
1735 3239 1835 3285 MS.
1846 3216 2016 3286 Guelf?

1113 3304 1213 3346 edd.
1232 3302 1334 3344 Put.
1352 3303 1421 3345 M.
1445 3309 1487 3343 et
1500 3300 1557 3344 V.
1579 3300 1684 3342 Ber.
1706 3302 1831 3353 (cum
1853 3300 1996 3344 silent.

1115 3360 1258 3412 vict.)
1283 3358 1428 3401 Rhen.
1451 3373 1546 3416 sqq.
1580 3382 1634 3391 —
1686 3358 1998 3400 obstricto'se-

1115 3417 1253 3459 notui
1274 3416 1373 3459 edd.
1399 3415 1519 3473 Spir.
1543 3414 1646 3458 Alc.
1714 3413 1845 3458 Fallit
1866 3415 1999 3476 igitur

1115 3474 1370 3524 Ernestius,
1410 3473 1487 3529 qui
1507 3473 1685 3516 scribit:
1725 3471 1871 3524 ,;Vett.
1897 3471 1998 3514 edd.

1117 3540 1220 3579 ante
1244 3530 1510 3579 Rhenanam
1542 3531 1730 3577 senatui
1738 3529 1790 3582 ,·”
1825 3529 1999 3577 saucha-
