2164 3990
123 246 271 307 -54

1743 245 1964 290 A.U.B(n.

1720 290 1800 333 ,A.
1819 292 1869 328 C.
1903 289 1967 329 ΑΒ.

856 245 1375 312 ANNALIUM

194 376 304 434 tris
350 389 678 453 pergerent.
784 391 842 437 et
884 377 1195 435 Vibidiam
1239 372 1542 454 virginum
1576 379 1904 442 Vestalium
1948 405 2051 441 ve·—

195 460 582 538 tustissimam
627 463 821 523 oravit
863 462 1156 539 pontificis
1198 466 1442 522 maximi
1479 485 1649 523 aures
1687 468 1876 539 adire,
1902 471 2055 527 -ele-

198 547 487 605 mentiam
510 560 796 625 expetere.
882 559 1057 624 atque
1083 547 1324 608 interim
1360 552 1551 609 tribus
1583 553 1831 610 omnino
1868 555 2055 622 comi—

152 707 155 711 ι
197 633 465 693 mutibus
503 630 596 712 (id
628 645 867 710 repente
904 633 1243 691 solitudinis
1282 636 1432 716 erat)
1468 637 1722 712 spatium
1752 631 1920 695 urbis
1953 658 2057 715 pe·-

196 718 378 776 dibus
405 739 640 777 emensa
673 716 977 788 vehicu10,
1020 739 1139 796 quo
1176 734 1561 795 purgamenta
1595 718 1910 780 hortorum
1940 725 2083 781 eri-¹

194 803 483 879 ,piuntussm
539 801 879 864 Ostiensem
910 803 1071 860 viam
1106 805 1315 876 intrat,
1375 809 1542 864 nulla
1572 809 1918 886 cuiusquam
1946 809 2063 866 mi-

201 889 548 960 sericordia,
591 891 729 967 quia
754 888 1114 963 flagi-tiorum
1140 891 1481 949 deformitas
1506 895 1894 967 praevalebat.

336 1027 338 1030 >
369 980 658 1045 XXXIII.
747 983 1189 1063 Trepidabatur
1250 984 1644 1046 nihilominus
1698 994 1749 1048 a
1788 989 2060 1048 Caesare:

208 1070 431 1149 qnippe
466 1070 650 1130 Geta-e
685 1073 968 1147 praetorii
1004 1075 1297 1149 praefecto
1345 1070 1506 1131 haud
1547 1075 1687 1131 satis
1729 1075 1948 1133 fidebat
1989 1078 2065 1133 ad

208 1152 457 1219 honesta
480 1177 582 1214 seu
604 1176 785 1234 prava
809 1157 968 1215 iuxta
991 1159 1129 1218 levi.
1216 1179 1352 1233 ergo
1371 1159 1703 1229 Narcissus,
1744 1161 2067 1235 adsumptis

201 1242 429 1320 quibus
466 1242 625 1299 idem
659 1253 882 1313 metUS,
924 1264 1049 1301 non
1076 1245 1253 1301 aliam
1284 1264 1446 1320 spem
1472 1246 1895 1302 incolumitatis
1919 1244 2069 1304 Cae*-

207 1328 355 1384 saris
391 1328 688 1398 adfirmat,
731 1349 908 1405 quam
933 1331 983 1385 si
1010 1330 1101 1387 ius
1124 1332 1382 1387 militum
1419 1351 1541 1386 uno
1581 1330 1685 1388 illo
1727 1331 1821 1387 die
1860 1331 1927 1387 in
1959 1331 2070 1388 ali-

203 1432 387 1489 quem
421 1412 774 1470 libertorum
811 1416 1182 1485 transferret,
1235 1436 1410 1491 seque
1446 1415 1618 1471 offert
1649 1427 2069 1491 suscepturum.

212 1517 279 1553 ac
303 1517 410 1567 ne,
454 1498 597 1555 dum
622 1498 688 1555 in
710 1500 922 1556 urbem
944 1497 1208 1571 vehitur,
1253 1503 1327 1557 ad
1360 1501 1785 1576 poenitentiam
1812 1522 1846 1557 a
1865 1499 1933 1559 L.
1960 1499 2073 1556 Vi-

210 1582 375 1639 tellio
401 1593 456 1640 et
481 1582 550 1642 P.
564 1581 756 1658 Largo
780 1582 1031 1643 Caecina
1059 1598 1402 1663 mutaretur,
1430 1587 1495 1641 in
1522 1587 1726 1656 eodem
1753 1586 2070 1660 gestamine

213 1669 410 1727 sedem
442 1669 629 1744 poscit
656 1669 970 1746 sumitque.

276 1915 425 1967 aspici
448 1931 481 1957 α
509 1916 698 1960 marito.
756 1917 840 1960 Ed.
876 1917 996 1975 Spir.
1021 1933 1110 1959 au-
1241 1918 1529 1974 cuiusquam.
1623 1916 1705 1959 Ed.
1748 1915 1869 1974 Spir.
1919 1917 2075 1958 cuius-

220 1972 367 2022 spicia
391 1975 586 2016 marito.
647 1974 758 2019 Mox
792 1975 947 2018 eadem
983 1976 1112 2019 omit·
1177 1990 1379 2031 cunque.

221 2029 276 2073 tit
294 2044 448 2087 saepe.
1232 2031 1542 2088 flagitiorum.
1634 2031 1714 2075 Ed.
1766 2031 1886 2090 Spir.
1921 2031 2101 2086 *vitiem

279 2087 516 2143 iussitque,
539 2097 604 2133 ut.
665 2090 725 2136 ef.
758 2097 853 2134 not.
893 2089 947 2132 ad
980 2089 1021 2141 4,
1041 2090 1113 2134 72.
1184 2105 1315 2133 rum.

222 2142 380 2188 Voluit
417 2145 731 2191 Britannicum
789 2155 832 2190 et
874 2146 1114 2193 Octaviam
1245 2147 1357 2191 CAP.
1391 2147 1460 2191 33.
1542 2150 1744 2190 honesta
1788 2161 1870 2189 seu
1905 2160 2077 2202 prava.

219 2218 432 2269 pergere,
461 2220 606 2262 neque
629 2213 779 2253 tamen
807 2205 1117 2263 praesentibus

221 2259 268 2301 ul
303 2261 552 2320 praecepit,
599 2263 677 2305 sed
710 2264 949 2320 imperavit
983 2263 1117 2307 servi-

221 2316 292 2360 tiis
319 2317 433 2367 suis,
464 2328 512 2362 ut
534 2319 844 2364 Britannicum
871 2329 915 2363 et
932 2320 994 2366 Ο.
1021 2337 1119 2364 mo-

223 2383 386 2418 nerent
421 2392 607 2434 pergere
643 2377 690 2420 in
729 2377 1015 2436 cumplexum
1045 2394 1119 2436 pa-

223 2433 319 2476 tris.
379 2432 479 2477 Hoc
506 2436 620 2478 inest
642 2435 865 2479 formulae
893 2436 1028 2478 iussit
1050 2442 1116 2479 ut.

1186 2205 1267 2248 Ed.
1300 2204 1418 2264 Spir.
1456 2209 1651 2248 honesta
1683 2219 1860 2260 prava,
1911 2204 2078 2246 omisso

1188 2278 1289 2306 seu.

1244 2323 1331 2362 ius.
1391 2318 1473 2363 Ed.
1493 2319 1610 2386 Spir.
1641 2336 1683 2363 c.
1701 2317 1978 2363 MS.·Guelf.·
1996 2319 2080 2367 vis,

1191 2378 1360 2434 vulgari
1391 2375 1680 2420 confusmne.
1824 2420 1835 2430 ,ἡ
1987 2427 1990 2431 ¹
2077 2403 2079 2405 ·

1247 2452 1302 2478 ac
1333 2450 1413 2484 ne,
1453 2438 1567 2476 dum
1602 2437 1650 2475 in
1682 2435 1843 2476 urbem
1880 2433 2080 2476 vehitur.

223 2489 327 2533 MS.
352 2489 501 2541 Guelf.
527 2492 745 2550 iussique.

282 2548 520 2603 virginum
547 2551 674 2593 Vest.
735 2550 946 2606 Quarum
985 2550 1120 2594 inter·

229 2605 429 2648 cessione
462 2607 636 2664 saepius
667 2625 771 2654 usos
804 2609 1008 2652 homines
1031 2609 1121 2652 Ro-

229 2678 390 2709 manos
431 2663 820 2721 deprehendimus.
901 2667 963 2710 cf.
999 2668 1122 2711 Suet.

231 2719 315 2762 lul.
353 2736 394 2763 c.
419 2722 460 2768 1.
523 2721 632 2766 Tae.
667 2719 783 2771 Hist.
817 2724 858 2773 3,
888 2724 960 2771 81.
1023 2724 1120 2766 Cic.

227 2792 314 2835 pro
339 2778 472 2822 Font.
505 2796 544 2822 c.
570 2780 638 2824 17.

288 2838 421 2879 adire
447 2868 460 2879 .
479 2867 489 2878 .
510 2869 522 2880 .
548 2847 787 2893 expetere.
874 2840 977 2883 MS.
1012 2839 1121 2895 Agr.

230 2882 385 2935 adiret
409 2922 419 2935 .
439 2923 452 2938 .
471 2925 481 2936 .
506 2903 762 2949 expeteret.
824 2897 1029 2957 Utraque
1055 2896 1118 2939 di·

232 2949 363 2994 cendi
383 2950 533 2994 forma
556 2951 677 2996 bona
701 2963 778 2997 est.

292 3021 565 3074 eripiuntur.
601 3021 678 3067 Sic
690 3025 826 3070 MSS.
843 3027 956 3070 Bud.
971 3024 1123 3072 Guelf.

234 3076 336 3122 edd.
354 3078 456 3122 Put.
483 3080 551 3124 Μ.
576 3090 619 3124 et
638 3080 691 3126 V.
716 3083 926 3129 Beroald.
960 3085 1020 3140 (c.
1053 3082 1123 3126 sil.

237 3131 379 3191 Viet.)
414 3136 516 3180 Ale.
547 3137 750 3185 Rhenan.
783 3157 881 3198 sqq.
927 3166 982 3175 -
1041 3140 1125 3183 Ed·

235 3189 357 3248 Spir.
392 3195 717 3249 repert'untut·;
760 3199 860 3243 MS.
895 3199 1002 3257 Reg.
1037 3213 1126 3240 ex-

231 3256 465 3316 puuntur.
519 3252 732 3299 Virorum
758 3255 998 3300 doctorum
1021 3271 1128 3299 con-

236 3313 458 3350 iecturae:
508 3311 832 3365 excipiuntur,
866 3322 1129 3369 egeruntur,

238 3370 571 3413 exportantur.
644 3368 686 3407 V
689 3371 885 3428 ulgatum
914 3387 996 3430 pro
1024 3387 1128 3412 vero

235 3419 409 3487 hab-⁶205
446 3437 548 3466 nam
580 3428 754 3483 egregie
785 3429 989 3486 exprimit
1010 3427 1129 3471 festi-

239 3485 496 3577 nalti‘onem,
530 3497 618 3539 qua
648 3482 868 3538 eiusmodi
894 3503 1007 3544 opus
1033 3484 1129 3529 fieri

239 3550 290 3579 so
311 3543 367 3578 et.

293 3594 457 3661 iuerat.
519 3594 619 3637 MS.
647 3595 800 3642 Guelf.
825 3599 1021 3644 intrant.

1183 2493 1275 2536 Ed.
1301 2493 1420 2551 Spir.
1445 2508 1499 2534 oc
1522 2496 1700 2533 nedum
1722 2492 1772 2532 in
1801 2493 1912 2533 urbe
1940 2492 2084 2546 refert

1192 2552 1390 2597 vehitur.
1466 2551 1576 2592 Mox
1609 2557 1709 2590 vett.
1746 2547 1848 2591 libri
1880 2563 1975 2589 non
2009 2547 2083 2590 ha·

1193 2610 1301 2651 bent
1335 2616 1379 2648 ec
1414 2616 1515 2664 post
1540 2607 1728 2647 Vitellio
1763 2606 1819 2660 (e.
1840 2605 1906 2648 sil.
1929 2603 2085 2658 Vina),

1193 2664 1384 2708 Addidit
1398 2663 1629 2707 Broterius
1640 2695 1651 2714 ,
1682 2663 1784 2720 quia
1803 2662 1849 2704 in*
1862 2660 1961 2706 MS.
1975 2662 2084 2719 Reg.

1193 2722 1386 2764 invenit:
1427 2739 1458 2762 u
1490 2722 1539 2764 Ρ.
1573 2721 1730 2773 Largo
1767 2719 1816 2764 C.
1885 2718 1973 2762 Sed
2005 2734 2086 2762 cut·

1194 2795 1289 2822 non
1323 2779 1446 2823 dedit
1483 2781 1576 2821 ac?
1631 2777 1732 2820 MS.
1765 2777 1881 2820 Bud.
1913 2778 2086 2820 omittit

1194 2836 1368 2890 Largo.
2060 2844 2063 2850 ’

1251 2901 1533 2938 mutaretur.
1594 2893 1693 2936 MS.
1727 2891 1880 2935 Guelf.
1916 2893 2087 2935 muita-

1195 2959 1342 2994 retur.

1247 3010 1409 3064 poscit.
1466 3008 1552 3053 Ed.
1574 3007 1693 3066 Spir.
1715 3007 1911 3062 positus.

1251 3081 1493 3135 sumitque.
1554 3077 1786 3121 Ernestius
1807 3093 1830 3120 e
1846 3077 1948 3122 MS.
1967 3077 2087 3121 Flor..

1199 3153 1306 3180 eum
1349 3137 1544 3180 Pichena
1596 3135 1735 3178 adfert
1781 3135 2088 3190 assumitque,

1200 3194 1288 3238 Iac.
1314 3193 1460 3237 Gron.
1484 3195 1524 3237 is
1553 3194 1798 3250 sumitque.
1833 3190 2090 3234 “Victorius

1200 3251 1418 3296 intactum
1450 3250 1630 3307 reliquit
1665 3251 1910 3305 sumitque.
1989 3248 2089 3303 MS.

1185 3310 1331 3351 Rodl.
1353 3308 1650 3363 insumitque.
1701 3304 1944 3406 vuifiamm
1965 3313 2091 3348 tuen-

1202 3375 1276 3408 tur
1288 3367 1421 3410 MSS.
1444 3365 1552 3422 Reg.
1566 3363 1676 3407 Bud.
1692 3361 1790 3406 Gu‘e
1809 3363 1841 3408 f.
1857 3362 1958 3406 edd.
1973 3362 2089 3420 Spir.

1201 3424 1305 3467 Put.
1331 3423 1398 3466 M.
1423 3431 1466 3466 et
1489 3423 1539 3464 V.
1569 3422 1672 3464 Ber.
1696 3421 1797 3464 Alc.
1817 3419 1963 3463 Rhen.
1994 3434 2090 3476 sqq.

1201 3479 1421 3526 Adsumit
1448 3480 1501 3523 de
1525 3477 1734 3526 Narcisso
1759 3484 1880 3522 reete
1903 3476 1992 3520 dici
2013 3491 2091 3518 ne-

1236 3538 1324 3591 uit;
1355 3553 1457 3580 nam
1480 3537 1553 3580 hic
1574 3552 1668 3578 non
1700 3535 1985 3589 adsumpsit,
2015 3531 2092 3577 sed

1206 3593 1418 3639 =dandina
1438 3593 1716 3640 Narcissum,
1768 3587 1960 3636 effplin.
1988 3605 2090 3649 epp.
