2164 3990
367 791 435 853 C.
521 789 1144 853 CORNELII
1231 789 1676 853 TACITI

311 896 323 905 .
882 889 887 893 ¹
973 935 1072 972 AB
1447 876 1449 882 ‘
1644 931 1647 934 ’

530 1039 870 1086 excussu
935 998 1106 1085 mvl
1166 1039 1516 1086 AUGUSTI

208 1147 282 1220 A
396 1128 512 1221 ‘N
664 1143 739 1220 N
898 1143 970 1217 A
1126 1145 1193 1216 L
1346 1146 1382 1218 l
1539 1143 1610 1221 U
1747 1151 1833 1226 M

460 1300 723 1354 LIBER
766 1301 1140 1356 TERTIUS
1185 1303 1578 1360 DECIMUS.

574 1605 1148 1651 BREVIARIUM
1206 1608 1451 1653 LIBRI.

239 1704 352 1750 CAP.
376 1704 417 1745 1.
449 1700 626 1743 Silanus
649 1702 894 1759 proconsul
918 1702 1048 1746 Asiae
1074 1715 1248 1746 veneno
1270 1711 1454 1748 necatus
1469 1704 1747 1763 Agrippinae·
1767 1696 1940 1753 fraude.

91 1762 324 1810 Narcissus
346 1760 400 1802 ad
423 1766 617 1801 mortem
641 1767 764 1801 actus
841 1760 884 1802 2.
912 1758 1027 1804 Laus
1043 1761 1177 1803 Burri
1200 1770 1242 1803 et
1254 1760 1467 1805 Senecae.
1528 1760 1568 1804 3.
1604 1763 1815 1811 Claudius
1837 1779 1940 1809 cen-

93 1822 212 1868 sorio
237 1819 395 1861 funere
424 1816 561 1859 elatus
596 1815 798 1858 laudatur
824 1833 846 1858 a
873 1817 1092 1875 principe.
1151 1817 1193 1860 4.
1224 1819 1352 1861 Bona
1374 1817 1569 1861 Neronis
1590 1819 1756 1865 initia..
1795 1821 1941 1867 Multa

91 1887 268 1924 senatus
302 1874 485 1918 arbitrio
519 1872 774 1915 constituta.
834 1873 877 1917 5.
910 1873 1184 1932 Agrippinae
1210 1875 1361 1919 viriles
1395 1891 1545 1919 curae.
1607 1877 1648 1919 6.
1682 1876 1832 1920 Parthi
1854 1878 1941 1922 Ar·

90 1935 284 1981 meniam
321 1931 561 1975 adfectant.
631 1929 684 1970 de
710 1930 890 1974 Nerone
926 1931 1049 1976 varia
1084 1931 1248 1975 iudicia
1282 1931 1422 1989 vulgi.
1495 1932 1538 1974 7.
1573 1934 1614 1976 Is
1646 1949 1801 1977 curam
1832 1935 1939 1979 belli

88 1992 286 2049 suscipit.
337 1986 488 2030 Parthi
510 1985 716 2029 amittunt
730 1987 1015 2040 Armeniam,
1046 1988 1120 2031 cui
1146 1989 1187 2030 8.
1213 1988 1488 2046 praepositus
1512 1988 1730 2034 Corbulo.
1788 1992 1832 2035 9.
1849 1990 1939 2036 Vo-

91 2051 260 2109 logeses
283 2046 357 2089 dat
380 2043 570 2087 obsides.
633 2043 755 2086 Nero
782 2045 1011 2088 dissidium
1039 2045 1205 2090 ducum
1231 2047 1481 2103 componit.

239 2107 306 2148 10.
335 2103 455 2146 Nero
483 2099 671 2144 civiliter
696 2101 786 2159 agit
811 2110 853 2145 et
887 2105 953 2146 11.
980 2103 1267 2146 clementiam
1293 2111 1497 2147 ostentat.
1557 2103 1627 2147 12.
1652 2104 1795 2148 Acten
1818 2103 1939 2150 amat

89 2165 156 2209 13.
186 2170 328 2206 matre
356 2159 599 2209 fremente,
633 2174 733 2200 mox
762 2158 926 2203 frustra
961 2159 1241 2203 blandiente:
1275 2161 1401 2205 cuius
1423 2160 1530 2204 hinc
1553 2161 1694 2206 fracta
1717 2164 1933 2220 potentia.

89 2223 157 2266 14.
178 2219 323 2263 Pallas
345 2217 528 2261 libertus
552 2231 658 2258 cura
676 2232 828 2258 rerum
852 2218 1072 2260 demotus.
1130 2217 1381 2275 Agrippina
1405 2218 1460 2261 ad
1481 2218 1624 2262 minas
1646 2219 1754 2264 ruit.
1816 2221 1937 2263 15-

90 2281 155 2324 17.
185 2275 506 2326 Britannicum
528 2273 650 2315 Nero
691 2273 923 2331 praecipiti
966 2282 1144 2318 veneno
1185 2275 1303 2318 tollit
1343 2284 1387 2318 et
1425 2274 1518 2318 eius
1557 2274 1695 2320 funus
1735 2276 1933 2323 festinat.

87 2338 156 2381 18.
188 2336 384 2382 Matrem
415 2330 723 2389 indignantem
755 2331 1017 2374 custodibus
1050 2333 1221 2389 privat,
1253 2333 1438 2375 domum
1472 2341 1660 2390 separat.
1724 2335 1934 2380 19—22.

83 2393 333 2442 Derelicia,
362 2404 517 2431 rerum
548 2403 767 2429 novarum
792 2388 990 2431 incusata
1011 2405 1056 2431 se
1078 2398 1253 2448 purgat.
1314 2390 1616 2434 Accusatores
1648 2390 1742 2433 eius
1774 2392 1934 2449 puniti.

85 2451 158 2495 23.
188 2448 334 2492 Pallas
366 2455 409 2490 et
435 2445 606 2489 Burrus
639 2444 783 2489 delati.
856 2445 926 2489 24.
958 2445 1159 2489 Theatris
1190 2446 1336 2489 maior
1370 2445 1538 2505 species
1569 2446 1784 2491 libertatis
1817 2449 1933 2494 data.

135 2525 161 2551 r
191 2523 210 2550 s
234 2506 431 2549 lustrata.

77 2508 132 2578 ‘U
160 2509 187 2553 b
226 2563 299 2608 25.
331 2559 524 2604 Neronis
550 2568 771 2603 nocturna
796 2558 990 2603 lascivia.
1062 2559 1310 2603 Montanus
1341 2576 1446 2603 cum
1477 2560 1681 2618 principe
1712 2577 1791 2620 per
1812 2550 1932 2607 tene·

82 2625 185 2668 bras
207 2633 471 2677 congressus
492 2617 608 2659 mori
633 2617 828 2660 adactus.
889 2616 1138 2659 Histriones
1151 2616 1270 2660 Italia
1292 2617 1425 2674 pulsi.
1486 2619 1557 2660 26.
1579 2618 1651 2662 27.
1686 2618 1854 2663 Actum
1878 2620 1934 2665 de

86 2679 255 2724 libertis
276 2674 465 2734 ingratis
485 2674 532 2717 in
558 2674 819 2718 servitutem
840 2674 1130 2723 revocandis,
1159 2673 1235 2716 sed
1258 2690 1350 2716 non
1376 2685 1624 2732 peractum.
1681 2675 1752 2724 28,
1773 2675 1933 2721 Tribu-

86 2752 253 2782 norum
276 2743 319 2776 et
343 2731 550 2776 aedilium
586 2730 780 2774 cohibita
808 2740 1015 2789 potestas.
1072 2731 1144 2774 29.
1179 2730 1348 2774 Aerarii
1371 2748 1475 2775 cura
1498 2732 1611 2775 varie
1633 2730 1797 2777 habita.
1858 2735 1932 2778 30.

85 2795 155 2839 31.
187 2790 448 2842 Inlustrium
497 2785 666 2845 aliquot
700 2790 1022 2831 damnationes.
1091 2787 1143 2831 L.
1166 2787 1383 2830 Volusius
1410 2789 1504 2831 fato
1536 2789 1757 2834 concedit.
1823 2792 1932 2835 Am·

83 2851 383 2912 phitheatrum
404 2846 613 2888 Neronis.
673 2845 903 2889 Praesides
925 2846 1054 2888 ludos
1085 2845 1216 2888 edere
1244 2843 1474 2902 prohibiti.
1533 2845 1606 2889 32.
1635 2843 1762 2891 Vitae
1786 2847 1930 2892 domi-

83 2923 249 2954 norum
283 2905 557 2949 consultum.
625 2901 875 2960 Pomponia
909 2902 1127 2945 Graecina
1165 2901 1491 2959 superstitionis
1522 2911 1722 2947 externae
1753 2922 1827 2948 rea
1861 2906 1930 2948 in-

81 2982 186 3011 sons
218 2963 465 3006 nuntiatur.
547 2958 617 3003 33.
651 2959 734 3002 Rei
765 2959 816 3014 P..
848 2959 995 3012 Celer,
1048 2959 1338 3003 Cossutianus
1373 2957 1555 3016 Capito,
1605 2959 1768 3017 Eprius
1804 2962 1928 3006 Mar-

79 3023 293 3122 cellus-34.
322 3075 530 3119 Messana
563 3072 740 3117 consul·
788 3073 978 3118 Neronis
1012 3073 1264 3117 liberalitas,
1325 3071 1397 3116 35.
1431 3073 1547 3117 Cum
1569 3071 1743 3119 Parthis
1772 3093 1930 3131 rursus

78 3135 304 3181 discordia
327 3134 381 3177 de
396 3130 626 3176 Armenia.
687 3129 957 3174 Corbulonis
983 3131 1237 3189 disciplina,
1271 3129 1435 3178 virtus,
1467 3132 1688 3176 severitas.
1749 3133 1818 3178 36.
1845 3133 1926 3179 Pa*

80 3196 196 3242 ctius
218 3190 436 3249 Orphitus
471 3198 626 3231 contra
657 3188 894 3245 imperium
928 3204 1130 3246 pugnans
1161 3188 1376 3245 fususque
1411 3195 1525 3230 extra
1556 3188 1719 3233 vallum
1744 3191 1926 3235 tendere

80 3254 241 3297 iussus.
323 3247 392 3291 37.
435 3245 656 3288 Tiridates
700 3245 819 3288 bello
861 3244 1052 3288 infensat
1080 3244 1363 3294 Armeniam,
1408 3243 1571 3301 legatos
1607 3246 1662 3288 ad
1700 3245 1926 3292 Corbulo..

75 3325 179 3354 nem
210 3305 371 3356 mittit,
400 3303 467 3346 38.
497 3302 571 3359 qui
593 3301 798 3344 fraudem
820 3300 900 3345 sibi
926 3300 1005 3359 p'er
1025 3301 1303 3358 colloquium
1327 3309 1526 3358 paratam
1559 3301 1696 3346 eludit
1727 3313 1770 3348 et
1800 3304 1927 3349 39—-

75 3370 147 3410 41.
173 3362 409 3409 Armeniae
434 3357 611 3403 castella
634 3359 773 3415 capit,
803 3358 1007 3402 Artaxata
1031 3358 1286 3416 adgreditur
1308 3368 1350 3401 et
1376 3358 1615 3402 decedente
1635 3359 1759 3405 hoste
1791 3364 1923 3422 capit,

75 3427 177 3481 igne
211 3421 341 3465 delet.
415 3416 492 3461 Ob
526 3415 632 3458 haec
667 3415 834 3459 Neroni
867 3423 910 3458 et
941 3415 1024 3459 diis
1056 3415 1265 3458 honores.
1341 3415 1412 3457 42.
1449 3415 1502 3462 P.
1533 3415 1702 3461 Suilius
1736 3435 1837 3463 reus
1874 3419 1923 3466 in

74 3483 288 3525 Senecam
314 3475 561 3525 invehitur,
601 3472 671 3516 43.
704 3473 973 3531 deportatur.
1030 3472 1102 3515 44.
1133 3469 1352 3515 Octavius
1376 3470 1542 3530 Sagitta
1576 3489 1729 3520 amore
1763 3492 1926 3523 vecors

73 3536 280 3582 Pontiam
306 3533 666 3590 tergiversantem
691 3530 812 3573 ferro
836 3531 1181 3577 transverberat.
1242 3528 1410 3572 Liberti
1442 3529 1558 3573 mira
1580 3529 1702 3576 fides.

158 3602 402 3653 Tun-rus
445 3596 517 3650 Π.
1374 3590 1429 3646 R
