2196 4004
1774 243 2005 285 muman.

1774 288 1827 322 A.
1845 286 1892 322 c,
1925 288 1987 323 47.

225 235 303 295 14
897 237 1406 302 ANNALIUM

217 382 292 449 ut·
331 371 630 450 quomodo
675 369 764 428 vis
812 373 1159 430 morborum
1193 370 1382 447 pretia
1412 373 1786 433 medentibus
1831 377 1912 436 sic
1953 359 2087 438 foria

208 459 380 516 tabes
413 456 736 533 pecuniam·-
761 457 1058 515 advocatis
1090 457 1256 516 ferat.
1340 459 1744 518 meminissent
1777 460 1842 522 C.
1873 458 2074 522 Asinii

218 554 290 613 et*
307 541 619 600 Messallae
665 562 730 599 ac
767 542 1163 599 recentiorum
1197 538 1473 600 Arruntii
1509 556 1564 601 et
1594 542 1928 608 Aesernini.
1995 551 2071 607 ad

217 648 444 686 summa
469 637 776 703 provectos
800 627 1139 700 incorrupta
1158 627 1280 683 vita
1306 639 1363 684 et
1387 628 1679 690 facundia.
1768 631 1940 690 Talia
1976 634 2072 691 di-

217 724 384 783 cente
426 713 667 769 consule
716 713 1021 785 designato
1090 713 1590 774 consentientibus
1639 715 1768 772 aliis
1821 720 2072 792 paraba—

215 791 315 858 tur
344 798 660 867 sententia‚
715 817 831 874 qua
866 797 990 869 lege
1025 798 1485 871 repetundarum
1521 801 1908 872 tenerentur.
1936 824 2071 860 cum

211 884 441 944 ‘Su-ilius
468 894 521 940 et
544 880 928 939 Cossutianus
955 892 1010 938 et
1036 883 1236 953 ceteri,
1281 882 1384 958 qui
1411 903 1529 939 non
1555 885 1838 944 iudicium
1868 883 2070 965 (quip-

213 990 288 1046 pe
317 969 382 1024 in
404 965 771 1045 manifestos)
815 968 917 1022 sed
953 987 1204 1043 poenam
1243 967 1418 1024 statui
1451 968 1765 1042 videbant,
1816 973 2071 1030 circum-

202 1055 429 1113 -sistunt
453 1051 759 1110 Caesarem
791 1063 926 1108 ante
954 1064 1078 1110 acta
1104 1054 1497 1128 deprecantes,

383 1149 521 1211 VII.
587 1147 668 1208 Et
692 1161 1001 1226 postquam
1030 1152 1270 1221 adnuit,
1315 1170 1481 1224 agere
1508 1152 1827 1229 incipiunt:
1873 1140 2070 1228 Quem

212 1239 388 1296 illum
439 1247 602 1295 tanta
646 1236 921 1312 superbia
967 1256 1115 1307 esse,
1184 1248 1252 1294 ut
1294 1237 1695 1296 aeternitatem
1736 1241 1926 1298 famae
1969 1261 2075 1318 spe

213 1458 315 1502 edd.
345 1456 463 1514 Spir.
493 1455 697 1499 Rhenan.
735 1452 839 1498 Ald.
878 1455 1033 1509 pretia
1063 1463 1108 1498 et

211 1524 313 1559 ante
334 1515 528 1569 negocia
556 1512 658 1556 edd.
685 1511 866 1556 Puteol.
891 1512 960 1556 M.
984 1520 1027 1554 et
1050 1513 1104 1556 V.

210 1573 300 1617 Sed
323 1572 431 1615 haec
453 1579 556 1614 sunt
580 1569 743 1612 futilia.
871 1578 880 1585 ”

272 1630 318 1674 C.
368 1630 520 1671 Asinii
560 1635 604 1670 et
645 1626 909 1670 Messallae.
997 1625 1102 1668 MS.

208 1687 334 1733 Flor.
364 1694 394 1729 t.
421 1687 505 1730 I'ac.
529 1685 791 1730 Gronovio:
832 1685 933 1737 gali
948 1684 1109 1726 Asinii

208 1746 467 1793 Messalae,·
508 1742 736 1786 Victorius
765 1740 862 1786 vult
896 1740 958 1784 ibi
987 1755 1106 1784 esse:

214 1804 394 1847 Galbae
417 1802 576 1843 Asinii
595 1800 847 1841 llIessalae.
884 1824 942 1834 -—
1000 1797 1102 1841 MS.

207 1861 324 1906 Bud.
343 1858 486 1909 Galli,
509 1857 674 1905 Asinii,
698 1856 921 1905 Messale,·
953 1855 1102 1899 Guell.

213 1919 389 1963 Galbe:
417 1924 461 1958 et
475 1915 650 1959 Assim'i
668 1914 931 1955 Messallae.
994 1914 1103 1955 Bro-

209 1971 348 2022 'terius
370 1973 424 2015 de
448 1973 538 2017 suis
562 1970 686 2015 libris
709 1978 837 2014 tacet.
885 1969 1102 2028 Ed.Spir.

212 2031 406 2077 Gam'nii
443 2030 621 2084 Assinii
662 2031 904 2071 messalae.
988 2028 1102 2070 Edd.

207 2092 312 2136 Put.
335 2088 405 2131 Μ.
433 2095 475 2131 et
499 2089 554 2131 V.
596 2084 805 2128 Beroald.
833 2084 934 2127 Alc.
960 2084 1103 2129 Rhen.

207 2149 316 2195 Ald.
352 2147 405 2189 Τ.
435 2146 637 2196 Galbae,
670 2143 718 2185 C.
745 2144 895 2186 Asinii
911 2150 956 2184 et
977 2144 1101 2186 Mes-

207 2208 366 2251 sallae
400 2203 517 2258 (Ber.
545 2201 648 2247 Ale.
681 2200 822 2243 Rhen.
849 2200 952 2244 Ald.
977 2201 1100 2243 Mes-

206 2266 378 2316 salae).
436 2260 612 2304 Deinde
647 2257 845 2315 Lipsius,
885 2257 1102 2311 „omissis¹

207 2319 367 2371 verbis
387 2333 501 2375 quae
525 2333 617 2360 non
630 2323 887 2374 reppererat
910 2315 955 2357 in
978 2314 1103 2358 libris

207 2376 440 2436 sc1·iptis,'’
481 2375 617 2419 edidit
650 2373 697 2417 C.
728 2373 884 2416 Asinii
909 2381 952 2414 ec
976 2373 1102 2415 Mes-

207 2439 382 2486 sallae,
473 2449 552 2476 uae
600 2432 836 2489 vulgantur
876 2430 930 2473 ad
981 2429 1103 2482 hunc

209 2494 346 2539 diem.
427 2491 444 2534 l
509 2489 611 2534 satis
645 2498 819 2533 eertum
854 2495 943 2539 est,
988 2488 1101 2531 duos

206 2559 383 2598 tantum
425 2548 544 2592 viros
585 2547 659 2591 bie
691 2544 945 2598 noniinari;
995 2561 1101 2588 nam

210 2626 248 2654 c.
271 2609 314 2651 7.
347 2607 395 2650 in
421 2604 597 2652 verbis:
629 2603 778 2660 facile
807 2604 1024 2646 Asinium
1058 2610 1103 2645 et

206 2665 509 2715 Messallam,
537 2662 612 2707 hic
637 2662 764 2705 loeus
787 2660 847 2703 ita
870 2660 1101 2718 repetitur,

199 2727 257 2768 'ut
297 2721 480 2767 tertium
524 2728 685 2763 auctor
723 2734 815 2761 non
855 2719 1101 2761 emissurus

206 2782 379 2827 fuisset.
479 2776 697 2820 Similiter
755 2776 981 2818 duumviri
1034 2774 1100 2817 illi

208 2838 550 2894 coniunguntur
576 2835 622 2877 in
647 2833 764 2876 Dial.
786 2834 839 2875 ‹le
865 2832 947 2876 Or.
975 2848 1014 2876 c.
1035 2832 1100 2875 12.

206 2911 289 2939 nec
306 2897 430 2938 ullus
451 2893 601 2936 Asinii
620 2899 706 2934 aut
718 2890 965 2933 Messallae
990 2891 1102 2932 liber

209 2961 312 2996 tam
337 2952 558 2994 inlustris.
618 2950 791 2992 Verum
816 2964 863 2990 ex
886 2947 971 2991 isto
997 2947 1098 2990 loco

210 3009 404 3067 suspicio
438 3007 545 3051 mihi
581 3008 749 3056 oritur,
808 3005 882 3048 hic
919 3019 1099 3063 quoque

209 3066 449 3123 legendum
481 3081 575 3108 esse
598 3065 753 3108 Asinii
773 3071 818 3106 et
840 3062 1101 3112 Inessallae,

211 3124 358 3169 deleto
382 3124 676 3179 praenomine
692 3122 738 3165 C.
782 3119 962 3164 Nullam
981 3126 1101 3162 certe

208 3183 392 3227 ‘causam
425 3178 584 3228 video,
631 3196 711 3223 cur
750 3176 924 3222 nomini
957 3177 1106 3219 Asinii

174 3288 180 3293 ,
266 3251 485 3282 aenomen
524 3237 732 3286 addatur,
784 3232 1013 3278 omittatur
1055 3234 1101 3275 in

239 3293 372 3338 eteris
404 3291 667 3335 nominibus
704 3294 973 3341 Messallae,
1005 3293 1099 3333 Ar-

209 3351 381 3402 runtii,
414 3351 677 3392 Aesernini.
740 3350 991 3393 Clarissima
1024 3347 1101 3390 illa

211 3408 399 3454 nomina
436 3422 529 3449 non
573 3406 759 3462 egebant
802 3405 1103 3463 praenomini-

212 3469 311 3515 bus,
340 3473 389 3508 ut
410 3471 528 3506 recle
553 3463 931 3518 intelligerentur:
962 3477 1100 3520 quare

213 3542 236 3569 e
261 3524 559 3583 glossatorum
581 3520 790 3576 sapientia
815 3520 923 3563 mihi
948 3521 1099 3565 viden-

210 3591 287 3628 tur
324 3578 549 3640 profecta,
598 3592 711 3635 quae
751 3577 797 3620 in
837 3577 960 3621 libris
993 3586 1098 3621 vett.

1178 1455 1405 1499 adduntur
1434 1464 1608 1513 praeter
1631 1457 1782 1499 Asinii
1801 1464 1844 1499 et
1867 1456 2068 1501 Messal-

1178 1517 1251 1556 lae
1274 1514 1479 1556 nomina:
1510 1514 1581 1556 alii
1611 1513 1918 1571 intelligebant
1948 1514 2065 1558 Gal-

1177 1573 1274 1613 lum
1305 1573 1522 1615 Asinium
1558 1573 1616 1625 (Ξ,
1644 1572 1744 1627 32),
1784 1571 1856 1614 alii
1886 1570 2066 1617 Caium-⁴

1177 1628 1214 1669 E
1247 1629 1472 1673 vocabulo
1509 1629 1639 1670 Galli
1678 1638 1771 1671 tum
1810 1628 1884 1672 alii
1921 1630 2068 1673 fecere

1181 1685 1375 1728 Galbae.
1437 1684 1660 1743 Copulam
1689 1693 1734 1727 et
1761 1686 1891 1732 etiam
1918 1686 2067 1730 delen-

1177 1743 1276 1787 dam
1309 1758 1483 1802 censeo..
1545 1742 1650 1785 Non
1675 1742 1794 1785 enim
1816 1751 1996 1801 apparet
2019 1743 2069 1796 ἱ.

1178 1800 1304 1844 libris
1346 1800 1627 1843 melioribus.
1711 1800 1804 1842 Pro
1845 1801 2070 1844 Arruntii

1177 1859 1277 1901 MS.
1306 1856 1458 1900 Guelf.
1482 1858 1612 1901 habet
1635 1858 1846 1900 Aruntis.

1229 1922 1489 1968 provectos.
1569 1913 1644 1957 Sic
1679 1912 1812 1956 MSS.
1848 1914 1975 1958 Flor.
2013 1917 2063 1970 (t.

1176 1973 1317 2030 Vict.)
1364 1972 1471 2029 Reg.
1517 1971 1564 2022 (t.
1606 1970 1771 2029 Ryek.)
1810 1971 1928 2015 Bud.
1965 1971 2067 2015 edd.

1175 2029 1296 2087 Lips.
1330 2029 1459 2072 Pich.
1505 2027 1637 2072 Grut.
1675 2027 1883 2096 Gronov.
1922 2027 2065 2087 Ryck.

1174 2087 1722 2186 22220.52553535²‘e„51⁶f:
1759 2084 2065 2188 §sarissa

1173 2202 1240 2245 M.
1267 2211 1309 2245 et
1329 2203 1384 2245 V.
1423 2201 1630 2244 Beroald.
1660 2200 1764 2244 Alc.
1787 2199 1932 2245 Rhen.
1957 2200 2065 2244 Ald-

1175 2269 1218 2302 et
1240 2260 1487 2318 Bemegg„
1517 2259 1651 2316 idque
1676 2257 1946 2316 Kiesslingio
1975 2273 2065 2300 ma-

1205 2317 1239 2359 is
1283 2317 1443 2375 placet.
1523 2315 1593 2358 De
1635 2314 1770 2358 MSS.
1808 2315 1979 2360 Vaticc·
2022 2323 2065 2358 et

1226 2390 1360 2417 xonn.
1391 2374 1625 2416 Broterius
1652 2381 1782 2424 tacet,

1231 2438 1276 2474 et
1288 2432 1536 2487 facundia.
1582 2429 1681 2474 MS.
1699 2430 1810 2487 Agr.
1832 2428 2065 2487 (uncins.)

1161 2489 1506 2546 facundiaque.
1988 2486 1992 2490 ’

1232 2548 1631 2589 consentientibus.
1693 2544 1794 2587 MS.
1816 2543 1967 2588 Oxon.
1991 2560 2062 2603 ap.

1173 2605 1208 2647 I.
1244 2604 1445 2646 Gronov.
1486 2612 1527 2646 et
1562 2602 1714 2646 Guelf.
1758 2602 2063 2651 censentibus,

1174 2661 1295 2718 quod
1334 2661 1388 2702 ab
1427 2660 1513 2703 hoc
1554 2659 1657 2704 loeo
1700 2676 1793 2703 non
1835 2658 2062 2703 abhorret.

1173 2718 1334 2777 Aptius
1370 2725 1519 2760 tamen
1552 2726 1616 2760 est
1647 2717 1899 2775 vulgatum,
1939 2717 2063 2776 quod

1172 2773 1433 2819 melioribus
1457 2775 1580 2817 libris
1601 2775 1776 2817 nititur.
1952 2822 1954 2825 y

1231 2832 1407 2878 Suilius
1454 2839 1499 2874 et
1537 2831 1854 2875 Cossutianus.
1945 2830 2059 2881 Edd,

1171 2890 1275 2932 Put.
1302 2889 1368 2931 M.
1394 2897 1436 2930 et
1458 2889 1514 2932 V.
1556 2889 1760 2932 Beroald.
1789 2888 1891 2932 Alc.
1918 2887 2062 2933 Rhen-

1172 2947 1279 2991 Ald.
1304 2945 1494 2989 Suillius
1518 2956 1560 2988 et
1590 2947 1636 2990 C.
1696 2946 1766 2990 ed.
1790 2945 1908 3006 Spir.
1935 2946 2061 2990 Stul-

1171 3008 1245 3047 lus
1271 3013 1314 3046 et
1341 3005 1640 3047 cossocianus.

1230 3062 1343 3105 CAP.
1377 3062 1417 3103 7.
1480 3076 1636 3115 agere.
1712 3061 1788 3105 Sic
1818 3059 1919 3104 MS.
1950 3061 2064 3120 Reg.·

1177 3120 1311 3177 (apud
1343 3117 1505 3176 Ryek.)
1543 3119 1643 3161 edd.
1672 3118 1846 3161 Ernest.
1885 3119 2061 3163 Broter.

1172 3193 1270 3276 sqg.
1342 3176 1467 3276 ldgm
1499 3177 1685 3243 yerbuin
1723 3176 1769 3218 in
1802 3175 1904 3243 MS.
1936 3174 2061 3275 Fgor.

1172 3250 1342 3334 ῗωξῑῖἷζ
1357 3233 1965 3349 ἒυὲῗΐιὲῗὲὶῖἓὲἑῗνῗξῖἳῗιζα
1989 3247 2061 3334 ¹131

1173 3347 1274 3389 MS.
1302 3347 1423 3390 Flor.
1463 3347 1592 3391 habet
1627 3357 1802 3398 tacere;
1844 3347 1966 3389 idem
1996 3354 2060 3389 est

1172 3407 1219 3506 il?
1243 3405 1350 3504 Μῗί
1371 3405 1493 3499 Βιιάὐν
1511 3405 1651 3504 etBed.
1667 3403 2059 3506 Sffir.A¹Secll{Edd·

1215 3471 1274 3506 ut.
1391 3471 1432 3505 et
1499 3495 1511 3505 .
1592 3478 1693 3504 eroa
1748 3491 1760 3504 .
1849 3477 1888 3504 c.
1987 3468 2059 3505 e'n.

1173 3538 1190 3564 s
1226 3536 1266 3578 q.
1301 3520 1466 3564 habent
1496 3527 1681 3570 tacens,
1723 3518 1846 3578 quod
1879 3517 2062 3561 trabunt

1171 3537 1226 3623 aii
1269 3577 1451 3622 verbum
1494 3577 1676 3621 annuit.
1767 3574 1844 3620 Sic
1883 3583 1924 3619 et
1956 3572 2058 3619 MS.
