2164 3990
1767 129 1818 192 A.
1836 125 1984 197 univ.
2063 143 2066 146 ’

1766 203 1818 239 A.
1833 201 1881 236 c,
1903 203 1987 243 ω,

218 158 343 218 360
804 111 815 119 γ’
887 146 1398 220 ANNALIUM

217 287 454 346 -Annius
477 306 652 361 gener
675 288 1064 358 CorbuloniS,
1099 284 1368 347 nondum
1394 290 1705 353 senatoria*
1723 304 1936 364 aetate,
1971 299 2073 356 sed

217 393 326 449 pro
351 374 538 446 legato
568 374 807 451 quintae
843 374 1064 448 legioni
1101 374 1437 449 impositus,
1481 376 1546 431 in
1575 387 1760 441 castra
1788 377 2073 441 Tiridatis

218 478 462 527 venere,
503 455 732 516 honore
757 459 882 515 eius
903 479 969 516 ac
993 479 1068 514 ne
1092 470 1377 518 metueret
1399 460 1643 521 insidias
1669 463 1776 518 tali
1806 463 2074 538 pignore.

199 543 412 600 ¹‘viceni
447 540 662 601 dehinc
691 544 913 621 equites
946 545 1261 619 adsumpti.
1347 556 1404 603 et
1439 546 1565 602 viso
1600 545 1943 623 Corbulone
1972 570 2075 607 rex

222 629 385 704 prior
425 649 573 706 equo
614 630 878 686 desiluit:
935 649 1043 686 nec
1083 640 1388 687 cunctatus
1423 628 1716 702 Corbu10‚
1759 634 1861 699 sed
1896 637 2075 710 pedes

220 725 467 790 uterque
495 716 724 771 dextras
743 715 1048 774 miscuere.

389 798 612 858 XXIX.
697 797 858 856 Exin
902 798 1213 858 Romanus
1265 800 1468 856 laudat
1521 801 1795 860 iuvenem
1843 806 2075 862 omissis

222 882 637 960 praecipitibus
672 897 796 943 tuta
823 897 878 942 et
903 885 1176 942 salutaria
1206 896 1615 959 capessentem.
1701 885 1810 944 Ille
1852 891 1924 946 de
1964 912 2076 947 no-

220 970 446 1027 bilitate
471 971 702 1043 generis
725 971 979 1027 multum
1004 971 1300 1045 praefatus
1327 981 1513 1027 cetera
1547 982 1938 1047 temperanter
1971 978 2077 1032 ad·-

221 1056 437 1128 iungit:
486 1051 718 1113 Iturum
745 1056 962 1133 quippe
993 1054 1252 1113 Romam
1276 1055 1651 1132 laturumque
1679 1077 1900 1115 novum
1929 1057 2078 1116 Cae-

221 1141 335 1196 sari
393 1142 598 1210 decuS‚
662 1162 788 1198 non
832 1141 1091 1198 adversis
1124 1137 1484 1198 Parthorum
1532 1142 1708 1198 rebus
1753 1144 2078 1219 supplicem

220 1221 583 1285 Arsacidem.
683 1222 843 1284 Tum
878 1227 1100 1302 placuit
1138 1225 1464 1283 Tiridatem
1503 1247 1722 1301 ponere
1760 1230 2081 1303 apudeffi-

153 1375 158 1379 ,
219 1310 373 1384 giem
420 1309 686 1368 Caesaris
741 1313 971 1386 insigne
1018 1312 1247 1385 regium
1292 1332 1400 1367 nec
1446 1312 1561 1367 nisi
1607 1333 1790 1369 manu
1823 1313 2079 1372 Neronis

220 1416 538 1453 resumere:
596 1409 654 1454 et
694 1396 1059 1473 colloquium
1093 1397 1294 1454 osculo
1332 1396 1585 1456 finitum.
1686 1395 1842 1466 Dein
1878 1402 2080 1476 paucis

216 1482 428 1557 diebus
483 1483 804 1539 interiectis
861 1502 1071 1556 magna
1117 1483 1417 1558 utrimque
1473 1483 1661 1557 specie
1713 1482 1850 1540 inde
1903 1505 2079 1562 eques

217 1558 577 1642 *compositus
600 1588 706 1643 per
725 1581 947 1626 turmas
973 1579 1030 1624 et
1058 1568 1390 1640 insignibus
1411 1568 1634 1641 patriiS‚
1675 1561 1816 1625 hinc
1845 1571 2081 1643 agmina

219 1653 522 1726 legionum
546 1653 757 1711 'stetere
780 1654 1142 1727 fulgentibus
1175 1652 1389 1730 aquilis
1423 1652 1720 1729 signisque
1755 1664 1812 1710 et
1838 1655 2081 1712 simula-

220 1738 333 1794 cris
384 1740 562 1796 deum
608 1740 673 1796 in
720 1741 966 1797 modum
1014 1739 1236 1814 templi.
1345 1737 1541 1794 medio
1584 1737 1848 1799 tribunal
1884 1742 2097 1799 sedem·

219 1993 379 2022 verum
435 1981 599 2024 utabat.
630 2010 687 2017 —
732 1982 963 2024 Viviatms
978 1979 1113 2025 MSS.

220 2035 346 2080 Harl.
423 2037 511 2080 odt.
552 2037 632 2082 les,
671 2038 823 2082 Gueif.
860 2039 972 2096 Reg.
1010 2039 1111 2082 edd.

221 2093 326 2137 Put.
350 2095 415 2138 M.
439 2103 482 2137 et
509 2094 563 2136 V.
594 2095 695 2140 Ber.
721 2097 824 2141 Ale.
848 2096 994 2139 Rhen.
1018 2111 1114 2153 sqq.

220 2179 279 2191 ...-
305 2152 354 2193 V
349 2153 518 2195 ivenus
535 2153 633 2195 MS.
651 2154 765 2197 Bud.
788 2178 846 2186 —-
879 2154 923 2194 V
923 2154 1114 2195 ivianus

220 2208 326 2264 MS.
369 2209 479 2268 Agr.
575 2211 723 2255 Verba
777 2209 1114 2267 praecedentia:

191 2281 193 2283 ’
222 2266 437 2310 minister
490 2269 607 2311 bello
660 2273 801 2312 dotus
853 2268 1011 2311 desunt
1065 2266 1113 2309 in

221 2324 354 2368 MSS.
378 2323 503 2368 Harl.
529 2325 658 2370 ssodl.
689 2327 768 2370 les.
793 2325 895 2368 edd.
919 2325 1022 2368 Put.
1047 2323 1115 2366 M.

221 2389 265 2424 et
288 2381 368 2435 V.;
399 2381 571 2426 addidit
596 2399 686 2428 sec.
716 2399 875 2428 manus
897 2382 945 2425 in
971 2397 1111 2437 marg.

165 2450 167 2452 ’
220 2439 356 2483 MSS.
383 2438 515 2485 Bodl.
540 2447 584 2482 et
604 2441 756 2484 Guelf.

276 2500 363 2540 sed
382 2511 491 2552 pro.
550 2498 634 2545 Ed.
659 2499 776 2557 Spir.
800 2506 842 2541 ec
865 2513 970 2552 pro.

279 2568 468 2624 quintae
491 2568 675 2624 legioni.
736 2569 872 2614 MSS.
889 2567 1012 2614 Harl.
1033 2570 1112 2613 les.

223 2623 375 2669 Guelf.
398 2641 440 2682 q.
465 2628 672 2680 legionis.

275 2698 455 2739 honore
487 2699 600 2740 eius.
663 2697 741 2740 Sic
766 2697 897 2744 MSS.
933 2706 975 2740 et
1008 2705 1115 2750 vett.

221 2753 347 2803 edd„
378 2754 462 2797 nisi
486 2755 608 2812 quod
632 2754 701 2798 ed.
721 2755 840 2813 Spir.
870 2755 944 2798 dat
963 2759 1118 2799 honor

222 2812 343 2863 eius,
396 2812 604 2870 absorpta
647 2811 790 2855 littera
834 2821 1060 2879 postrema
1091 2829 1116 2856 a

220 2884 314 2926 seq.
339 2883 438 2914 voc.
500 2869 724 2913 suadente
736 2870 885 2929 Lipsm
909 2869 1118 2919 Pichena‚

222 2925 477 2984 Bipontini‚
517 2926 765 2971 Oberlinus
796 2944 895 2986 sqq.
939 2927 1118 2971 edidere

222 2984 392 3026 honori
438 2984 550 3029 eius.
636 2983 724 3028 Sed
769 2985 890 3028 idem
933 2985 1117 3028 Tacitus

223 3041 336 3085 Hist.
375 3043 412 3090 1,
441 3040 514 3085 44.
554 3055 652 3085 non
689 3044 869 3084 honore
909 3042 1118 3094 Galbae,-

222 3099 314 3142 An.
342 3099 410 3152 14,
436 3099 504 3142 58.
524 3098 699 3154 favore
724 3101 920 3143 iuvenis.
983 3100 1116 3146 Abia·

223 3155 342 3199 tivus
369 3156 493 3200 enim
524 3156 692 3201 indicat
724 3173 930 3208 causam,
961 3156 1007 3199 in
1043 3172 1116 3199 eo-

224 3228 310 3269 que
349 3230 453 3257 casu
487 3214 675 3272 ponitur
716 3231 811 3263 res,
861 3230 946 3272 qua
987 3231 1117 3258 causa

223 3270 498 3315 continetur.
587 3273 682 3315 Iam
714 3272 872 3327 *honor
905 3271 1117 3315 Tiridatis

223 3326 307 3371 suit
338 3343 493 3381 causa,
546 3344 628 3373 eur
662 3327 726 3371 iili
766 3329 811 3372 in
847 3329 941 3372 eius
975 3337 1115 3372 castra

224 3384 456 3436 venirent3
513 3401 678 3429 venere
711 3387 846 3445 igitur
877 3388 933 3428 ob
965 3389 1114 3430 horm-

222 3455 326 3484 rem
353 3443 450 3484 eius
474 3444 547 3485 vel
575 3447 752 3487 honore
788 3446 882 3487 eius
910 3443 950 3487 h.
976 3461 1013 3486 e.
1040 3443 1114 3486 ho-

221 3498 348 3545 noris
379 3513 528 3543 causa.
591 3500 710 3544 Nihil
746 3501 924 3548 absurdi
960 3502 1003 3546 in
1036 3500 1117 3546 hac

1188 1978 1365 2024 dicendi
1409 1978 1582 2025 ratione
1624 1995 1719 2033 esse
1757 1987 1894 2039 puto3
1944 1997 2115 2039 quare.

1187 2037 1536 2093 Berneggerum‚
1556 2035 1827 2090 Gronovios,
1843 2037 2084 2097 Ryekium,

1185 2093 1444 2136 Ernestium
1465 2094 1775 2141 etBroterium
1791 2105 1970 2141 secutus
1992 2114 2082 2144 nia-

1189 2149 1251 2193 lui
1287 2151 1518 2193 restituere
1561 2151 1751 2194 veterem
1794 2153 2080 2211 scripturam.

1186 2208 1295 2251 Mox
1318 2207 1419 2250 MS.
1442 2207 1551 2266 Reg.
1577 2223 1640 2250 an
1666 2222 1728 2251 ne
1748 2207 1986 2256 metueret.

1243 2266 1497 2319 adsumpti.
1575 2265 1653 2309 Sic
1682 2265 1787 2310 MS.
1823 2266 1944 2312 Flor.
1980 2277 2079 2312 test.

1185 2321 1306 2365 Vict.
1338 2346 1395 2354 —
1446 2325 1676 2377 assumpti
1702 2323 1806 2368 edd.
1839 2333 1945 2369 vett.
1979 2341 2081 2371 cum

1188 2379 1292 2424 MS.
1317 2378 1469 2423 Guelf.

1244 2439 1446 2481 desiluit.
1506 2436 1588 2481 Ed.
1613 2436 1734 2496 Spir.
1753 2439 1966 2490 desilivit.

1246 2499 1464 2538 dextras.
1554 2495 1636 2539 Ed.
1674 2494 1796 2555 Spir.
1833 2499 2078 2543 dexteras.

1188 2553 1260 2596 De
1280 2569 1330 2596 re
1349 2552 1407 2596 cf.
1434 2552 1611 2612 loseph.
1638 2554 1703 2606 18,
1727 2553 1770 2597 9.

1246 2623 1361 2667 CAP.
1394 2623 1467 2666 29.
1548 2632 1880 2678 capessentem.
1957 2625 2081 2674 Edd-

1188 2680 1312 2781 lSpir.
1349 2680 1454 2724 Ald.
1504 2689 1845 2735 capescentem,
1896 2683 1960 2727 uti
2002 2700 2082 2727 so-

1209 2747 1300 2782 ent.

1246 2796 1463 2839 multum.
1524 2794 1657 2838 MSS.
1675 2793 1800 2839 Harl.
1824 2796 1907 2842 les.
1930 2795 2081 2842 Guelf.

1189 2854 1368 2902 multem
1407 2852 1478 2895 ed.
1511 2852 1630 2910 Spir.
1662 2853 1890 2906 militum,
1921 2855 2082 2900 confu-

1187 2911 1314 2954 sione
1354 2917 1395 2952 et
1427 2908 1532 2952 alibi
1574 2909 1820 2968 frequenti.
1888 2911 1948 2956 cf.
1984 2921 2080 2956 not.

1189 2967 1244 3012 ad
1268 2966 1336 3018 15,
1357 2968 1426 3010 51.
1485 2966 1597 3010 Hist.
1628 2970 1666 3018 1,
1692 2968 1759 3014 12.
1812 2968 1921 3027 Agr.
1947 2986 1987 3016 c.
2009 2971 2084 3015 ΞΟ.

1243 3025 1409 3080 specie.
1498 3024 1602 3068 MS.
1645 3023 1797 3069 Guelf.
1851 3027 1920 3070 ed.
1960 3025 2082 3085 Spir.

1187 3096 1292 3138 spe,
1323 3082 1493 3140 vulgari
1527 3083 1655 3126 vitio.
1720 3082 1778 3128 cf.
1808 3091 1903 3131 not.
1927 3085 1983 3131 ad
2011 3086 2078 3131 12,

1185 3139 1256 3184 45.
1318 3139 1430 3183 Hist.
1459 3139 1501 3188 3,
1523 3140 1592 3183 84.
1633 3141 1676 3189 4,
1698 3140 1768 3184 46.
1838 3140 1892 3191 ln
1925 3140 2078 3185 Guels.

1186 3205 1337 3241 tamen
1374 3196 1486 3240 olim
1521 3197 1608 3241 fuit
1645 3198 1753 3252 spe,
1799 3197 1922 3256 quod
1956 3214 2078 3243 com-

1190 3254 1406 3312 pendium
1429 3264 1496 3298 est
1518 3271 1599 3314 pro
1621 3256 1781 3307 specie.

1219 3320 1403 3369 'medio
1437 3327 1656 3368 tribunat.
1714 3324 1797 3367 Ed.
1825 3323 1942 3382 Spir.
1977 3341 2079 3368 me-

1187 3385 1264 3427 dio
1291 3384 1556 3426 tribunalis.
1629 3382 1796 3425 Eadem
1820 3381 1953 3440 paulo
1977 3391 2078 3441 ante

1190 3439 1446 3497 distinguit:
1489 3448 1531 3483 et
1549 3440 1840 3484 simulacris:
1866 3442 2004 3481 deum
2027 3441 2077 3481 in

1189 3502 1385 3543 modum
1417 3506 1528 3550 etc„
1587 3498 1651 3541 uti
1684 3496 1860 3545 volebat
1892 3495 2076 3559 Lipsius.
