2164 3990
193 235 250 314 2:
267 235 323 312 ἒς
339 233 423 311 Βὲὲῑ

681 235 858 297 LIB.
895 232 1029 298 xv.
1101 218 1296 297 CA‘P.
1334 231 1388 298 11.
1836 244 1959 304 325

107 369 548 448 Hyrcanorum,
568 397 572 402 ·
592 365 780 439 gentis
803 365 1064 435 validae,
1105 367 1423 442 multisque
1447 386 1514 422 ex
1547 388 1616 424 eo
1651 370 1822 428 bellis
1858 373 1955 429 in-

106 457 336 530 ligatus,
422 448 618 528 Atque
646 451 817 506 illum
844 451 1186 523 ambiguum
1219 471 1406 508 novus
1439 451 1680 527 insuper
1707 458 1955 514 nuntius

105 539 493 598 contumeliae
521 535 878 605 exstimulat:
925 536 1140 612 quippe
1164 556 1423 609 egressus
1443 534 1728 595 Armenia
1743 540 1953 614 Tigra-

103 645 208 682 nes
230 622 589 691 AdiabenOS,
627 620 1054 677 conterminam
1077 622 1403 692 nationem,
1429 622 1606 689 latius
1639 644 1705 680 ac
1730 626 1954 684 diutius

103 731 280 787 quam
305 729 410 783 per
434 707 742 763 latrocinia
767 717 1118 775 vastaverat,
1161 707 1343 782 idque.
1367 707 1654 782 primores
1687 711 1951 782 gentium

102 815 270 870 aegre
305 793 661 862 tolerabant:
725 789 815 847 Eo
855 791 1308 865 contemptionis
1344 793 1716 864 descensum,
1771 809 1838 853 ut
1871 817 1947 852 ne

101 877 254 937 duce.
273 877 514 957 quidem
535 876 811 936 Romano
842 876 1310 945 incursarentur,
1354 878 1452 933 sed
1484 880 1806 936 temeritate
1839 883 1949 937 ob-

100 964 244 1022 sidis
276 975 363 1021 tot
395 983 504 1037 per
539 983 726 1018 annos
763 962 919 1017 inter
953 961 1245 1035 mancipia
1283 958 1489 1022 habiti.
1576 960 1950 1024 Accendebat

99 1051 364 1107 dolorem
390 1068 594 1104 eorum
621 1046 1015 1115 Monobazus,
1056 1067 1229 1122 quem
1250 1067 1429 1121 penes
1451 1046 1829 1106 Adiabenum
1853 1071 1948 1107 re-

99 1136 326 1209 gimen,
394 1136 554 1210 quod
605 1131 962 1207 praesidium
1005 1142 1107 1186 aut
1148 1133 1307 1186 unde
1353 1144 1604 1206 peteret,
1669 1136 1946 1208 rogitans,

98 1221 322 1291 iam4de
350 1214 632 1275 Armenia
667 1236 1040 1285 concessum,
1075 1216 1341 1290 proxima
1373 1213 1556 1287 trahi,
1598 1231 1654 1276 et
1690 1221 1809 1276 nisi
1846 1223 1950 1297 def-

94 1305 342 1361 fendant
369 1301 604 1371 Parthi,
645 1303 833 1358 levius
871 1300 1175 1356 servitium
1215 1302 1371 1374 apud
1394 1299 1700 1361 Romanos
1735 1306 1949 1363 deditis

97 1411 273 1466 quam
327 1388 508 1463 captis
563 1406 702 1447 esse.
823 1385 1121 1442 Tiridates
1179 1407 1413 1462 quoque
1455 1389 1622 1461 regni
1662 1391 1948 1466 profugus

1058 1634 1183 1664 rum.
1266 1619 1388 1662 Male
1420 1620 1652 1666 Ernestius
1683 1639 1847 1668 eorum
1877 1626 1944 1671 in·

151 1625 498 1682 Hyrcanorum.
572 1605 658 1662 Ed.
681 1617 799 1677 Spir.
830 1621 987 1662 hirca-

93 1697 274 1727 norum.
331 1679 500 1722 Eadem
526 1693 629 1719 mox
663 1678 798 1719 novis
831 1686 874 1719 et
906 1679 984 1719 in-

93 1755 237 1795 super
262 1753 344 1796 pro
367 1750 516 1779 novus
536 1737 742 1789 insuper.

152 1809 368 1852 egressus
421 1794 662 1836 Armenia.
750 1791 827 1834 Sic
875 1793 978 1836 MS.

94 1853 244 1900 Guelf.
277 1853 377 1896 edd.
401 1851 504 1894 Put.
530 1851 597 1894 M.
627 1858 668 1892 et
689 1849 743 1891 V.
771 1850 980 1900 Beroald,

93 1919 221 1970 (curn
245 1911 391 1954 silent.
416 1907 554 1964 Vict.)
586 1907 682 1951 Ale.
710 1907 856 1950 Rhen.
881 1923 981 1966 sqq.

89 2001 148 2008 .-
179 1985 203 2012 e
234 1969 388 2019 ressus
424 1967 699 2009 Armeniam
735 1964 837 2007 MS.
869 1965 980 2021 Agr.

91 2028 161 2072 ed.
223 2025 332 2086 pin,
403 2025 493 2066 uod
562 2023 674 2064 lacet
702 2021 888 2064 Heinsio
921 2023 979 2064 ob

91 2078 349 2142 exemplum
419 2081 486 2124 ist.

88 2142 323 2186 moenium
371 2153 575 2193 egressa.

87 2199 248 2254 egredi
293 2198 526 2246 tentoria,-

90 2270 306 2311 egressa;
368 2255 435 2305 15,
467 2253 538 2295 45.
582 2254 838 2294 cubiculum
878 2266 978 2294 non

87 2327 311 2368 egressus.
370 2310 541 2354 Contra
574 2309 643 2360 12,
660 2310 733 2352 68.
769 2324 827 2350 ηε
853 2312 975 2352 cubi-

88 2373 190 2414 culo
214 2372 531 2424 egrederetur.
603 2366 808 2422 Utraque
842 2366 979 2423 igitur

92 2427 268 2472 dicendi
293 2425 406 2481 ratio
438 2425 557 2467 bona
588 2433 676 2472 est,
718 2439 847 2465 sensu
871 2439 976 2480 pau·

87 2485 184 2528 lum
206 2482 394 2528 diverso.
453 2481 738 2524 Armeniam
765 2494 977 2534 egressus

86 2541 132 2586 h.
179 2559 217 2586 e.
255 2539 540 2585 Armeniens
575 2539 796 2581 Grenzen
840 2540 977 2580 iiber-

85 2599 370 2654 schreitend3
400 2596 629 2640 Armenia
647 2610 863 2649 egressus
884 2595 926 2639 h.
940 2612 977 2638 e.

87 2671 180 2700 von
204 2657 462 2699 Armem'en
485 2667 585 2696 aus.

154 2713 521 2766 contemptionis.
638 2709 979 2753 Strombeckius

87 2769 285 2829 prodidit
327 2770 372 2813 in
406 2769 507 2812 MS.
544 2766 696 2810 Guelf.
734 2783 826 2810 esse
862 2782 975 2808 con-

91 2827 325 2871 temtionis
365 2841 448 2884 pro
489 2825 800 2868 contemtioni.
887 2824 974 2866 Sed

88 2885 166 2928 ubi
209 2891 272 2926 est
317 2883 651 2925 contemtioni?
726 2882 775 2923 ln

89 2942 250 3001 legitur
294 2938 661 2990 contemptionis.
742 2939 975 2981 Broterius

89 3006 272 3042 testatur
314 2996 358 3040 in
389 2996 523 3039 MSS.
563 2996 670 3052 Reg.
707 2996 788 3039 les.
826 3005 866 3038 et
902 2997 971 3038 ed.

89 3055 208 3114 Spir.
259 3054 343 3111 legi
393 3055 718 3095 contentionis.
805 3053 854 3094 In
904 3053 974 3100 ed,

89 3113 207 3169 Spir.
256 3120 402 3154 tamen
452 3111 636 3154 invenio
693 3111 975 3162 contritionis,

90 3170 211 3228 quod
241 3177 385 3227 potest
417 3185 508 3210 esse
541 3183 624 3224 pro
655 3170 974 3210 contemtionis

88 3236 131 3270 et
154 3242 238 3284 pro
264 3227 580 3268 contentionis.

149 3285 325 3326 obsidis.
408 3282 484 3324 Sic
525 3282 623 3323 MS.
669 3280 820 3323 Guelf.
865 3281 967 3324 edd.

90 3341 207 3398 Spir.
242 3341 342 3382 Put.
377 3340 445 3382 M.
471 3347 513 3381 et
536 3338 591 3381 V.
616 3339 716 3380 Ber.
751 3339 871 3391 (cum
903 3340 970 3382 sil.

90 3397 228 3450 Victi.)
267 3398 365 3439 Ale.
401 3397 546 3438 Rhen.
570 3413 668 3453 sqq.
703 3423 760 3430 —-
817 3394 978 3438 obsidii

90 3454 193 3496 MS.
224 3455 356 3510 Agr„
397 3455 518 3511 quod
553 3453 756 3510 placebat
787 3453 971 3497 Heinsio

92 3519 136 3555 et
155 3510 343 3566 Ryckio.

147 3570 358 3612 dolorem
406 3586 579 3614 eorum.

553 2113 565 2129 ,
584 2079 654 2122 30.
679 2079 977 2122 altitudinem

653 2136 788 2179 Addo
834 2139 872 2188 1,
905 2136 975 2180 30.

597 2196 664 2246 16,
698 2197 767 2236 10.
804 2209 976 2236 sexum

668 3568 751 3610 lut.
790 3569 970 3620 primo-

822 2881 975 2924 Guelf.
996 2923 1000 2927 ,

1056 1678 1279 1733 telligehat
1303 1693 1468 1720 earum
1493 1695 1655 1722 rerum
1667 1699 1684 1732 ,·
1711 1682 1944 1729 Broterius

1056 1735 1110 1778 ad
1132 1735 1251 1777 Volo
1286 1751 1404 1778 esem
1431 1744 1474 1778 et
1499 1738 1719 1794 primores
1742 1741 1943 1798 gentium

1054 1792 1206 1835 refert.
1288 1807 1412 1835 mmo
1441 1793 1505 1851 ad.
1516 1795 1739 1853 primores
1767 1805 1942 1842 tantum

1053 1851 1272 1907 pertinet;
1326 1865 1472 1907 neque
1494 1851 1627 1909 apud
1668 1852 1941 1912 Vologesem

1053 1907 1257 1965 querelae
1290 1906 1391 1950 illae
1419 1907 1567 1960 fusae,
1609 1909 1685 1952 sed
1718 1911 1778 1953 ita
1810 1911 1940 1956 iacie-

1051 1965 1216 2007 bantur
1251 1965 1368 2006 inter
1402 1965 1648 2022 primoreS‚
1683 1976 1732 2010 ut
1766 1968 1819 2011 ad
1849 1968 1940 2011 Vo-

1052 2020 1213 2079 logesis
1244 2037 1373 2064 aures
1414 2022 1608 2083 quidem*
1633 2024 1938 2082 pervenirent,

1049 2094 1196 2135 neque
1227 2087 1379 2121 tamen
1415 2094 1569 2122 coram
1597 2097 1703 2139 rege
1739 2084 1940 2137 enuntia-

1048 2145 1224 2178 rentur.
1285 2136 1541 2190 Rogitans‚
1574 2139 1699 2197 quod
1725 2140 1942 2196 sequitur,

1048 2208 1143 2235 non
1174 2192 1346 2250 poscit,
1374 2202 1423 2235 ut
1451 2196 1700 2254 cogitemus
1730 2215 1753 2240 a
1774 2197 1939 2241 Mon'o-

1047 2251 1160 2292 bazo
1208 2251 1254 2292 in
1296 2250 1417 2293 hunc
1454 2254 1644 2296 modum
1693 2257 1938 2314 rogitatum

1049 2324 1142 2350 esse
1174 2308 1292 2364 apud
1326 2308 1620 2366 Vologesem,
1658 2312 1734 2353 sed
1768 2312 1939 2370 simpli·

1048 2364 1160 2462 ἓῇίςι·
1193 2364 1362 2408 indicat
1394 2365 1522 2409 illum
1557 2368 1796 2425 rogitando
1827 2369 1938 2414 haec

1079 2437 1221 2464 lxlsse.

1102 2478 1402 2525 Monobazus.
1459 2479 1537 2523 Sic
1550 2480 1654 2524 MS.
1670 2481 1796 2525 Flor.
1820 2485 1937 2538 (test.

1050 2535 1190 2587 Vict.)
1229 2536 1330 2578 edd.
1365 2537 1395 2579 S
1430 2537 1481 2583 iu.
1516 2537 1717 2582 Rhenan.
1749 2555 1935 2597 sqq:—

1048 2593 1331 2636 Monobacus
1360 2609 1383 2635 e
1420 2593 1464 2637 d'.
1485 2594 1594 2638 Put.
1616 2596 1683 2646 Μ.
1710 2605 1752 2639 et
1773 2597 1832 2641 V.
1853 2599 1936 2643 Be-

1049 2650 1190 2692 roald.
1221 2651 1320 2693 Alc.
1365 2678 1424 2686 —
1490 2651 1800 2698 lmnobachus
1832 2657 1935 2700 MS.

1051 2705 1200 2749 Guelf.
1272 2707 1410 2766 Apud
1434 2708 1602 2768 xiphil.
1625 2709 1695 2764 62,
1717 2712 1788 2755 20.
1822 2718 1933 2758 Mo-

1048 2760 1251 2820 νόβαζος.

1102 2824 1200 2864 iam
1224 2825 1282 2864 de
1298 2822 1528 2865 Armenia
1550 2856 1562 2867 .
1575 2855 1586 2868 .
1602 2857 1638 2870 ..
1655 2830 1803 2881 captis
1823 2843 1932 2873 esse.

1046 2878 1313 2936 Interpretes
1359 2881 1620 2937 elegantiam
1672 2885 1935 2939 verborum,

1045 2937 1108 2978 uti
1133 2947 1235 2980 sunt
1257 2937 1302 2979 in
1325 2945 1436 2982 vett.
1467 2938 1618 2991 libris,
1654 2958 1748 2984 non
1784 2960 1934 2999 perce·

1046 3010 1165 3050 pere.
1227 2993 1382 3049 Quare
1413 2997 1621 3053 copulam
1647 3006 1692 3040 et
1714 3008 1814 3042 ante
1843 3002 1938 3044 nisi
1987 3046 1989 3049 ,

1049 3052 1242 3095 locatam
1279 3061 1353 3094 aut
1384 3060 1682 3111 transponunt
1719 3057 1774 3099 ad
1806 3074 1930 3101 voca-

1045 3109 1201 3151 bulum
1246 3111 1412 3159 levius,
1465 3121 1514 3154 ut
1549 3113 1804 3165 Addalius,
1858 3116 1933 3161 vel

1046 3165 1100 3209 ad
1147 3171 1397 3220 proxima,
1455 3176 1504 3210 ut
1554 3168 1808 3220 Ernestius,
1856 3171 1937 3218 aut*

1080 3224 1174 3266 lane
1199 3223 1374 3274 delent,
1405 3234 1450 3267 ut
1473 3225 1721 3271 Oberlinus
1747 3228 1930 3288 aliique.

1046 3240 1307 3337 s‘erpcram.
1378 3282 1662 3326 Monobazus
1696 3301 1823 3329 more
1850 3287 1930 3330 mi-

1043 3336 1282 3379 nitantium
1310 3339 1528 3394 quaedam
1559 3340 1735 3384 silentio
1770 3347 1933 3400 premit

1045 3402 1087 3435 et
1118 3396 1307 3438 obscure
1336 3405 1508 3438 tautum
1538 3397 1780 3455 significat,
1819 3418 1931 3458 quae

1043 3450 1228 3508 intelligi
1252 3469 1384 3509 quam
1412 3453 1586 3498 disertis
1610 3457 1757 3500 verbis
1783 3459 1929 3501 dicere

1045 3508 1256 3559 malebat,
1299 3509 1459 3552 additis
1495 3520 1642 3557 tamen
1671 3516 1791 3558 unde
1824 3532 1931 3559 con-

1047 3567 1192 3610 silium
1231 3583 1362 3611 suum
1393 3568 1584 3629 intelligi
1618 3580 1782 3628 posset.
1855 3574 1934 3620 Est
