2158 4010
0 1219 5 1227 ³
0 1021 13 1171 *πμ-’ῄη-
0 1004 7 1014 =
0 843 12 998 -ψ-Ἶιῡνσ-
3 831 5 835 λ

431 891 1743 986 C.C0RNEL11TAclr1

1035 1041 1133 1078 AB

590 1146 931 1193 EXCESSU
996 1146 1167 1191 DIVI
1227 1146 1580 1193 AUGUSTI

238 1245 342 1327 ¹A
495 1252 570 1330 N
722 1250 798 1329 N
958 1250 1031 1324 A
1187 1251 1254 1324 L
1407 1252 1444 1326 Ι
1575 1243 1673 1325 Π
1812 1256 1898 1330 Μ

667 1408 931 1462 LIBER
974 1410 1490 1465 UNDECIMUS.

631 1687 1204 1732 BREVIARIUM
1263 1686 1508 1732 LIBRI.

292 1801 405 1846 CAP.
434 1798 583 1843 1-3.
616 1798 823 1842 Valerius
843 1794 1066 1842 ‘Asiaticus
1092 1814 1116 1840 a
1139 1797 1281 1841 Suilio
1305 1804 1348 1839 et
1371 1795 1552 1839 Sosibio
1583 1805 1818 1842 accusatus
1848 1800 2006 1844 fraude

51 1857 58 1863 ⁹
144 1859 428 1906 Messallinae
449 1865 492 1900 et
509 1855 677 1899 Vitellii
700 1855 938 1905 evertitur,
969 1864 1010 1898 et
1029 1854 1167 1897 hilare
1190 1853 1402 1896 moritur.
1459 1852 1502 1894 4.
1533 1851 1774 1897 Somnium
1799 1857 2006 1902 saevitiae

145 1936 292 1967 causa.
350 1916 392 1958 5.
423 1915 477 1957 In
499 1913 728 1972 perfidiam
753 1913 1071 1955 advocatorum
1095 1911 1162 1953 lex
1175 1910 1334 1955 Cincia
1357 1904 1597 1967 flagitatur.
1657 1911 1701 1954 6.
1725 1912 1766 1956 7.
1789 1913 2004 1960 Praemiis

144 1994 230 2039 pro
250 1972 506 2036 patrocinio
529 1971 691 2013 modus
715 1969 899 2028 ponitur
924 1986 946 2012 a
970 1968 1191 2028 principe.

289 2060 331 2103 8.
366 2053 518 2099 Parthi
554 2046 828 2096 discordant.
903 2050 1120 2095 Gotarzes
1148 2051 1302 2109 pulsus
1335 2051 1455 2097 vires
1489 2061 1678 2111 reparat.
1759 2055 1801 2097 9.
1835 2054 2001 2100 Pacem

142 2118 229 2164 init
249 2133 360 2161 cum<
375 2113 602 2158 Bardane:
631 2113 701 2167 10.
724 2110 796 2154 hic
817 2109 960 2153 victor
979 2127 1002 2153 a
1025 2110 1114 2152 suis
1140 2109 1354 2153 caeditur.
1375 2127 1380 2131 ’
1636 2121 1645 2130 ·

291 2200 357 2243 11.
384 2195 498 2240 Ludi
523 2195 786 2238 saeculares.
846 2192 1075 2236 Domitius
1096 2192 1216 2237 Nero
1240 2193 1486 2236 destinatur
1507 2193 1714 2252 imperio.
1779 2195 1848 2239 12.
1875 2196 1999 2240 Mes-

142 2258 298 2305 sallina
320 2254 479 2298 Silium
507 2253 690 2310 deperit.
754 2251 821 2295 13.
855 2249 1067 2294 Claudius
1097 2249 1215 2294 aliud
1240 2251 1351 2308 agit.
1410 2250 1551 2307 Leges
1579 2251 1681 2295 fert.
1743 2251 1890 2297 Novas
1923 2253 1999 2297 lit-

141 2327 338 2361 terarum
371 2313 537 2355 formas
569 2309 739 2368 vulgat.
802 2306 871 2352 14.
902 2307 973 2352 De
1005 2308 1257 2351 litterarum
1288 2309 1621 2354 inventoribus.
1683 2308 1752 2354 15.
1787 2310 2000 2355 Claudius

138 2372 394 2431 haruspices
416 2369 580 2411 firmat.

289 2455 356 2497 16.
390 2451 569 2494 Italicus
591 2465 668 2491 rex
693 2448 929 2492 Cheruscis
984 2448 1204 2493 etentihus
1228 2447 1375 2492 datur.
1438 2449 1506 2491 17.
1534 2465 1637 2491 mox
1661 2448 1715 2492 de
1740 2466 1793 2494 eo
1817 2450 1993 2494 discor-

140 2515 212 2560 dia
235 2512 377 2571 gentis
402 2515 445 2551 et
467 2507 650 2550 bellum.
710 2506 777 2548 18.
811 2505 948 2548 Rebel
971 2513 1094 2548 antes
1117 2505 1321 2549 Chaucos
1345 2504 1549 2548 Corbulo
1577 2506 1797 2564 reprimit.
1858 2509 1896 2551 ls
1924 2525 1995 2552 se-

139 2587 242 2615 vere
266 2567 355 2625 agit
379 2565 427 2607 in
455 2562 633 2606 milites.
696 2563 761 2605 19.
786 2562 955 2606 Frisios
984 2562 1232 2620 componit.
1277 2560 1564 2607 Gannascum
1587 2564 1744 2608 caedit.
1803 2565 1877 2608 20.
1901 2566 1998 2609 Ar-

139 2629 225 2672 dor
260 2627 354 2668 eius
383 2640 407 2666 a
440 2620 629 2665 Claudio
670 2635 716 2666 re
750 2635 912 2663 ressus.
972 2619 1156 2662 Fossam
1188 2619 1305 2661 inter
1336 2620 1527 2662 Mosam*
1549 2628 1592 2663 et
1614 2619 1822 2665 Rhenum
1856 2623 1994 2666 ducit.

139 2682 333 2741 Insignia
357 2677 573 2736 triumphi
596 2677 633 2720 ei
655 2676 702 2718 in
739 2677 844 2719 ulta.
913 2677 985 2719 21.
1017 2676 1093 2719 Sic
1116 2684 1158 2718 et
1181 2675 1341 2720 Curtio
1365 2676 1502 2720 Rufo.
1568 2678 1642 2722 22.
1667 2677 1844 2723 Nonius
1862 2681 1991 2738 perit.

137 2742 211 2786 De
235 2732 488 2799 spectaculo
513 2733 810 2794 gladiatorum
834 2740 877 2776 et
897 2732 1223 2792 quaestoribus.

279 2821 351 2866 23.
386 2818 506 2866 Galli
539 2818 763 2863 civitatem
795 2816 977 2875 plenam
1006 2815 1229 2860 adfectant
1257 2826 1300 2861 et
1337 2817 1410 2862 24.
1442 2818 1649 2876 principe
1681 2818 1991 2877 patrocinante

132 2882 205 2928 25.
234 2881 500 2938 impetrant,
536 2884 580 2918 et
602 2875 750 2937 primo
776 2874 956 2932 quidem
970 2873 1132 2917 Aedui.
1182 2873 1363 2918 Patricii
1384 2876 1592 2935 suppleti.
1639 2876 1853 2919 Lustrum
1872 2893 1989 2920 con-

135 2941 294 2985 ditum.

278 3021 351 3064 26.
383 3015 641 3061 Messallina
676 3031 827 3058 amore
861 3030 1022 3061 vecors
1051 3015 1123 3058 27.
1158 3014 1269 3058 Silio
1293 3016 1439 3074 palam
1464 3016 1610 3059 nubit.
1670 3015 1740 3057 28.
1772 3014 1991 3061 Turban-r·

133 3088 206 3123 tur
230 3078 380 3122 aulici.
438 3077 511 3119 29.
538 3073 608 3116 30.
641 3073 876 3117 Narcissus
909 3088 986 3129 per
1011 3071 1194 3128 pellices
1217 3089 1313 3116 rem
1337 3073 1494 3116 defert.
1555 3072 1626 3116 31.
1659 3071 1870 3116 Claudius
1891 3081 1985 3117 tre-

131 3136 268 3195 pidat.
328 3132 587 3177 Messallina
609 3130 880 3174 bacchatur:
921 3129 994 3172 32.
1023 3145 1178 3187 preces
1209 3145 1290 3188 per
1314 3131 1533 3173 Vestalem
1559 3137 1702 3187 parat.
1761 3127 1831 3172 33.
1866 3129 1988 3181 Nar-‚-

133 3193 270 3238 cissus
294 3191 542 3250 principem
566 3195 794 3231 nutantem
820 3186 997 3237 incitat,
1029 3186 1100 3229 34.
1131 3202 1286 3242 preces
1311 3187 1546 3236 amolitur,
1578 3185 1648 3229 35.
1672 3185 1743 3229 36.
1770 3187 1986 3240 sontium,

68 3275 70 3277 >
130 3251 176 3294 in
222 3249 288 3293 his
323 3245 588 3297 Mnesteris,
638 3243 907 3303 supplicium
948 3251 1089 3302 urget.
1173 3243 1244 3287 37.
1280 3243 1351 3287 38.
1394 3243 1703 3287 Messallinam
1745 3242 1985 3302 languente

131 3307 361 3365 principe,
395 3304 500 3348 dein
523 3303 679 3360 ignaro
705 3301 826 3346 caedi
853 3309 993 3345 curat.
1053 3299 1173 3345 Haec
1194 3309 1313 3358 gesta
1337 3300 1468 3343 annis
1490 3299 1583 3344 fere
1608 3301 1797 3345 duobus·

277 3401 319 3433 ο.
362 3397 626 3433 vALEmo
667 3384 955 3427 As1AT1co'
995 3397 1053 3426 m·
1096 3396 1148 3426 m.
1181 3395 1446 3430 vArnmo
1486 3395 1819 3446 messit-2194,

276 3459 323 3490 A.
366 3455 656 3492 vxrssnmo
699 3455 759 3486 m·
800 3455 842 3485 1..
885 3453 1186 3486 v11>sTANo
1232 3452 1388 3484 coss.

1326 3634 1464 3702 Ae
