2164 3990
1711 213 1928 295 2:3:535

158 208 297 276 4‘46·
810 211 865 270 Ά
883 211 1002 270 NN
1018 209 1070 270 A
1082 210 1171 269 L‘I
1185 210 1320 273 UM

145 352 284 403 ‘non
322 343 551 400 sinebat
574 340 799 424 Capitox
815 340 1198 399 Cossutianus
1233 347 1462 418 praeter
1496 345 1762 403 animum
1795 348 1870 405 ad
1904 348 2015 404 ssa-

111 423 118 433 *
158 431 297 506 gitia
324 428 701 504 praecipitem
729 426 969 502 iniquus
985 423 1300 496 Thraseae,
1325 431 1497 506 'quod
1523 432 1865 490 auctoritate
1892 433 2016 490 eius

160 514 511 582 concidisset
537 512 791 569 iuvantis
817 509 1070 568 Cilicum
1093 512 1343 585 legatos,
1385 513 1529 572 dum
1544 514 1893 591 Capitonem
1922 538 2015 574 re-

161 601 561 677 petundarum
596 598 979 669 interrogant.
1887 643 1897 649 ,

188 685 196 691 ’
274 686 280 693 “
332 681 528 742 XXIL
584 680 752 754 Quin
786 693 841 738 et
875 682 977 736 illa
1011 680 1369 738 obiectabat:
1418 685 1710 761 principio
1746 688 1888 743 anni
1924 687 2018 743 vi-

162 766 649 829 tareThraseam
686 766 946 823 solemne
982 765 1420 823 iusiurandum:
1475 773 2018 846 nuncupationibus

161 868 436 914 votorum
471 873 596 909 non
631 853 857 921 adesse,
902 851 1170 928 quamvis
1207 852 2019 930 quindecimvirali„sacerdo-

162 943 245 1000 tio
272 939 631 1016 praeditum:
672 957 981 1013 nunquam
1006 957 1113 1011 pro
1142 938 1326 994 salute
1346 939 1632 1015 principis
1657 931 1758 998 aut
1784 942 2019 998 coelesti

166 1047 305 1084 voce
341 1023 763 1079 immolavisse:
830 1022 1144 1078 adsiduum
1189 1022 1336 1078 olim
1375 1035 1432 1080 et
1471 1024 1861 1095 indefessum,
1917 1027 2021 1103 qui

162 1109 502 1184 vulgaribus
529 1128 761 1184 quoque
794 1119 1028 1182 patrum
1071 1108 1352 1164 consultis
1386 1122 1565 1170 semet
1595 1111 1885 1174 fautorem
1922 1123 2025 1168 aut

165 1194 564 1255 adversarium
602 1195 964 1263 ostenderet,
1011 1192 1269 1270 triennio
1304 1214 1429 1251 non
1463 1195 1734 1252 introisse
1770 1196 2020 1254 curiam:

165 1280 648 1357 nuperrimeque,
694 1299 830 1334 cum
868 1279 942 1334 ad
978 1280 1328 1334 coercendos
1362 1279 1634 1337 Silanum
1668 1293 1724 1338 et
1748 1280 2021 1338 Veterem

167 1366 432 1425 certatim
469 1375 948 1433 concurreretur,
989 1363 1235 1438 privatis
1267 1365 1463 1439 potius
1500 1366 1803 1422 clientium
1841 1385 2025 1439 nego-—

165 1454 265 1512 tiis
289 1449 602 1509 vacavisse.
684 1449 1071 1506 secessionem
1105 1449 1223 1505 iam
1258 1449 1319 1505 id
1350 1461 1404 1506 et
1426 1463 1646 1525 parteS,
1689 1463 1745 1507 et
1781 1451 1830 1506 si
1863 1453 2022 1507 idem

165 1538 340 1596 inulti
378 1537 663 1604 audeant,
715 1534 940 1591 bellum
977 1554 1117 1593 esse.
1216 1534 1344 1612 „Ut
1384 1537 1685 1611 quondam
1718 1534 1785 1594 C.
1812 1533 2025 1593 Caesa-

134 1620 381 1695 -„rem''
435 1620 634 1698 inquit
688 1630 791 1689 „et
822 1618 911 1679 M.
936 1616 1252 1688 Catonem,
1296 1619 1378 1675 ita
1417 1641 1576 1677 nuuc
1613 1631 1697 1690 te,
1739 1619 1927 1692 Nero,
1967 1631 2025 1676 et

171 1703 547 1782 „Thraseam
593 1705 765 1761 avida
811 1705 1240 1761 discordiarum
1300 1700 1502 1762 civitas
1557 1705 1841 1782 loquitur.
1944 1703 2026 1763 Et

167 1791 392 1866 „habet
418 1802 727 1848 sectatores
749 1791 842 1846 vel
870 1790 1066 1865 potius
1093 1791 1395 1860 satelliteS,
1439 1791 1542 1868 qui
1577 1792 1846 1848 nondum
1883 1811 2027 1848 con-

169 1878 538 1952 „tumaciam
576 1876 1028 1946 sententiarum,
1079 1877 1178 1932 sed
1220 1872 1488 1933 habitum
1522 1877 1867 1954 vultumque
1902 1877 2026 1933 eius

174 2124 393 2178 Pichena)
438 2120 561 2165 Harl.
598 2120 729 2164 Bodl.
759 2118 914 2163 Guelf.
947 2118 1061 2161 Eud.

177 2208 231 2216 -
250 2196 345 2226 non
371 2178 649 2234 interfuerat
671 2177 770 2222 MS.
798 2177 879 2220 les.
945 2176 1066 2231 Qua-

174 2257 278 2284 rum
330 2238 654 2295 scripturarum
703 2234 824 2278 nulla
875 2235 1067 2277 absurda

174 2308 268 2351 est;
295 2297 513 2340 diversam
539 2302 687 2335 tamen
714 2307 913 2350 quaeque
936 2291 1068 2333 habet

174 2356 413 2400 rationem.
452 2353 580 2402 ἱΝοη
614 2349 825 2406 interfuit
854 2365 948 2391 reni
982 2346 1069 2391 ἀο-

176 2419 340 2473 ρίστως
377 2407 605 2467 exprinii23
656 2422 751 2449 non
795 2406 1069 2462 interfuerat

147 2472 355 2529 ,respicit
381 2467 433 2511 ad
459 2476 634 2522 tempus
658 2464 853 2516 suneris3
883 2479 978 2505 non
1002 2464 1069 2505 in-

178 2527 395 2585 terfuerit
428 2523 628 2567 enuntiat
665 2521 964 2581 suspicionem
1002 2519 1070 2563 vel

178 2587 487 2632 coniecturam
529 2580 792 2640 scriptoris,
846 2595 930 2636 qua
978 2593 1071 2620 uon

179 2644 301 2693 «licit,
320 2658 366 2686 se
397 2655 445 2682 re
485 2639 644 2694 perisse
671 2637 714 2680 id
741 2637 789 2679 in
816 2637 950 2684 actis,
996 2634 1074 2678 sed

180 2700 407 2746 coniicere
435 2695 446 2711 '
475 2696 671 2740 hraseam
706 2694 852 2736 funeri
881 2710 972 2736 non
1007 2693 1073 2735 in-

180 2758 409 2806 terfuisse,
441 2754 540 2810 quia
557 2789 566 2806 ,
597 2769 699 2797 cnm
725 2751 920 2794 honores
945 2751 1071 2808 Pop-

180 2831 313 2875 paeae
358 2813 733 2858 decernerentur,
785 2818 946 2867 sponte
989 2811 1074 2851 ab·

182 2890 282 2917 sens
306 2871 404 2914 suit.
436 2884 510 2901 —'
551 2869 660 2912 Bon
685 2883 770 2925 pro
801 2871 865 2908 ad
881 2866 1074 2921 flagitia

183 2931 284 2974 MS.
317 2928 454 2973 Corb.
492 2934 534 2970 et
565 2926 637 2970 ed.
672 2925 790 2984 Spir.
822 2923 985 2967 habent
1013 2927 1077 2965 ad

169 2988 432 3046 flagitimn.

244 3058 419 3112 iniquus
472 3053 732 3096 Thraseae.
824 3053 899 3096 Sic
938 3052 1077 3096 MSS.

186 3117 309 3159 Fior.
343 3120 458 3167 (test.
485 3110 605 3154 Viet.
643 3127 682 3153 c.
715 3109 929 3164 Pichena)
967 3109 1076 3168 Reg.

187 3173 327 3217 Corb.
351 3171 421 3212 ed.
445 3169 565 3223 Spir.
587 3197 645 3204 —-
696 3169 910 3209 inimicus
932 3168 975 3209 T
973 3171 1078 3210 hm-

189 3244 300 3272 seae
323 3228 454 3271 MSS.
480 3226 596 3268 ssud.
622 3224 786 3281 aliique
819 3226 946 3277 libri,
977 3226 1080 3268 edd.

191 3289 292 3329 Put.
321 3284 526 3327 Beroald.
544 3283 806 3327 Alc.Rben.
831 3298 928 3341 sqq.
992 3282 1082 3327 Sed

192 3344 251 3388 cs.
277 3351 375 3385 not.
400 3342 452 3384 ad
479 3341 519 3392 5,
541 3343 582 3388 4.
768 3342 780 3355 ⁸

252 3427 364 3468 ΟΜ».
387 3425 456 3466 202.
516 3426 783 3467 obsecrabat.
844 3423 926 3466 Ed.
961 3423 1083 3482 Spir.

194 3484 469 3527 oblectabat.
564 3481 729 3524 Eadem
770 3497 871 3524 mox
910 3482 1084 3523 vitaret

197 3542 410 3586 Thrasea
459 3548 501 3583 et
549 3542 758 3591 adesset,
828 3554 1083 3598 quanquam

1139 2119 1298 2162 deinde
1321 2120 1440 2162 addit
1458 2124 1742 2173 praeditum.
1805 2122 1897 2164 Pro
1921 2136 2028 2164 voce

1139 2193 1188 2220 ea
1214 2178 1343 2221 habet
1374 2180 1485 2221 voci.

1196 2262 1442 2304 nunquam
1477 2272 1530 2282 -
1562 2249 1901 2294 immolavisse.
1967 2249 2027 2293 cf.

1139 2305 1308 2364 xiphil.
1334 2306 1404 2357 61,
1430 2306 1500 2348 ρο.

1199 2398 1284 2432 aut
1319 2391 1667 2434 adversarium.

1143 2456 1188 2490 et
1211 2448 1342 2491 habet
1368 2464 1449 2506 pro
1473 2455 1574 2492 aut.

1201 2535 1480 2575 ostenderet.
1567 2531 1667 2576 MS.
1716 2532 1826 2591 Reg.
1868 2541 2029 2576 osten-

1146 2598 1283 2658 ἰανςί.
1344 2590 1432 2632 Pro
1465 2593 1681 2634 introisse
1714 2592 1784 2634 ed.
1806 2590 1926 2649 Spir.
1953 2595 2031 2636 in·

1145 2656 1350 2692 trozsset.

1744 2391 1844 2436 MS.
1877 2390 2028 2435 Guels.

1204 2734 1439 2774 introisse.
1523 2731 1599 2776 sie
1634 2731 1735 2774 MS.
1773 2731 1922 2776 Guelf.
1962 2733 2032 2777 ed.

1146 2789 1264 2848 Spir.
1289 2818 1346 2826 -—
1391 2791 1617 2832 introiisse
1642 2790 1742 2833 edd.
1765 2789 1867 2833 Pur.
1892 2804 1991 2849 sqq.

1205 2862 1576 2915 mqmrrimeqae.
1639 2860 1813 2918 Copula
1842 2862 1965 2906 deest
1987 2864 2034 2907 in

1147 2918 1248 2962 MS.
1273 2919 1387 2960 Bud.
1448 2918 1555 2960 Mox
1577 2918 1674 2962 MS.
1690 2920 1801 2976 A-gr.
1828 2921 1898 2963 ed.
1914 2919 2033 2977 Spir.

1149 2978 1369 3018 clientum
1407 2991 1488 3033 pro
1525 2977 1779 3019 clientium.
1849 2977 1907 3021 cf.
1942 2987 2036 3021 not.

1151 3035 1205 3078 ad
1227 3034 1268 3082 Ξ,
1294 3034 1364 3076 45.

1208 3106 1254 3147 si
1285 3104 1410 3146 idem
1441 3104 1591 3146 multi.
1651 3103 1749 3147 MS.
1780 3103 1894 3147 Bud.
1933 3105 2035 3149 cdd.

1151 3163 1294 3205 Rhen.
1329 3178 1423 3218 sqq.
1455 3163 1498 3204 si
1522 3161 1662 3203 multi
1688 3162 1826 3206 idem.
1910 3162 2038 3206 Vete-

1152 3237 1248 3263 rem
1281 3220 1487 3262 ordinem
1515 3235 1537 3261 e
1563 3218 1663 3263 MS.
1686 3217 1812 3262 Flor.
1848 3220 2041 3264 restituit

1156 3278 1242 3321 lae.
1271 3275 1544 3319 Gronovius.

1211 3351 1431 3390 audeant.
1490 3346 1588 3390 MS.
1606 3346 1719 3390 Bud.
1746 3349 1966 3392 habeant.
2032 3317 2037 3322 ῃ

1213 3427 1269 3468 te,
1295 3421 1434 3468 Nero,
1460 3426 1502 3461 et
1515 3418 1787 3461 Thraseam.
1828 3417 2043 3477 Ed.spir.

1158 3479 1320 3519 tenebo
1388 3484 1643 3520 transeam.
1732 3475 1834 3519 MS.
1888 3476 2042 3521 Guels.

1157 3535 1367 3578 Thrasea
1392 3550 1471 3593 pro
1499 3533 1776 3576 Thraseam.
1799 3534 1806 3545 “
