2164 3990
258 243 378 302 108

919 238 1434 304 ANNALIUM

1797 239 1850 278 A.
1865 239 1919 278 U.

1798 286 1850 321 A.
1869 283 1916 322 C.
1961 286 1984 322 ⁵

255 369 453 430 hostes
485 370 610 430 eius
632 370 721 427 rei
742 370 927 439 fama,
972 389 1090 446 quo
1116 371 1453 429 venientem
1489 373 1698 429 ducem
1733 385 2107 447 exterrerent,

254 470 430 535 atque
465 457 570 514 illo
605 467 850 531 augente
877 455 1107 524 audita,
1148 467 1217 512 ut
1246 458 1438 514 maior
1473 458 1603 516 laus
1633 461 1970 534 compositi,
2009 463 2108 523 vel

254 544 307 600 si
354 543 752 610 duravissent,
807 540 980 596 venia
1032 538 1244 597 iustior
1279 543 1660 603 tribueretur.

1768 543 1994 606 Silures
2040 547 2105 604 id

253 648 491 706 quoque
514 628 798 685 damnum
826 625 1167 694 intulerant,
1207 626 1436 705 lateque
1461 629 1883 704 persultabant,
1918 632 2111 696 donec

253 716 508 773 adcursu
545 711 716 770 Didii
759 710 1136 785 pellerentur.

1233 709 1352 768 Sed
1394 725 1526 788 post
1564 725 1798 789 captum
1833 712 2105 775 Caracta-

254 819 391 858 cum
439 797 790 875 praecipuus
833 794 1075 851 scientia
1121 794 1209 850 rei
1259 797 1532 855 militaris
1556 796 1851 859 Venutius
1894 821 1926 858 e
1966 799 2107 863 Bri-

253 896 499 960 gantum
553 882 814 949 civitate,
891 891 960 937 ut
1015 899 1193 956 supra
1246 883 1597 953 memoravi,
1669 885 1936 964 fidusque
1999 887 2107 947 diu

251 1103 511 1148 cinnitatem
545 1098 635 1143 loci
672 1098 835 1141 turbat.
893 1096 1007 1140 Nam
1035 1097 1142 1156 quid

250 1162 334 1206 sibi
362 1159 454 1202 vult
476 1159 525 1201 in
547 1155 836 1214 sequentibus
855 1164 1020 1212 atque,
1057 1156 1144 1199 nisi

250 1217 489 1280 praecessit
512 1213 799 1274 participium
819 1229 900 1281 per
927 1211 1141 1272 copulam

250 1292 358 1321 cum
381 1289 485 1318 casu
509 1274 588 1316 illo
613 1278 808 1325 augente
829 1271 1142 1328 iungendum?

249 1334 425 1377 Verum
447 1330 675 1385 auctoque
700 1330 930 1372 continuat
947 1335 1140 1371 structu-

249 1407 348 1436 ram
382 1404 407 1431 a
436 1405 552 1434 voce
573 1390 771 1430 adversa
797 1419 808 1430 .
823 1417 835 1429 .
853 1401 1018 1441 pugna
1039 1401 1169 1434 coe-s

248 1458 391 1508 ptam.
471 1445 599 1489 Solet
620 1442 773 1487 Nostri
798 1443 939 1486 oratio
967 1443 1032 1486 sic
1062 1459 1143 1501 per

251 1505 473 1551 ablativos
495 1500 723 1548 absolutos
744 1501 860 1543 exire
886 1501 934 1543 in
954 1499 1043 1543 fine
1066 1517 1141 1558 pe·

248 1563 386 1607 riodi.
459 1561 518 1605 cf.
551 1577 592 1604 c.
623 1559 696 1602 46.
730 1566 971 1601 cunctante
994 1561 1059 1600 ad
1085 1574 1144 1601 ea

249 1621 466 1666 Mithrid.
487 1627 574 1664 etc.
624 1616 742 1661 Cum
760 1615 795 1659 Ι.
808 1616 881 1659 Fr.
898 1613 1140 1660 Gronov-io

249 1679 514 1726 emendare:
562 1682 704 1732 atque
739 1674 817 1715 ille
849 1686 1019 1728 augere
1049 1686 1143 1714 au·-

249 1740 375 1787 dica,
404 1734 569 1779 nimiae
596 1741 662 1775 est
685 1730 907 1775 licentiae.

306 1803 358 1838 ut
391 1792 549 1837 maior
579 1793 686 1833 tous
725 1788 986 1842 compositi.
1064 1786 1143 1831 Sic

247 1853 351 1899 libri
375 1858 477 1895 vett.
497 1864 735 1894 consensu.
791 1845 967 1903 Lipsius
989 1861 1141 1888 emen·

248 1910 373 1956 davit
414 1907 701 1962 compositis,
763 1904 885 1962 quod
926 1903 1029 1946 edd.
1071 1919 1139 1945 re—

249 1976 387 2014 centt.
428 1964 532 2008 inde
572 1980 595 2005 a
627 1962 822 2005 Picliena
865 1959 1143 2017 praeferunt.

247 2026 364 2070 Nam
381 2020 612 2067 Ernestius
634 2020 687 2062 ad
711 2019 754 2062 h.
777 2019 807 2061 l.
853 2050 879 2068 ‚‚
895 2016 1144 2072 Quorsum,

248 2084 334 2136 ait,
388 2080 611 2126 referetur
643 2075 886 2121 commode
924 2076 1141 2116 duravis-

246 2149 376 2192 sent,
428 2139 466 2182 si
500 2143 602 2181 ante
643 2132 881 2191 singularis
917 2131 1055 2176 est?”
1086 2156 1141 2163 -—

249 2199 445 2244 Minime
466 2210 577 2241 vero
601 2191 851 2245 compositi
880 2200 942 2233 est
969 2188 1014 2232 in
1052 2191 1140 2232 sin-

246 2256 394 2318 gulari
421 2267 636 2303 numero,
675 2250 751 2293 sed
788 2247 938 2306 potius
971 2247 1017 2290 in
1044 2248 1141 2305 plu-

247 2315 355 2367 rali,
401 2312 486 2356 hac
518 2317 763 2353 structura:
817 2313 868 2347 ut
901 2305 1145 2360 compositi

246 2389 314 2417 sc.
348 2379 494 2415 essent
527 2368 679 2410 maior
703 2368 813 2406 taus
839 2363 881 2406 h.
910 2379 950 2405 e.
982 2362 1141 2405 maiori

248 2429 388 2475 laudi.
473 2427 550 2471 Sic
587 2424 753 2467 Noster
793 2420 952 2464 Germ.
997 2435 1036 2462 c.
1074 2417 1140 2462 13.

248 2489 343 2533 Nec
388 2486 532 2530 rubor
574 2484 698 2525 inter
744 2480 938 2522 comites
976 2478 1139 2531 aspici.

245 2546 360 2590 Hist.
399 2547 437 2596 1,
472 2542 542 2586 15.
581 2547 626 2583 et
667 2537 824 2580 iudicii
858 2536 956 2578 mei
997 2538 1140 2577 docu-

248 2611 464 2648 mentum
503 2601 599 2642 sint
640 2610 735 2638 non
778 2609 912 2636 meae
953 2600 1139 2636 tantum

247 2659 626 2706 necessitudines,
655 2668 769 2710 quos
789 2651 1140 2707 tibipostposui‚

247 2722 331 2769 sed
353 2726 399 2761 et
423 2725 548 2759 tuae.
611 2713 671 2756 cf.
698 2719 794 2754 not.
818 2710 871 2752 ad
896 2709 938 2760 4,
957 2707 1029 2751 69.
1076 2707 1140 2751 At

243 2773 517 2822 contradicit
561 2770 668 2814 huic
705 2784 829 2810 meae
872 2767 1138 2823 interpreta-

246 2834 360 2878 tioni
400 2833 473 2878 vir
507 2830 666 2873 doctus
698 2826 918 2881 (Ergiinz.
941 2824 1019 2866 ΒΖ.
1055 2836 1140 2864 zur

246 2895 449 2947 Aligem.
476 2886 704 2932 Lit.Zcit.
744 2884 829 2926 Nr.
858 2882 953 2926 114.
989 2880 1135 2934 1825.)

249 2950 494 2995 adfirmans
555 2943 800 2997 compositi
853 2955 946 3004 non
1009 2952 1139 2995 posse

251 3005 393 3063 accipi
414 3004 462 3046 in
485 3019 609 3046 num.
635 3001 775 3058 plur.‚
806 3011 1020 3054 quomam
1083 3010 1138 3060 ’νᾳ

250 3065 453 3110 subiecto
477 3057 778 3117 supplendum
797 3056 852 3097 sit
875 3067 964 3097 res.
1024 3051 1058 3093 R
1082 3051 1139 3093 ilu

250 3131 398 3166 tamen
429 3134 522 3162 non
549 3115 782 3174 persuasit.
843 3115 984 3154 immo
1009 3125 1141 3152 com-

248 3179 388 3234 positi
407 3173 683 3232 intelligendi
706 3179 810 3215 sunt
830 3173 998 3216 hostes,
1028 3183 1139 3224 quos

252 3236 471 3289 componi
517 3231 605 3275 dici
654 3244 783 3287 posse
831 3226 934 3270 satis
977 3226 1141 3268 docent

254 3291 449 3349 exempla
490 3289 603 3348 apud
646 3288 860 3330 Nostrum
903 3280 1138 3342 permulta.

255 3349 317 3394 cf.
352 3365 392 3391 c.
414 3348 484 3391 32.
519 3349 649 3390 clade
671 3345 918 3386 Icenorum
950 3355 1141 3394 compo-

252 3406 354 3457 siti,
404 3406 485 3460 qui
515 3406 689 3445 bellum
733 3402 856 3443 inter
900 3407 945 3442 et
974 3413 1140 3454 pacem

254 3464 526 3508 dubitabant
538 3476 552 3510 ,²
583 3460 631 3509 3,
649 3459 720 3502 38.
743 3458 939 3512 plurimi
956 3472 1011 3500 ac
1033 3470 1141 3497 mo-

255 3522 388 3566 oeime
427 3518 668 3571 compositi
677 3531 691 3565 ‚·
753 3517 821 3564 12,
854 3513 923 3558 55.
965 3521 1140 3557 ceteros

258 3576 508 3624 clementia
543 3574 815 3627 composuit.
899 3571 973 3616 Nil
1007 3569 1142 3629 igitur

1215 1115 1328 1158 opus
1351 1105 1416 1142 est
1436 1098 1573 1157 Lipsii
1600 1100 1937 1155 emendatione,
1965 1102 2102 1162 idque

1212 1158 1301 1201 iam
1335 1157 1503 1199 viderat
1532 1156 1618 1201 Iac.
1647 1156 1919 1203 Gronovius.
1977 1159 2103 1206 Inve-

1214 1215 1291 1258 nio
1315 1212 1688 1273 etKiesslingiuni
1713 1231 2101 1261 revocas-seconi-

1209 1273 1369 1327 positi.
1465 1318 1483 1324 ,

1271 1334 1490 1376 adcursu.
1568 1328 1646 1372 Sic
1682 1328 1783 1374 MS.
1824 1330 1948 1373 Flor.
2000 1337 2102 1376 test.

1213 1386 1336 1430 Vict.
1366 1411 1423 1421 —
1482 1401 1676 1430 accursu
1698 1387 1800 1431 MS.
1821 1386 1973 1431 Guelf.
1997 1388 2102 1432 edd.

1213 1445 1318 1488 Put.
1347 1443 1415 1488 M.
1439 1452 1481 1487 et
1511 1444 1565 1487 V.
1593 1443 1800 1488 Beroald.
1832 1444 1979 1489 Rhen.
1999 1461 2099 1506 sqq.

1212 1530 1271 1539 —
1299 1505 1364 1544 od
1388 1516 1572 1544 cursum
1597 1501 1666 1545 ed.
1690 1501 1807 1560 Spir.

1274 1560 1511 1602 Venutius.
1570 1559 1655 1602 Ed.
1688 1560 1812 1618 Spir.
1849 1563 2104 1613 venustius,

1212 1615 1319 1718 i4nfr.
1345 1617 1549 1661 Venutii.
1610 1617 1672 1661 cf.
1706 1627 1804 1662 not.
1837 1618 1895 1662 ad
1925 1618 2036 1663 Hist.
2060 1618 2103 1671 8,

1269 1747 1294 1775 e
1316 1731 1607 1785 Brigantum
1629 1731 1828 1776 civitate.
1876 1732 2012 1788 *Ed.s
2045 1733 2100 1778 ir.

1210 1789 1501 1844 Euigantum
1548 1789 1752 1833 civitate.
1836 1789 1940 1836 MS.
2033 1806 2103 1850 eg.

1209 1848 1512 1901 Euigantium
1558 1847 1762 1892 civitate.
1842 1847 1957 1892 Edd.
1997 1848 2102 1894 Put.

1211 1905 1279 1947 M.
1317 1913 1358 1946 et
1385 1905 1438 1947 V.
1469 1903 1677 1947 Beroald.
1718 1905 1843 1959 (eum
1867 1904 1936 1949 sil.
1960 1905 2103 1963 vict.)

1215 1963 1315 2006 Ale.
1340 1961 1545 2005 Rhenan.
1580 1978 1621 2004 c.
1649 1961 1753 2004 MS.
1779 1962 1926 2006 Guelf.
1966 1979 1991 2006 c
2014 1964 2103 2006 Iu-

1212 2026 1412 2075 gantum
1484 2020 1567 2061 civ.
1685 2017 1813 2074 Quae
1882 2022 2102 2066 vocabula

1215 2093 1355 2134 quum
1392 2091 1533 2119 nemo
1571 2077 1935 2135 geographorum
1965 2079 1991 2121 a
2022 2094 2101 2122 no·

1211 2141 1330 2183 scat,
1360 2141 1585 2177 cesserunt
1622 2134 1918 2179 emendationi
1953 2152 1976 2179 e
2051 2136 2100 2182 S·

1211 2191 1325 2249 Agr.
1384 2191 1666 2249 desumptae:
1731 2207 1756 2235 e
1801 2194 2103 2247 Brigantum,

1211 2265 1344 2307 quam
1378 2257 1650 2307 receperunt
1676 2247 1858 2306 Bipont.
1892 2250 2100 2295 oberlin.

1211 2305 1350 2351 Bekk.
1396 2306 1577 2364 aliique.
1677 2305 1792 2350 Nam
1832 2307 2100 2353 Cartisman-

1212 2365 1346 2408 duam
1372 2364 1637 2422 Brigantum
1661 2365 1858 2421 reginam
1883 2364 2020 2412 fuisse
2041 2363 2100 2408 le·

1212 2423 1357 2479 gimus
1394 2438 1517 2480 supr.
1557 2437 1599 2463 c.
1633 2420 1698 2463 36.
1731 2429 1771 2464 et
1810 2421 1920 2466 Hist.
1956 2422 1999 2475 3,
2026 2422 2100 2466 45.

1214 2479 1442 2523 Venutius
1481 2487 1654 2529 autem,
1699 2479 1912 2536 quoniam
1953 2481 2102 2523 matri·

1213 2538 1366 2581 monio
1412 2536 1531 2580 illam
1573 2537 1776 2588 tenebat,
1827 2538 1882 2580 ad
1917 2537 2100 2584 eandem

1212 2603 1390 2654 gentem
1441 2594 1675 2638 videbatur
1754 2595 1960 2638 ertinere.
2038 2595 2101 2639 At

1211 2668 1361 2695 nonne
1393 2651 1539 2709 potuit
1563 2650 1631 2693 vir
1657 2665 1716 2693 no
1752 2651 1933 2694 ilis'alia
1963 2666 2101 2709 quam

1210 2710 1475 2767 Brigantum
1500 2707 1677 2752 civitate
1701 2708 1919 2751 oriundus
1936 2708 2100 2754 Cartis-

1211 2766 1452 2809 manduam
1482 2774 1634 2808 tenere
1654 2764 1981 2810 matrimonio?
2043 2766 2101 2810 Et
2163 2774 2164 2778 ’

1243 2823 1416 2866 rosecto
1457 2832 1584 2875 sunt,
1626 2839 1737 2881 quae
1773 2822 1862 2868 hoc
1895 2824 2098 2868 innuant.

1210 2840 1324 2924 ᾔτηη
1346 2882 1520 2928 hostes,
1550 2895 1665 2948 quos
1682 2882 1957 2924 stimulabat
1974 2884 2099 2935 igno·

1209 2939 1382 2990 minio,
1411 2954 1466 2980 ne
1478 2938 1689 2994 semmae
1711 2938 1907 2990 imperio
1933 2942 2098 2982 subde·
2158 2962 2162 2969 »

1211 3005 1395 3047 rentur,
1435 3012 1529 3038 non
1563 3004 1769 3054 poterant
1804 3011 1895 3038 esse
1922 2996 2098 3053 lssrigan-
2156 3015 2158 3019 ·

1211 3063 1302 3106 tes,
1333 3053 1410 3111 qui
1439 3052 1608 3096 dudum
1633 3051 2098 3112 Cartismanduaezpa-
2152 3103 2156 3111 Ι

1210 3113 1392 3162 rebant,
1415 3111 1505 3153 sed
1541 3110 1636 3159 alii,
1672 3112 1748 3167 qui
1776 3110 2013 3162 timebant,
2043 3127 2099 3156 ne
2148 3120 2154 3158 :³

1212 3169 1334 3213 victo
1381 3168 1574 3211 Venutio
1608 3167 1974 3212 Cartismanduae
2015 3167 2097 3210 iu»-
2150 3204 2152 3210 .

1211 3226 1338 3284 perio
1361 3226 1640 3269 accederent.
1702 3224 1848 3267 Porro
1874 3225 2032 3266 valida
2055 3233 2099 3267 et
2149 3225 2158 3255 '7

1210 3288 1332 3325 lecta
1365 3283 1515 3324 armis
1548 3282 1790 3330 iuventus,
1829 3297 1950 3337 quae
1979 3281 2095 3325 Car·-
2148 3308 2164 3322 -ε

1211 3341 1512 3382 tismonduoe
1534 3354 1728 3394 regnum
1750 3341 1944 3388 invasit,
1981 3337 2097 3384 hand
2141 3345 2149 3385 2':

1212 3397 1346 3440 dubie
1403 3397 1580 3440 aliunde
1630 3395 1783 3440 debuit
1824 3397 1997 3445 venire,
2049 3405 2098 3439 ut
2144 3434 2146 3438 ,

1213 3454 1578 3500 Cartismanduae
1602 3469 1791 3510 regnum
1818 3453 2065 3498 invaderet.
2140 3491 2142 3494 ,

1270 3520 1319 3554 ut
1350 3526 1496 3566 supra
1524 3510 1800 3553 memoravi.
1874 3508 1990 3554 Sunt
2020 3511 2097 3568 qui
2139 3532 2142 3552 2

1212 3568 1375 3629 respici
1405 3576 1563 3628 putent
1594 3568 1649 3612 ad
1671 3567 1783 3613 llist.
1812 3567 1852 3621 3,
1875 3565 1943 3613 45.
1974 3567 2097 3628 q‘uod
2136 3568 2143 3611 ἶ
