2164 3990
156 235 206 270 A.
227 234 279 271 υ,
301 233 384 269 312.
408 214 413 217 ’

155 280 209 316 Δ,
231 278 279 314 C,
323 279 384 312 59.
604 233 778 297 LIB.
811 233 982 297 XIII.
1057 230 1252 296 CAP.
1272 229 1387 295 56.
1790 237 1918 298 223

67 381 290 428 rentur.
387 363 550 422 Haec
593 364 660 421 in
703 363 1010 439 publicum
1046 358 1381 422 Ansibariis
1415 360 1743 438 respondit:
1803 362 1919 442 ipsi

65 453 343 512 Boiocalo
375 453 458 524 'ob
491 450 839 529 memoriam
864 449 1164 506 amicitiae*
1183 451 1458 508 daturum
1483 466 1672 521 agros,
1757 442 1920 528 quod

65 541 167 596 ille
200 549 268 595 ut
294 535 652 612 proditionis
685 535 942 609 pretium
979 546 1321 609 aspernatus
1354 533 1608 592 addidit:
1674 536 1919 604 „deesse

65 621 98 694 „
111 624 303 680 nobis.
319 634 502 690 terra,
548 620 613 675 in
649 641 763 696 qua
801 620 1097 676 vivamus:
1142 620 1208 675 in
1248 608 1364 696 qua
1396 619 1752 690 moriamur,
1793 641 1920 677 non

65 756 98 779 „
111 719 316 785 potest.
332 704 359 727 '⁹
443 717 617 782 atque
646 705 728 761 ita
752 705 997 761 infensis
1020 702 1318 780 utrimque
1342 703 1553 761 animis
1583 703 1932 767 discessum.

65 795 165 851 Illi
188 792 532 860 BructerOS,
575 789 930 860 TencterOS,
974 789 1286 846 ulteriores
1319 790 1493 846 etiam
1526 789 1798 846 nationes
1824 803 1932 847 so-'

64 880 182 936 cias
206 878 364 934 bello
394 876 702 935 vocabant.
786 870 1001 933 Avitus
1037 874 1252 949 scripto
1291 875 1366 931 ad
1392 872 1712 932 Curtilium
1738 873 1921 932 Man-

66 965 214 1022 ciam
239 961 558 1037 superioris
581 960 866 1018 exercitus
890 961 1174 1033 legatum,
1206 970 1273 1016 ut
1286 955 1573 1017 Rhenum
1595 971 1921 1035 transgres—

66 1069 164 1106 sus
209 1068 371 1104 arma
415 1068 448 1102 a
492 1058 653 1120 tergo
700 1047 1063 1114 ostenderet,
1137 1042 1262 1119 ipse
1303 1043 1564 1117 legiones
1606 1045 1673 1102 in
1714 1065 1923 1120 agrum

65 1131 709 1207 Tencterum-induxit,
754 1130 1043 1186 excidium
1077 1127 1360 1185 minitans
1384 1128 1452 1185 ni
1486 1138 1719 1188 causam
1753 1151 1922 1188 suam

66 1218 461 1275 dissociarent.
550 1214 738 1289 Igitur
774 1215 1192 1271 absistentibus
1229 1209 1324 1270 his
1357 1215 1489 1290 pari
1521 1227 1685 1274 metu
1730 1228 1921 1275 exter-

64 1304 166 1360 riti
188 1301 484 1369 Bructeri,
527 1311 582 1357 et
604 1300 808 1356 ceteris
835 1320 1069 1376 quoque
1095 1300 1288 1355 aliena
1311 1301 1572 1375 pericula
1597 1302 1921 1359 defenden-
2006 1364 2009 1365 ⁷

64 1389 222 1445 tibus
249 1387 370 1442 sola
395 1380 854 1443 Ansibariorum
874 1404 1014 1459 gens
1038 1396 1195 1442 retro
1219 1385 1294 1442 ad
1315 1382 1556 1463 Usipios
1590 1398 1648 1445 et
1670 1386 1921 1447 Tuban-

67 1647 162 1689 vius
185 1658 233 1687 se
255 1641 498 1686 delendum
523 1643 743 1694 censebat,
765 1649 813 1683 ut
835 1643 959 1696 ipsos

66 1704 309 1758 referretur
328 1701 382 1742 ad
404 1703 530 1743 deos.
582 1701 669 1743 Sed
686 1708 780 1743 tum
795 1699 957 1743 Noster

67 1758 315 1816 scripsisset
338 1759 453 1809 illos,
484 1772 578 1799 non
599 1759 738 1809 ipsos.

121 1816 401 1860 Ansibariis.
459 1813 544 1856 Ed.
577 1814 695 1873 Spir.
731 1815 954 1870 utinsiva-

66 1889 169 1918 rus.

123 1936 285 1975 deesse
304 1932 436 1973 nobis
454 1937 608 1978 terra,
640 1930 687 1972 in
709 1943 803 1985 qua
825 1932 957 1972 viva-

63 2003 200 2032 mus:
259 1990 309 2030 in
363 2002 458 2043 qua
515 1989 799 2036 moriamur,
862 1995 957 2029 non

61 2053 230 2102 potest.
316 2044 473 2087 Talem
513 2043 755 2087 Rhenanus
801 2043 956 2087 locum

65 2102 298 2148 constituit
328 2117 377 2143 ex
409 2101 616 2159 ingenio,
658 2109 702 2143 et
764 2101 861 2145 lane
891 2102 957 2144 sic

63 2177 157 2204 esse
184 2159 231 2202 in
254 2159 357 2204 MS.
383 2158 494 2214 Agr.
530 2167 717 2202 testatur
731 2118 957 2218 Kizyekius.

65 2218 198 2261 MSS.
232 2218 354 2260 Flor.
387 2217 504 2271 (test.
529 2215 682 2270 Pieh.)
716 2217 843 2260 Harl.
872 2217 955 2259 les.

65 2273 220 2318 Guelf.
253 2274 371 2317 Bud.
403 2276 488 2330 (pr.
520 2276 600 2330 m.)
631 2278 791 2317 deesse
823 2275 958 2316 nobis

65 2342 247 2376 terram
273 2334 426 2373 vivam
451 2332 499 2372 in
519 2346 561 2386 q.
586 2339 676 2374 etc.
730 2332 813 2374 Ed.
835 2331 953 2388 Spir.

64 2395 227 2433 decere
250 2391 379 2431 nobis
400 2395 583 2429 terram
612 2390 767 2431 vivam
788 2389 836 2431 in
861 2403 955 2444 qua

65 2449 192 2491 mori
208 2461 344 2488 amor
366 2459 463 2486 non
478 2453 649 2498 potest.
710 2445 810 2488 MS.
823 2444 952 2487 ssodl.

65 2505 168 2548 edd.
192 2503 295 2546 Put.
321 2503 392 2545 M.
413 2511 455 2544 et
478 2501 534 2544 V.
560 2502 764 2546 Beroald.
800 2503 857 2557 (c.
883 2500 954 2544 sil.

63 2562 208 2615 Vict.)
232 2561 333 2604 Alc.
355 2564 518 2601 deesse
537 2562 668 2602 nobis
694 2567 828 2602 terra
850 2560 955 2601 viva

63 2623 110 2662 in
142 2634 232 2675 qua
265 2635 328 2660 m.
362 2631 413 2658 n.
437 2632 486 2669 ρ.
567 2618 654 2660 lae.
690 2616 955 2660 Gronovius

65 2675 239 2719 volebat
282 2684 416 2718 terra
448 2675 496 2715 itt
531 2676 706 2726 vitam5
759 2673 954 2717 Pichena

63 2743 191 2776 terra
218 2733 346 2776 υιύιέ.
416 2730 566 2774 Possis
595 2732 727 2774 etiam
759 2732 953 2775 coniice-

63 2806 135 2834 re:
180 2798 330 2839 terra,
370 2797 422 2830 ut
457 2789 685 2832 vivamus.
755 2788 869 2831 Nam
901 2797 954 2830 ut

67 2847 199 2892 facile
223 2847 369 2903 potuit
395 2845 518 2889 abire
547 2845 595 2887 in
628 2862 703 2896 m;
743 2846 954 2890 termina·

65 2906 128 2948 tio
180 2918 235 2945 us
281 2919 359 2959 per
412 2903 733 2960 compendium
776 2904 952 2962 scripta,

66 2961 171 3004 dein
198 2960 361 3002 omissa
388 2967 467 3002 est.
527 2959 651 3003 Solet
679 2960 799 3003 enim
824 2961 953 3003 Taci-

63 3028 135 3062 tus
157 3016 327 3064 variare
356 3024 628 3060 structuram
654 3018 702 3062 in
732 3017 952 3062 eiusmodi

66 3076 191 3120 lociS.

121 3153 262 3202 atque
288 3147 352 3187 ita
373 3147 586 3202 infensis,
645 3145 728 3190 Ed.
744 3127 860 3206 Spir.
882 3155 953 3191 at·

67 3218 153 3258 que
203 3202 396 3257 infensis
446 3207 530 3246 im.
614 3202 782 3246 Eadem
825 3220 952 3248 mox:

68 3263 348 3302 tlaenctoros.
409 3261 508 3303 MS.
530 3260 682 3304 Guelf.
702 3268 921 3306 tenen-os,

123 3330 285 3373 socias.
344 3330 419 3373 Sic
449 3330 549 3372 MS.
576 3330 698 3373 Flor.
735 3332 782 3385 (t.
814 3331 952 3386 vict.)

70 3383 171 3429 cdd.
194 3385 312 3443 Spir.
349 3395 390 3429 et
423 3395 606 3430 recenlt.
643 3387 747 3430 inde
772 3404 794 3430 a
820 3388 955 3445 Lipsii

70 3441 228 3498 prima.
267 3467 321 3475 —
391 3446 631 3499 sociasque
666 3444 767 3486 MS.
803 3443 953 3489 Guelf.

67 3499 168 3598 Xl'dl.
191 3498 292 3544 Put.
315 3499 383 3545 M.
407 3510 450 3545 et
475 3502 529 3544 V.
557 3502 663 3546 Ber.
687 3501 786 3547 Alc.
807 3501 951 3548 Rhen.

1083 1643 1252 1686 Auitus
1286 1645 1456 1698 scrzjoto
1497 1646 1565 1686 ad
1595 1644 1645 1689 C.
1683 1644 1748 1690 M.
1816 1644 1918 1690 Ed.

1026 1698 1149 1757 Spir.
1171 1703 1308 1742 aluta
1336 1703 1506 1756 scripto
1539 1705 1605 1744 ad
1634 1704 1923 1747 Cur-cuman-

1028 1760 1158 1802 tium.
1226 1758 1326 1801 MS.
1352 1757 1507 1803 Guelf.
1534 1761 1608 1802 Ab
1629 1760 1772 1803 Avito
1798 1762 1922 1805 scri-

1021 1823 1158 1869 ptum
1191 1818 1256 1857 ad
1292 1815 1339 1859 C.
1381 1816 1447 1858 M.
1537 1815 1630 1860 Pro
1662 1819 1921 1871 Manciam,

1026 1872 1237 1973 ffiigdGin
1256 1872 1508 1973 llz‘IShFl'lolg.
1538 1882 1604 1918 est
1635 1874 1920 1972 (testVVict.)

1025 1932 1655 2034 Alciat·ugasse2t‹l·nm¹;ltl3affit
1680 1933 1920 2035 etRlieffaexli:

1026 2060 1124 2102 sqq.
1147 2044 1399 2089 Allancz'am.

1086 2115 1386 2158 Tencterum.
1463 2115 1547 2161 Ed.
1596 2118 1712 2176 Spir.
1759 2127 1919 2163 trene-

1027 2187 1149 2216 rum.
1199 2173 1295 2215 MS.
1307 2171 1459 2217 Guelf.
1481 2182 1760 2220 tenetreum.
1801 2176 1921 2222 Edd.

1027 2229 1131 2273 Put.
1158 2229 1224 2272 M.
1247 2239 1290 2273 et
1308 2229 1364 2274 V.
1388 2231 1690 2277 Tencterum.
1754 2233 1920 2294 Vulga-

1026 2296 1124 2331 tum
1151 2294 1307 2330 tenent
1328 2288 1430 2333 edd.
1456 2289 1559 2334 Ber.
1579 2307 1677 2348 sqq.

1082 2359 1135 2399 ni
1151 2372 1364 2401 causam.
1422 2357 1500 2402 Sic
1514 2358 1647 2404 MSS.
1663 2361 1698 2403 F
1699 2361 1783 2405 lor.
1804 2363 1918 2418 (test.

1027 2413 1144 2458 Vici.
1171 2429 1275 2456 cum
1298 2414 1388 2458 lac.
1411 2415 1643 2473 Gronov.)
1668 2417 1818 2463 Guelf.
1843 2420 1916 2463 ed.

1027 2471 1146 2528 Spir.
1178 2494 1237 2503 —
1275 2472 1372 2514 nisi
1386 2488 1578 2515 causam
1599 2475 1701 2519 edd.
1722 2476 1828 2521 Put.
1847 2476 1918 2521 Μ.

1027 2537 1070 2571 et
1101 2530 1152 2572 V.
1177 2528 1281 2571 Ber.
1311 2528 1415 2573 Alc.
1439 2529 1587 2576 Rhen.
1608 2547 1705 2590 sqq.

1083 2601 1418 2642 absistentibus.
1477 2600 1555 2645 Sic
1583 2601 1683 2645 edd.
1712 2601 1915 2649 Rhenan.

1025 2673 1126 2714 sqq.
1197 2656 1255 2699 cf.
1287 2657 1330 2707 2,
1358 2657 1430 2699 31.
1472 2662 1613 2701 caede
1651 2661 1752 2703 visa
1784 2665 1920 2706 miles

1023 2715 1221 2771 abstitit.
1307 2714 1407 2755 MS.
1447 2715 1600 2759 Guelf.
1642 2720 1917 2763 adsistenti-

1024 2776 1123 2815 bus.
1180 2771 1295 2814 Edd.
1316 2770 1436 2829 Spir.
1459 2772 1561 2816 Put.
1580 2773 1649 2817 M.
1674 2782 1716 2818 et
1730 2776 1786 2821 V.
1809 2777 1915 2822 Ber.

1022 2829 1128 2874 Alc.
1156 2830 1499 2875 assistentibus.
1557 2831 1790 2878 MS.Bud.
1811 2837 1915 2878 asi-

1022 2888 1244 2930 stentibus
1267 2893 1309 2928 et
1333 2886 1398 2930 sic
1418 2887 1518 2931 MS.
1542 2887 1665 2934 Flor.
1691 2890 1809 2946 (test.
1826 2893 1917 2940 Iac.

1024 2944 1300 3000 Gronovio).
1988 2984 1990 2987 .

1082 3015 1303 3057 exterriti
1346 3015 1582 3059 Bructeri.
1683 3018 1762 3063 Sic
1812 3021 1918 3068 MS.

1023 3073 1146 3115 Flor.
1175 3077 1292 3125 (test.
1312 3071 1428 3115 Viet.
1453 3088 1494 3116 c.
1516 3074 1661 3132 Pieh.)
1684 3077 1784 3121 edd.
1797 3078 1915 3137 Spir.

1022 3129 1150 3173 Picb.
1176 3145 1272 3186 sqq.
1304 3155 1362 3164 --
1407 3133 1653 3175 exterritis
1674 3134 1918 3182 Bructeris

1024 3187 1162 3230 MSS.
1195 3186 1309 3228 Bud.
1345 3185 1467 3230 Harl.
1494 3187 1623 3233 Bodl.
1651 3189 1733 3234 les.
1757 3191 1914 3239 Guelf.

1024 3243 1125 3287 edd.
1148 3243 1252 3287 Put.
1283 3243 1350 3286 M.
1374 3252 1416 3286 et
1443 3244 1498 3290 V.
1520 3246 1625 3311 Ber.
1650 3247 1912 3296 Alc.Rhen.

1027 3318 1246 3414 sqeleterzs
1284 3385 1475 3427 quoque.

1027 3430 1146 3472 deest
1168 3443 1362 3484 quoquc.

1083 3499 1449 3555 defendentibus.
1518 3501 1596 3547 Sic
1625 3502 1761 3549 MSS.
1788 3505 1911 3552 Flor.

1025 3558 1141 3612 (test.
1175 3555 1292 3601 Vict.
1329 3572 1368 3601 e.
1396 3557 1488 3606 lae.
1521 3558 1753 3618 Gronov.)
1789 3563 1911 3609 Harl.

1561 3372 1615 3417 In
1651 3374 1752 3422 MS.
1796 3378 1915 3425 Bud.
