2164 3990
185 265 233 302 A.
251 261 305 299 U.
320 259 408 296 80³.

185 309 237 343 A.
257 305 305 342 C.
348 303 410 339 5⁰.

585 260 756 322 LIB.
787 259 924 320 XII.
999 257 1196 320 CAP.
1240 261 1335 320 10.
1373 262 1468 322 11.
1869 264 1951 323 73

102 399 257 458 deris
293 397 530 470 ignaro-s
558 411 669 449 nec
705 391 1031 448 defectione
1071 410 1105 446 a
1142 389 1366 445 familia
1400 380 1819 471 Arsacidarum
1851 415 1954 452 ve..

102 485 255 543 nire:
301 482 403 538 sed
429 489 486 538 et
504 477 695 535 filium
709 474 1012 546 Venonis,
1053 486 1327 552 nepotem
1339 470 1640 547 PhraatiS‚
1677 479 1952 537 accedere

5 558 11 574 ⁶
101 571 379 627 adversus
452 562 919 620 dominationem
978 559 1251 618 Gotarzis
1312 560 1616 618 nobilitati
1675 563 1956 640 plebique

101 648 263 711 iuxta
285 649 735 708 intolerandam.
822 643 949 704 Iam
974 647 1208 715 fratres,
1253 645 1374 721 iam
1394 647 1792 723 propinqum,
1834 649 1955 705 iam

102 739 338 813 longius
375 735 516 792 sitos
550 733 825 791 caedibus
861 727 1194 788 exhaustos:
1241 731 1418 788 adiici
1450 733 1727 807 coniuges
1760 736 1957 808 gravi-

104 826 240 893 daS‚
281 823 500 878 liberos
532 838 776 895 parvm,
815 818 960 875 dum
990 835 1186 873 socors
1213 816 1412 886 domi,
1453 818 1627 878 bellis
1662 819 1956 877 infaustus

102 907 398 984 ignaviam
421 905 661 962 saevitia
683 915 855 979 tegat.
909 900 1179 959 Veterem
1202 902 1317 958 sibi
1341 922 1406 958 ac
1427 904 1664 978 publice
1690 917 1958 980 coeptam

103 994 416 1051 nobiscum
465 990 804 1048 amicitiam:
880 999 938 1044 et
985 987 1457 1044 subveniendum
1511 989 1684 1046 sociis
1737 991 1958 1048 virium

105 1078 350 1136 aemulis
374 1076 830 1152 cedentibusque
852 1093 958 1148 per
982 1073 1407 1143 reverentiam.2
1461 1074 1593 1131 ideo
1618 1095 1825 1150 regum
1848 1078 1959 1133 ob-

107 1165 260 1221 sides
279 1163 499 1220 liberos
518 1161 650 1217 dari
671 1171 764 1229 ut,
807 1159 858 1215 si
881 1157 1186 1217 domestici
1208 1158 1445 1233 imperii
1465 1161 1691 1217 taedeat
1705 1161 1733 1232 ‚*
1765 1162 1842 1218 sit
1862 1182 1960 1218 re-

108 1267 334 1323 gressus
357 1248 433 1303 ad
453 1245 785 1321 principem
806 1255 1144 1319 patresque,
1181 1263 1436 1320 quorum
1460 1246 1726 1304 moribus
1749 1248 1961 1305 adsue-

108 1335 294 1391 factus
319 1351 421 1388 rex
447 1330 661 1387 melior
686 1329 1122 1388 adscisceretur.

275 1477 382 1539 XI.
427 1478 550 1538 Ubi
583 1476 729 1536 haec
761 1489 936 1555 atque
968 1477 1109 1534 talia
1132 1477 1549 1548 dissertavere‚
1590 1479 1802 1556 incipit
1828 1502 1962 1540 ora—

108 1567 333 1624 tionem
357 1563 570 1623 Caesar
608 1566 681 1621 de
715 1563 948 1636 fastigio
974 1561 1250 1619 Romano
1282 1559 1760 1640 Parthorumque
1793 1568 1965 1625 obse-

111 1651 293 1728 quiis:
356 1671 531 1727 seque
568 1651 707 1706 divo
747 1644 1016 1721 Augusto
1052 1648 1443 1724 adaequabat,
1495 1650 1751 1725 ,petitum
1785 1653 1860 1710 ab
1893 1673 1964 1712 ,eo

116 1755 311 1810 regem
349 1737 605 1792 reserens
651 1735 866 1791 omissa
899 1730 1134 1789 Tiberii
1173 1734 1488 1804 memoria,
1539 1755 1881 1814 quanquam
1915 1739 1968 1795 is

169 1978 438 2036 defectione.
506 1976 591 2023 Ed.
620 1977 744 2037 Spir.
766 1976 1007 2034 defectio-

109 2052 237 2081 nem.

114 2111 267 2209 Gggii'.
289 2108 535 2220 ‘ffldjgiugd'd-
544 2104 643 2220 (1υὲ
645 2103 856 2208 ιῑῒιεῖἒῑῗιξ.
866 2103 1010 2205 silicilxil:

112 2224 227 2267 tium
238 2221 448 2279 Victorii)
471 2229 514 2264 et
533 2220 652 2264 haud
673 2220 805 2265 dubie
824 2218 922 2268 alii,
954 2220 1008 2262 de

114 2281 453 2383 wara*
467 2277 630 2379 21²3ss
638 2277 905 2394 saiw
924 2277 1006 2381 ἐξ·

115 2395 339 2439 centiores
371 2394 470 2438 edd.
508 2394 723 2436 omittunt
755 2402 799 2435 et
839 2392 946 2435 inde
985 2409 1009 2436 a

113 2451 251 2511 Lipsii
271 2451 431 2510 prima.
490 2451 630 2495 Male.
688 2450 892 2507 Namque
916 2465 1011 2492 sen·

114 2510 253 2554 sentia
278 2517 364 2553 est:
394 2509 452 2552 ita
475 2507 608 2568 longe
632 2524 678 2551 se
706 2509 857 2551 abesse
881 2523 904 2549 a
927 2506 1010 2549 de-

113 2566 308 2611 fectione
337 2583 360 2610 a
385 2565 554 2610 familia
574 2564 919 2611 Arsacidarum,
959 2570 1009 2605 ut

107 2623 248 2667 'etiam
270 2622 505 2672 filiumV.,
527 2629 736 2682 nepotem
750 2621 805 2665 P.
826 2620 1011 2680 (quippe

113 2681 394 2737 Arsacidem)
426 2680 656 2725 accedant.
714 2679 1010 2737 Kiesslingius

116 2738 374 2782 varietatem
433 2737 684 2798 scripturae
743 2753 836 2781 non
906 2736 1010 2780 satis

116 2803 239 2841 recte
259 2795 503 2841 adnotavit.

173 2859 406 2910 accedere.
467 2864 544 2909 Sic
571 2863 708 2908 MSS.
729 2863 853 2908 Flor.
891 2865 1008 2920 (test.

118 2919 238 2969 Vict.
261 2940 302 2970 c.
324 2922 556 2980 1a1.)·Bud.
583 2922 830 2981 Agr.·Reg.
857 2921 1008 2966 Guelf.

118 2993 265 3038 Vatic.
299 2994 416 3050 (test.
450 2993 703 3050 Broterio),
749 2994 866 3045 edd.
886 2994 1008 3051 Spir-

117 3050 260 3109 Ryck.
281 3051 370 3097 lac.
400 3051 608 3102 Gronov.
630 3066 729 3109 sqq.
788 3051 865 3097 Sic
887 3067 1012 3102 ,acce-

119 3111 230 3152 dere
252 3110 406 3164 ripam
423 3107 682 3164 Euphratis
703 3109 837 3161 2583
859 3111 1011 3154 socie-

120 3173 270 3214 tatem
298 3167 497 3210 alicuius
530 3166 641 3210 infr.
676 3183 717 3211 c.
742 3166 815 3219 31;
857 3167 1015 3210 accedi

120 3221 247 3269 αδδ.
306 3223 422 3268 Edd.
446 3223 551 3267 Put.
569 3223 642 3274 M.
662 3233 704 3269 et
717 3223 776 3267 V.
798 3224 1010 3270 Beroald.

120 3279 222 3325 Alc.
264 3279 408 3326 Rhen.
445 3298 498 3340 sq
530 3312 546 3324 ..
591 3297 695 3324 cum
735 3281 835 3325 MS.
878 3282 1010 3325 Bodl.

122 3351 382 3389 accersere,
412 3355 504 3398 quo
559 3339 694 3386 etiam
716 3339 849 3383 estin
867 3354 1009 3397 marg.

122 3390 223 3443 MS.
246 3393 389 3442 Vatic.
417 3395 553 3445 1958..

176 3465 394 3522 plebique.
472 3466 583 3510 MS.
623 3466 734 3523 Agr.
777 3467 848 3512 ed.
888 3467 1011 3525 Spir.

118 3521 364 3578 plebeique.
453 3523 565 3566 Mox
617 3525 757 3568 iuxta
807 3525 878 3570 in>
905 3526 1012 3572 'MS-

127 3576 276 3623 Guelf.
298 3579 505 3626 scribitur
533 3582 673 3627 iusta.
906 3582 907 3585 ’

1134 1977 1504 2020 intolerandam.
1563 1975 1683 2023 Edd.
1714 1978 1746 2023 S
1779 1979 1832 2026 ir.
1862 1979 1973 2028 Put.

1076 2033 1148 2079 M.
1170 2042 1214 2077 et
1227 2033 1284 2079 V.
1305 2035 1689 2078 intonet-andam.
1773 2054 1841 2083 ac.
1857 2037 1974 2084 Gro-

1077 2092 1236 2135 novius
1269 2091 1317 2135 in
1346 2092 1451 2136 MS.
1490 2091 1615 2135 Flor.
1650 2092 1765 2138 vidit
1795 2098 1974 2141 intole-

1077 2153 1254 2192 randa.
1322 2148 1553 2198 Victorius
1583 2150 1692 2195 sinit
1716 2152 1973 2211 vulgatum,

1080 2207 1202 2278 quod
1227 2206 1360 2250 estin
1385 2208 1486 2251 edd.
1499 2207 1605 2257 Ber.
1629 2225 1731 2270 sqq.
1767 2235 1828 2246 ——
1865 2213 1971 2259 MS.

1082 2263 1238 2308 (suelf.
1259 2265 1526 2309 toleranda.

1137 2335 1292 2379 adiici.
1362 2335 1465 2379 MS.
1504 2337 1540 2380 F
1541 2337 1624 2381 lor.
1661 2338 1711 2394 (t.
1735 2338 1815 2397 V.)
1849 2344 1978 2388 adici

1079 2395 1124 2445 h'.
1141 2409 1180 2436 e.
1203 2392 1357 2445 adiici,
1379 2393 1446 2437 uti
1466 2411 1514 2437 re
1550 2396 1668 2442 osuit
1678 2395 1823 2441 Rhen.
1838 2414 1862 2442 e
1875 2401 1988 2452 MS„

1080 2450 1198 2495 Bud.
1220 2451 1296 2508 qui
1316 2451 1450 2496 etiam
1467 2451 1521 2494 ha
1557 2460 1600 2495 et
1620 2454 1760 2498 adici.
1823 2454 1978 2505 Guels.

1080 2508 1233 2552 adiici.
1265 2530 1324 2540 —
1380 2508 1465 2552 Ed.
1489 2509 1608 2567 Spir.
1641 2512 1798 2557 adicit.
1858 2514 1978 2563 Edd.

1080 2566 1183 2609 Put.
1210 2564 1279 2608 M.
1304 2573 1347 2608 et
1368 2565 1426 2609 V.
1451 2566 1661 2611 Beroald.
1687 2568 1790 2614 Alc.
1827 2574 1977 2621 abiici.
2047 2605 2061 2612 -

1081 2623 1184 2682 Bip.
1209 2621 1461 2666 coniiciunt
1492 2626 1660 2670 addici.
1718 2625 1808 2671 Sed
1837 2631 1984 2675 adiici

1084 2689 1148 2724 est
1170 2679 1298 2738 addi,
1329 2680 1568 2733 accedere,
1603 2691 1654 2726 ut
1675 2681 1823 2745 saepe.
1849 2698 1851 2700 ·
1882 2687 1979 2732 Pro

1081 2738 1198 2781 sitos
1228 2735 1330 2780 MS.
1366 2735 1520 2783 Guelf.
1560 2740 1734 2795 scitos,
1783 2752 1827 2788 et
1871 2762 1980 2796 mox

1081 2795 1331 2843 scaevitia,
1361 2796 1427 2837 uti
1450 2796 1578 2840 solet.
1793 2799 1817 2817 ⁵

1139 2865 1270 2908 bellis
1298 2864 1542 2920 infaustas.
1608 2867 1694 2915 Ed.
1725 2856 1851 2931 Spir.¹
1882 2875 1981 2919 bel-2

1082 2925 1226 2978 lisque
1266 2922 1346 2988 ¹⁰{1f-
1414 2922 1532 2968 Illud
1564 2941 1651 2982 que
1682 2927 1815 2975 habet
1846 2932 1981 2977 etiam

1081 2981 1184 3025 MS.
1205 2978 1349 3023 Vane.
1373 2979 1501 3024 1958.
1531 2999 1668 3042 supra
1701 2986 1982 3046 adscriptum

1084 3046 1127 3082 et
1150 3053 1307 3082 recens
1332 3036 1548 3083 additum.
1611 3041 1709 3086 MS.
1735 3043 1846 3102 Agr.
1879 3048 1980 3091 bel-

1082 3096 1205 3153 lique
1246 3094 1329 3151 ins.
1399 3093 1502 3142 MS.
1537 3095 1687 3143 Guelf.
1720 3101 1869 3150 bellus
1892 3107 1981 3149 ,in-

1069 3154 1282 3211 faustus.
1340 3150 1472 3196 Idem
1483 3165 1605 3201 amox'
1617 3157 1873 3207 domestica·
1892 3180 1978 3223 pro

1083 3210 1339 3254 domestici.

1142 3293 1256 3338 CAP.
1276 3295 1344 3337 11.
1397 3268 1711 3352 adaequabat.
1755 3272 1976 3364 'Em-spir.

1084 3354 1332 3408 aequabat.
1394 3353 1455 3396 cf.
1479 3353 1616 3403 2,·73.
1653 3363 1697 3398 ει
1727 3368 1870 3402 erant
1901 3365 1986 3419 qm*

1073 3410 1292 3466 formam
1318 3440 1329 3452 .
1348 3439 1359 3451 .
1377 3440 1387 3451 .
1412 3410 1580 3465 Magni
1603 3413 1878 3461 Alexandri
1888 3418 1976 3476 fa-

1085 3475 1143 3510 tas
1157 3469 1481 3522 adaequarent
1489 3485 1505 3520 ;
1537 3469 1761 3521 1260511.
1807 3474 1978 3522 Contra

1083 3526 1128 3574 2,
1148 3525 1219 3567 88.
1251 3538 1347 3580 qua
1365 3528 1520 3582 gloria
1550 3532 1782 3585 aequabat
1809 3546 1861 3577 se
1892 3534 1939 3578 T
1933 3536 1977 3577 i..

1085 3582 1238 3627 berius
1257 3586 1427 3636 prucis
1448 3585 1830 3641 imperatoribus.
