2164 3990
226 243 282 323 2.-
297 243 356 324 1¹.
371 242 457 327 ⁶33:

138 392 250 440 IUS-

674 243 849 306 LIB.
888 245 1061 325 XIII.
1132 242 1325 310 GAP.
1357 249 1460 309 26.

346 374 456 435 Ille
490 396 569 433 an
603 386 809 433 auctor
841 377 1278 443 constitutionis
1312 371 1505 446 fieret,
1548 367 1615 436 ut
1650 377 1805 435 inter
1840 402 1990 456 pau-

1876 254 1995 314 181
2021 273 2034 292 t

135 481 233 522 cos
253 474 313 520 et
333 462 653 520 sententiae
680 462 981 530 adversm,
1025 463 1379 538 quibusdam
1414 459 1989 525 coalitam‘libertate

132 547 587 606 inreverentiam
621 566 692 602 eo
714 546 1050 627 prorupisse
1074 548 1488 618 frementibuS,
1519 548 1669 605 *vine
1696 569 1773 604 an
1798 571 1984 627 aequo

132 653 267 692 cum
300 632 565 709 patronis
600 632 728 688 iure
765 643 1030 704 agerent,

1069 633 1418 690 sententiam
1448 653 1652 691 eorum
1685 636 1983 693 consulta-

129 729 264 776 rent
294 739 369 775 ac
392 717 738 784 verberibus
770 737 982 773 manus
1017 719 1176 776 ultro
1221 718 1627 788 intenderent,
1695 719 1985 795 impulere

129 804 224 860 vel
255 822 508 880 poenam
547 822 712 859 suam
747 803 1167 862 dissuadente&

181 1051 258 1094 ille
283 1063 347 1092 an
371 1054 538 1091 auctor
561 1047 904 1089 constitutionis
919 1046 1013 1100 fie-

125 1114 227 1156 ret,
264 1115 316 1149 ut
340 1107 461 1148 inter
480 1118 655 1159 paucos
681 1111 726 1145 et
756 1106 1025 1167 sententiae

122 1169 376 1215 adversos,
406 1165 675 1219 quibusdam
769 1160 1012 1216 ,fremen-

124 1225 265 1271 tibus,
293 1223 396 1264 vine
425 1234 491 1261 an
516 1233 662 1274 aequo
683 1249 693 1260 .
710 1249 722 1261 .
738 1250 750 1262 .
765 1250 775 1260 .
799 1219 1011 1259 intende-

120 1287 252 1331 rent,
303 1278 530 1330 impulere
565 1277 639 1317 vel
664 1291 712 1330 p.
750 1290 791 1318 s.
825 1277 1027 1317 dissum.

118 1341 298 1381 dente-⁹.
358 1334 436 1377 Sic
459 1332 560 1376 edd.
573 1333 674 1376 Put.
693 1332 758 1385 M.
776 1341 819 1375 et
833 1331 887 1377 V.
906 1332 1010 1376 Ber.

119 1398 180 1450 (c.
202 1393 274 1437 sil.
289 1392 430 1444 Vict.)
452 1390 555 1435 Alc.
578 1389 745 1442 Rhen.,
777 1406 879 1433 cum
911 1389 1008 1449 qui-

115 1456 200 1498 bus
223 1449 447 1496 consentit
466 1447 568 1491 MS.
582 1447 705 1491 Flor.
727 1449 844 1500 (test.
859 1447 1004 1504 Pich.)

117 1519 162 1557 et
181 1525 338 1552 omnes
358 1506 479 1557 libri,
507 1506 592 1549 nisi
615 1505 738 1563 quod
757 1506 803 1548 in
821 1505 1006 1564 singulis

52 1582 58 1589 ‘
114 1567 268 1616 verbis
297 1564 410 1610 levis
443 1564 499 1607 sit
529 1563 736 1609 varietas.
823 1562 887 1605 Ita
921 1579 1005 1620 pro

115 1640 180 1670 an
204 1625 306 1671 MS.
331 1623 440 1680 Reg.
474 1621 667 1679 praefert
697 1619 793 1662 iam
828 1629 870 1662 et
902 1636 1006 1662 mox

114 1685 235 1727 idem
257 1682 389 1724 iurus
407 1694 490 1736 pro
513 1693 628 1721 lure.
688 1676 779 1719 Pro
805 1679 879 1719 ille
903 1677 1018 1720 MS...

113 1742 224 1798 Agr.
257 1740 330 1782 dat
362 1739 452 1787 illi,
491 1735 581 1779 sic:
628 1749 899 1777 consensum
927 1749 995 1777 se-

110 1807 255 1842 natus
282 1796 375 1844 illi,
403 1809 470 1836 an
494 1801 673 1835 auctor.
744 1791 835 1834 Pro
864 1794 1002 1834 liber-

112 1863 211 1899 tate
233 1854 302 1898 ed.
325 1854 443 1911 Spir.
469 1850 602 1894 habet
622 1851 860 1901 libertate,
900 1849 1002 1893 MS.

113 1911 267 1956 Guelf.
315 1912 364 1953 in
422 1909 661 1958 libertate,

111 1977 178 2014 est
209 1967 528 2027 spernendum.
619 1965 745 2008 Idem
777 1978 997 2007 reveren-

109 2029 224 2071 tiam
246 2041 329 2085 pro
352 2024 724 2067 inreverentiam.
782 2021 872 2065 Pro
892 2035 997 2063 sen·

108 2086 305 2127 tentiam
339 2082 443 2125 MS.
469 2081 548 2123 les.
579 2080 828 2122 sententia.
903 2078 996 2121 Pro

105 2144 333 2196 impulere
370 2138 478 2182 ·MS.
523 2136 661 2181 corb.
709 2138 998 2191 impudente,

105 2199 210 2244 MS.
234 2198 346 2256 Agr.
376 2198 686 2251 impudentes.
767 2194 861 2237 Pro
879 2209 996 2249 poe-

65 2289 68 2291 —
105 2272 224 2300 nam
253 2254 355 2299 MS.
384 2254 498 2312 Agr.
530 2267 813 2307 poenarum.
902 2252 995 2295 Pro

103 2317 210 2358 vine
230 2330 294 2356 an
312 2309 699 2367 aeqquS.Bud.
719 2311 768 2351 vi
780 2323 845 2351 an
868 2324 996 2365 equo,

106 2373 274 2416 omisso
296 2386 380 2422 ne,
409 2385 434 2410 a
461 2383 549 2410 sec.
573 2383 634 2410 m.
655 2367 845 2410 adiecto.
907 2366 995 2409 Sed

104 2430 257 2473 locum
298 2444 321 2471 e
359 2434 468 2472 vett.
507 2423 730 2468 librorum
771 2424 995 2481 scriptura

105 2503 200 2531 esse
251 2500 391 2528 corru
422 2492 518 2526 tum
568 2489 611 2524 et
651 2481 818 2523 idoneo
859 2496 993 2523 sensu

103 2543 367 2588 destitutum
394 2547 661 2598 interpretes
687 2537 993 2581 consentiunt.

104 2602 258 2657 Quare
278 2615 373 2642 non
384 2598 578 2647 defuere,
601 2596 676 2653 qui
698 2595 990 2655 corrigerent.

102 2659 344 2702 Rhenanus
384 2656 506 2701 vult:
553 2654 650 2697 -Sed
682 2655 893 2695 consules
915 2653 989 2695 ..'.

97 2715 316 2773 principe.
357 2714 671 2766 Pet-scripsere
694 2740 705 2752 .
724 2741 735 2753 .
750 2743 762 2754 .
781 2717 990 2761 senatus,

71 2788 73 2791 ’
100 2776 179 2819 ille
202 2805 213 2815 .
228 2804 239 2815 .
254 2802 267 2814 .
286 2803 297 2814 .
317 2775 558 2813 adversos.
601 2768 890 2827 Quibusdam
909 2799 919 2810 .
933 2799 943 2810 .
958 2798 993 2810 ..

88 2829 429 2889 srementibus,
460 2828 508 2869 vi
532 2841 596 2869 an
622 2841 769 2883 aequo
792 2857 801 2868 .
817 2858 827 2868 .
843 2857 854 2867 .
870 2857 881 2867 .
908 2840 990 2866 eo-

100 2903 209 2931 rum
242 2885 536 2941 confutarent
567 2900 622 2926 ae
658 2916 670 2928 .
690 2915 701 2927 .
720 2914 758 2927 ..
781 2884 991 2925 intende-

100 2952 232 2995 rent,
277 2946 470 2996 implere
506 2943 583 2983 vel
609 2955 818 2996 poenam
848 2954 988 2982 suam

101 3003 438 3045 dalesuadentes.
518 2998 719 3056 Lipsius:
770 2998 986 3040 Perscri-

96 3073 234 3114 psere
259 3090 269 3100 .
294 3088 308 3100 .
329 3087 343 3100 .
375 3065 566 3100 senatus
599 3056 687 3104 illi,
726 3070 790 3098 an
822 3063 990 3097 auctor

131 3147 142 3160 .
161 3146 172 3158 .
199 3123 243 3157 et
274 3114 532 3157 sententiae
565 3115 795 3156 diversos.
879 3112 990 3155 Mox

98 3173 244 3216 idem:
285 3179 334 3213 ut
356 3172 454 3213 iam
484 3185 566 3212 nec
589 3186 738 3226 aequo
769 3186 873 3212 curn
896 3186 989 3224 pa-

101 3231 251 3273 tronis
270 3232 371 3271 iure
390 3234 597 3282 agerent.
642 3227 882 3269 Sententia
906 3243 987 3270 eo-

100 3301 203 3329 rum
226 3285 494 3332 consultari,
525 3300 587 3326 an
602 3285 858 3327 verberibus
879 3300 988 3327 ma·-

100 3357 188 3386 nus
211 3345 333 3387 ultro
353 3344 676 3392 intenderent,
706 3343 894 3397 impune
920 3344 993 3384 vel

98 3415 298 3454 poenam
329 3408 512 3444 suetam
543 3401 874 3444 dissuadentes.
950 3400 985 3443 Ι.

103 3456 180 3499 Fr.
206 3455 491 3502 Gronovius:
537 3458 737 3499 vincon
767 3472 918 3513 aequo
950 3474 984 3500 c.

100 3528 148 3568 p.
178 3514 208 3556 i.
237 3517 465 3568 agerent?
511 3515 795 3558 sententiam
824 3529 986 3558 coram

103 3570 399 3628 confutarent
412 3604 424 3624 ‚
458 3587 526 3616 an
555 3573 817 3616 verberibus
846 3587 911 3618 m.
936 3587 984 3617 u.

724 1906 848 1963 quod
905 1923 1015 1950 non-

1254 803 1400 880 quid
1433 803 1593 860 enim
1625 804 1792 861 aliud
1824 807 1982 863 laeso

1084 1047 1418 1089 intenderent?
1482 1049 1716 1110 impellere
1767 1064 1976 1104 poenam

1081 1119 1218 1148 suam
1241 1104 1581 1149 dissuadentes.
1637 1105 1720 1149 Vir
1742 1106 1900 1150 doctus
1928 1108 1976 1150 in

1083 1159 1156 1204 ed.
1195 1159 1367 1217 Gryph.
1404 1169 1457 1202 ut
1484 1176 1568 1206 nec
1601 1179 1749 1220 aequo
1785 1181 1822 1207 c.
1856 1179 1907 1219 p.
1944 1165 1975 1207 i.

1082 1226 1304 1272 agerent,
1343 1222 1428 1260 sed
1450 1220 1548 1261 iam
1571 1236 1749 1269 coram,
1763 1223 1963 1266 insulta·

1080 1282 1211 1324 rent,
1241 1291 1295 1317 ac
1323 1289 1366 1318 υ.
1389 1292 1454 1319 m.
1475 1292 1517 1319 u.
1539 1279 1851 1331 intenderent,
1880 1280 1972 1322 im-

1073 1348 1203 1387 pune
1253 1335 1329 1375 vel
1362 1348 1519 1387 poena
1561 1349 1647 1377 sua
1695 1340 1974 1391 gaudentes,

1079 1389 1279 1447 Ryckius
1302 1390 1537 1448 adoptabat
1557 1393 1825 1449 scripturam
1845 1390 1971 1438 Flor-

1079 1448 1165 1490 nisi
1201 1447 1322 1505 quod
1353 1451 1668 1492 consultarent
1696 1460 1890 1495 mutaret
1923 1452 1972 1496 in

1078 1509 1400 1548 conculcarent
1422 1505 1496 1551 vel
1519 1507 1832 1564 confutarent.
1869 1509 1970 1568 Bip.

1077 1579 1239 1606 coram
1274 1578 1394 1606 cons.
1432 1579 1487 1605 ac
1522 1578 1566 1606 υ.
1598 1582 1660 1608 m.
1689 1582 1734 1607 u.
1766 1567 1851 1609 int.
1877 1568 1970 1609 im·-

1071 1622 1230 1674 puniti
1256 1635 1300 1664 v.
1333 1637 1379 1675 p.
1411 1635 1450 1664 s-
1479 1622 1590 1666 diss.
1661 1622 1882 1668 Hillerus:
1919 1630 1971 1668 ut
2016 1655 2018 1657 ·

1074 1693 1136 1720 ne
1165 1694 1315 1735 aequo
1345 1679 1530 1734 quidem
1562 1695 1598 1721 e.
1626 1696 1677 1733 p.
1716 1681 1747 1725 i.
1771 1697 1818 1724 a.
1847 1698 1902 1725 ac
1924 1696 1966 1725 S.

1074 1751 1116 1779 e.
1165 1739 1507 1788 consultarent,
1565 1741 1650 1779 sed
1698 1740 1970 1782 verberibus

1074 1810 1139 1837 m.
1172 1810 1217 1837 u.
1249 1795 1566 1842 intenderent,
1602 1795 1803 1838 inhibere
1825 1799 1904 1838 vel
1915 1812 1966 1850 p.

1072 1865 1114 1894 s.
1142 1853 1254 1895 diss.
1323 1850 1593 1909 Rupertius:
1633 1860 1686 1894 ut
1711 1867 1835 1896 nunc
1865 1854 1967 1896 iam

1072 1923 1219 1964 aequo
1244 1925 1279 1952 c.
1297 1924 1345 1963 p.
1371 1911 1401 1950 i.
1425 1916 1648 1961 agerent,
1682 1912 1967 1964 patientiam

1066 1969 1141 2008 vel
1152 1968 1399 2019 segnitiam
1421 1980 1587 2007 eorum
1609 1968 1888 2011 insultarent
1910 1985 1968 2013 ae

1067 2039 1111 2067 v.
1146 2039 1209 2065 m.
1246 2039 1290 2067 u.
1325 2023 1642 2076 intenderent,
1687 2025 1878 2078 impune
1909 2026 1964 2080 (s.

1066 2081 1308 2136 impuniti)
1363 2081 1440 2122 vel
1485 2096 1533 2135 p.
1583 2096 1622 2124 s.
1676 2083 1961 2128 deridentes.

1067 2138 1278 2182 Moebius
1298 2138 1345 2181 in
1362 2136 1554 2181 Seebod.
1576 2138 1686 2182 bibl.
1713 2140 1808 2182 crit.
1836 2141 1962 2187 1821.

1068 2212 1139 2239 nr.
1175 2197 1217 2239 9.
1251 2213 1296 2253 p.
1332 2194 1431 2238 817.
1462 2212 1518 2238 ac
1554 2198 1815 2239 verberibus
1848 2214 1959 2242 ma»

1066 2268 1156 2296 nus
1203 2257 1330 2295 ultro
1371 2255 1615 2296 intendere
1662 2255 1935 2308 impulerint
1944 2275 1962 2310 ;

1065 2315 1144 2353 vel
1186 2326 1392 2366 poenam
1435 2325 1576 2353 suam
1620 2313 1958 2357 dissuadentes.

1062 2367 1198 2423 ,Quae
1232 2367 1381 2412 omnia
1410 2368 1736 2426 praetermissis
1768 2369 1961 2415 aliorum

1068 2426 1339 2469 coniecturis
1392 2433 1520 2469 erant
1578 2426 1845 2478 adferenda,
1906 2437 1958 2472 ut
2015 2455 2020 2459 ·

1067 2498 1386 2539 cognosceres,
1426 2498 1563 2549 quam
1591 2499 1707 2528 vana
1746 2491 1788 2527 et
1822 2484 1957 2531 inrita

1064 2539 1232 2582 fuerint
1277 2555 1536 2584 conamina.
1625 2539 1741 2583 Edd.
1784 2541 1891 2584 inde
1931 2558 1958 2587 a

1060 2596 1208 2654 Lipsio
1241 2595 1288 2638 in
1319 2596 1476 2640 ceteris
1507 2613 1614 2640 cum
1633 2606 1737 2641 vett.
1763 2614 1955 2644 consen·

1060 2656 1203 2702 fiunt,
1241 2653 1458 2696 omittunt
1490 2668 1599 2700 vero
1629 2668 1696 2696 an
1725 2664 1828 2713 post
1860 2657 1954 2702 ille.

1061 2711 1145 2755 Ed.
1189 2711 1229 2753 R
1264 2710 1334 2755 ck.
1387 2713 1480 2753 illi:
1542 2725 1607 2753 an
1654 2719 1817 2756 auctor
1863 2724 1951 2760 ete.

1062 2769 1176 2811 Edd.
1258 2767 1423 2812 berlin.
1457 2783 1554 2826 sqq.
1594 2777 1821 2814 senatus:
1871 2773 1952 2818 ille

1061 2835 1226 2869 auctor
1271 2842 1306 2869 c.
1339 2825 1382 2881 f.
1424 2833 1475 2867 ut
1507 2827 1630 2870 inter
1654 2826 1855 2880 paucos,
1909 2831 1955 2874 ei

1058 2886 1320 2928 sententiae
1343 2886 1451 2926 adv.
1471 2891 1555 2926 ete.
1612 2882 1708 2941 Ego
1728 2885 1835 2929 mihi
1854 2903 1951 2930 non

1060 2942 1227 2999 adrogo
1256 2942 1472 2996 integram
1502 2939 1591 2983 loci
1620 2940 1876 2986 difficillimi
1907 2953 1951 2988 et

1056 2999 1245 3042 fortasse
1278 2996 1481 3054 corrupti
1511 2999 1874 3056 explicationem;
1902 3001 1950 3045 id

1060 3065 1210 3100 tamen
1232 3055 1386 3106 video,
1426 3070 1660 3112 perperam
1689 3073 1796 3100 cum
1823 3073 1947 3115 prae·

1060 3114 1320 3158 cedentibus
1357 3111 1570 3178 coniungi
1604 3114 1736 3155 verba
1768 3115 1845 3157 ille
1868 3147 1878 3159 .
1897 3146 1910 3159 .
1932 3147 1945 3161 .

1045 3172 1199 3228 fieret.
1260 3170 1462 3226 Namque
1488 3177 1555 3211 uti
1587 3168 1655 3221 14,
1670 3170 1741 3214 49.
1772 3169 1820 3214 in
1847 3189 1945 3216 ver.

1057 3230 1149 3273 bis:
1180 3232 1238 3271 de
1260 3241 1480 3270 consensu
1501 3227 1722 3280 scripsere
1739 3227 1944 3276 Caesari.

1056 3286 1147 3328 Ille
1180 3289 1299 3329 inter
1325 3286 1553 3339 pudorem
1586 3292 1670 3328 etc.
1709 3284 1773 3329 sic
1809 3285 1943 3331 etiam

1057 3343 1264 3387 hocloco
1297 3357 1378 3399 per
1409 3341 1487 3383 ille
1518 3339 1602 3383 alia
1631 3341 1849 3387 sententia
1874 3346 1942 3388 in-

1057 3400 1179 3458 cipit.
1258 3398 1517 3454 Coniunge:
1562 3398 1653 3444 Ille
1684 3414 1750 3444 an
1780 3409 1943 3446 auctor

1055 3457 1395 3501 constitutionis
1407 3455 1550 3511 fieret
1575 3487 1588 3499 .
1605 3487 1618 3500 .
1640 3488 1652 3499 .
1674 3488 1687 3501 .
1715 3458 1942 3511 impulere

1055 3525 1140 3558 etc.
1166 3514 1210 3557 h.
1230 3530 1268 3556 e.
1295 3528 1434 3571 quum
1450 3512 1755 3568 dubitaretur,
1783 3516 1857 3561 ille
1884 3533 1949 3562 an

1056 3579 1215 3618 auctor
1249 3586 1295 3617 c.
1320 3570 1448 3616 fieret
1471 3603 1481 3616 .
1499 3600 1548 3618 .·,
1563 3571 1786 3631 impulere
1816 3591 1881 3620 sc.
1907 3568 1946 3621 u.
