2164 3990
116 220 121 225 ’
161 244 216 320 a:
233 239 286 320 3.-
306 236 391 317 ⁸33:

627 239 800 302 LIB.
840 239 1002 303 xlv.
1079 235 1197 300 CA
1210 238 1276 303 P.
1317 241 1376 302 7.
1443 226 1449 236 '

1767 217 1922 304 '241

73 377 380 452 utriusque
402 369 723 439 silentium,
745 389 821 426 ne
843 369 1012 427 inriti
1035 370 1460 440 dissuaderent,
1483 389 1562 427 an
1585 385 1653 428 eo
1679 371 1922 431 descen-

76 481 207 519 sum
274 459 652 525 credebant,·
702 466 801 525 ut,

886 455 1012 525 nisi*
1064 455 1508 530 praeveniretur
1573 451 1922 534 Agrippina,

73 545 442 622 pereundum
453 539 680 598 Neroni
701 550 864 599 esset.
904 551 1037 614 post
1050 540 1270 598 Seneca
1288 536 1570 598 hactenus
1590 545 1922 618 promptius

74 630 360 706 respicere
384 625 646 683 Burrum
683 645 780 694 ac,
831 625 1221 682 sciscitaretur
1247 638 1328 682 san
1364 626 1542 682 militi
1574 627 1933 702 imperanda

76 717 279 772 caedes
305 712 491 769 esset?
564 709 672 766 Ille
696 710 1100 785 praetorianos
1124 711 1235 767 toti
1247 709 1562 768 Caesarum
1585 713 1791 769 domui
1813 716 1924 770 ob-

77 801 305 858 strictos
356 814 761 871 memoresque
806 793 1148 851 Germanici
1181 792 1348 879 ‘nihil
1394 797 1671 853 adversus
1712 818 1924 872 proge-

77 886 237 940 niem
263 883 387 939 eius
412 895 577 940 atrox
607 899 853 936 ausuros
881 880 1214 955 respondit:
1261 892 1622 956 perpetraret
1640 879 1924 943 Anicetus

76 968 382 1046 promissa.
469 965 593 1041 Qui
619 962 775 1021 nihil
803 976 1105 1022 cunctatus
1128 966 1317 1040 poscit
1347 986 1635 1023 summam
1671 969 1924 1032 sceleris.

138 1160 395 1215 utriusque.
453 1156 530 1200 Sic
553 1154 655 1201 MS.
680 1154 832 1200 Guelf.
865 1154 966 1199 edd.

80 1218 184 1261 Put.
202 1217 269 1260 M.
293 1225 336 1259 et
349 1213 404 1259 V.
424 1214 526 1257 Ber.
552 1215 610 1267 (c.
635 1212 814 1256 silentio
832 1213 968 1269 Viet.)

81 1276 184 1319 Alc.
209 1273 354 1315 Rhen.
384 1288 482 1328 sqq.
540 1271 643 1315 MS.
671 1273 784 1327 Agr.
818 1271 968 1312 utrin-

82 1347 180 1389 que.
237 1328 319 1372 Ed.
350 1329 468 1387 Spir.
505 1336 766 1383 utrumque.
826 1327 970 1370 Hein-

81 1390 172 1433 sius
197 1385 390 1430 coniecit
415 1387 614 1440 utrique.
673 1383 761 1427 Sed
785 1401 876 1427 non
898 1387 972 1430 vi-

83 1447 190 1496 deo,
221 1444 327 1502 quid
352 1445 398 1486 in
425 1442 608 1498 vulgato
639 1441 887 1499 displiceat.
913 1470 973 1479 -

82 1500 234 1547 Guelf.
257 1501 410 1545 scribit
431 1499 709 1543 scilentium.

139 1601 206 1631 an
246 1601 299 1628 eo
344 1588 634 1628 descensum.
721 1583 798 1627 Sic
833 1583 972 1629 MSS.

81 1646 207 1689 Flor.
242 1645 356 1698 (test.
381 1641 500 1685 Vict.
538 1658 577 1684 c.
605 1640 820 1698 Piehena)
853 1642 971 1685 Bud.

84 1703 184 1746 edd.
218 1701 337 1758 Spir.
371 1698 557 1742 Pichen.
595 1714 690 1755 sqq.
720 1726 779 1734 —-
839 1707 883 1742 et
917 1714 971 1742 eo

83 1763 203 1803 desc.
241 1757 341 1800 edd.
373 1756 475 1799 Put.
499 1757 570 1798 M.
596 1765 639 1798 et
666 1756 720 1797 V.
741 1756 845 1800 Ber.
868 1756 972 1801 Ale.

83 1816 229 1859 Rhen.
252 1830 348 1872 sqq.
380 1839 437 1847 —
496 1821 582 1855 aut
616 1828 668 1854 eo
698 1817 817 1857 desc.
839 1814 974 1858 MSS.

83 1874 208 1917 Harl.
245 1871 485 1916 Bodl.1es.
513 1870 663 1913 Guelf.
722 1870 834 1912 Mox
869 1870 972 1914 MS.

83 1932 207 1974 Flor.
254 1931 368 1984 (test.
409 1928 544 1984 Vict.)
602 1944 705 1972 cum
744 1928 815 1972 ed.
855 1927 972 1985 Spir.

86 1987 253 2031 omittit
279 1994 331 2029 ut
351 1995 452 2029 ante
474 1987 581 2028 nisi.

137 2077 249 2126 post
280 2067 471 2112 Seneca.
531 2068 633 2113 MS.
655 2066 808 2113 Guelf.
836 2068 973 2123 prior

85 2127 279 2172 Seneca.

140 2214 420 2271 promptius.
478 2209 556 2255 Sic
569 2212 703 2257 MSS.
714 2212 837 2256 Flor.
860 2214 980 2265 (test.

87 2272 225 2329 vict.)
248 2272 363 2314 Bud.
390 2270 504 2314 ed.S
537 2270 591 2313 ir.
619 2297 678 2306 --
710 2270 981 2325 promptior

87 2331 190 2374 MS.
217 2327 368 2372 Guelf.
391 2327 492 2370 edd.
559 2334 618 2369 ut.
638 2327 708 2370 Μ.
729 2335 770 2370 et
790 2326 847 2370 V.
873 2327 978 2370 Ber.

87 2386 190 2432 Alc.
220 2386 362 2428 Rhen.
395 2399 494 2443 sqq.
551 2384 623 2427 De
657 2384 816 2428 ceteris
842 2383 980 2427 MSS.

89 2443 317 2488 silentium
342 2450 422 2485 est.

148 2527 374 2584 respicere
408 2525 623 2568 Burrum
656 2540 735 2574 ac,
773 2525 983 2568 sciscita-

92 2595 225 2630 retur
260 2599 324 2626 an
357 2590 440 2626 etc.
510 2581 595 2626 Ed.
632 2581 749 2640 Spir.
779 2585 983 2636 respice-

93 2651 166 2687 ret
190 2643 406 2685 Burrum
431 2656 486 2682 ac
512 2640 556 2681 si
575 2640 815 2683 citaretur.
875 2638 978 2685 MS.

93 2700 208 2745 Bud.
231 2700 478 2753 despiceret
487 2697 548 2739 B.
569 2712 623 2739 ac
644 2697 980 2740 sciscitaretur.

95 2758 196 2803 MS.
218 2754 365 2800 Guelf.
393 2755 491 2798 edd.
509 2754 612 2796 Put.
639 2754 708 2798 Μ.
734 2763 774 2797 et
794 2754 852 2797 V.
877 2754 980 2798 Ber.

98 2817 219 2872 (cum
241 2813 418 2856 silentio
445 2811 584 2866 Viet.)
613 2810 710 2854 Alc.
738 2811 879 2854 Rhen.
905 2827 983 2854 re·-

97 2874 269 2926 spicere
302 2871 514 2912 Burrum
553 2884 606 2910 ac
640 2870 683 2910 si
719 2870 984 2912 scitaretur.

101 2931 160 2974 lta
185 2929 316 2984 vulgo
339 2927 384 2968 in
406 2925 544 2968 MSS.
570 2925 653 2982 legi
675 2927 985 2968 testaturBro-

100 2986 250 3030 terius.
330 2983 429 3026 MS.
468 2982 582 3040 Agr.
634 2991 677 3024 et
726 2983 830 3026 inde
885 2984 985 3027 edd.

100 3041 242 3102 Ryck.
264 3041 440 3083 Ernest.
467 3055 561 3096 sqq.
592 3041 820 3094 respicere
854 3042 987 3084 Bur-

101 3116 207 3144 rum
259 3113 315 3140 ac
365 3097 620 3147 sciscitari,
681 3098 802 3154 quod
853 3099 986 3142 etiarn

101 3154 431 3200 Freinshemius
455 3153 649 3197 volebat.
707 3155 763 3196 Et
791 3156 985 3211 primum

104 3213 284 3272 quidem
328 3213 567 3264 respiceret
619 3213 685 3254 vel
737 3214 989 3266 despiceret

102 3270 279 3314 tolerari
320 3268 489 3324 nequit.
582 3266 698 3321 Quis
744 3268 862 3312 enim
906 3269 989 3313 sibi

103 3324 382 3386 persuadebit
399 3324 610 3368 Senecam
628 3325 797 3368 Neroni
820 3326 991 3375 dixisse,

106 3384 344 3437 respiceret
378 3381 446 3424 vel
490 3384 738 3436 despiceret
768 3384 991 3433 Burrum.

111 3440 255 3482 Immo
301 3439 490 3487 Seneca,
559 3440 667 3481 dum
722 3455 991 3497 responsum

112 3496 208 3545 dat,
236 3495 637 3551 respicitBurrum.
697 3496 834 3539 Nihili
859 3498 991 3540 etiam

111 3560 176 3596 est
204 3566 260 3593 ac
285 3552 328 3594 si
355 3554 626 3604 scitaretur,
660 3569 747 3598 nec
777 3552 990 3598 dubitan-

192 3617 435 3671 TAcrrus
474 3617 541 3670 II.

1039 1155 1146 1198 dum
1163 1189 1175 1207 ,
1215 1161 1332 1199 hanc
1364 1156 1631 1216 scripturam
1654 1169 1854 1206 exortam
1877 1178 1929 1206 ex

1039 1229 1095 1256 ac
1136 1215 1466 1259 sciscitaretur.
1548 1215 1661 1259 Nam
1703 1220 1927 1262 constanti

1040 1286 1121 1313 usu
1149 1270 1312 1313 Noster
1350 1272 1503 1315 scribit
1539 1274 1790 1326 sciscitari,
1835 1292 1932 1325 non

1040 1328 1219 1370 scitari.
1282 1326 1340 1370 cf.
1374 1328 1485 1371 Hist.
1525 1333 1561 1380 1,
1589 1331 1659 1375 84.
1696 1334 1739 1382 2,
1760 1332 1832 1379 33.
1859 1333 1931 1379 34.

1041 1386 1082 1437 3,
1105 1385 1178 1428 38.
1207 1386 1249 1427 εἰ
1275 1385 1393 1429 alibi.
1455 1387 1623 1430 Verum
1658 1400 1806 1434 autem
1837 1408 1932 1435 esse

1043 1444 1382 1492 sciscitaretur,
1419 1460 1503 1488 nec
1538 1448 1784 1499 sciscitari,
1827 1465 1929 1492 cre-

1045 1501 1201 1543 damus
1223 1507 1329 1543 vett.
1353 1501 1499 1553 libris,
1537 1502 1585 1544 in
1608 1519 1720 1560 quos
1740 1505 1931 1549 fortuito

1045 1558 1389 1602 coniunctivum
1423 1558 1673 1617 imperfecti
1711 1578 1793 1619 pro
1833 1563 1932 1606 infi-

1044 1615 1189 1659 nitivo
1210 1615 1446 1672 inrepsisse
1481 1617 1652 1660 nemini
1718 1621 1932 1664 ersuade-

1043 1671 1177 1714 bitur.
1242 1671 1366 1726 Quid
1392 1674 1563 1717 multa?
1610 1635 1776 1720 Eadem
1803 1676 1935 1736 plane

1043 1738 1108 1772 est
1128 1728 1259 1772 huius
1283 1729 1371 1772 loci
1391 1731 1533 1779 ratio,
1560 1747 1694 1789 quam
1719 1751 1820 1778 mox
1845 1735 1936 1778 ite-

1044 1803 1146 1830 rum
1170 1786 1348 1829 habebis
1369 1789 1415 1830 in
1438 1788 1583 1831 verbis
1615 1806 1655 1832 c.
1679 1790 1721 1834 8.
1753 1795 1936 1848 respicit

1046 1847 1290 1887 Anicetum
1315 1875 1327 1886 .
1344 1877 1355 1887 .
1372 1876 1383 1887 .
1411 1861 1490 1894 ac,
1532 1847 1577 1889 si
1604 1851 1668 1888 ad
1691 1851 1934 1892 visendum

1045 1902 1248 1943 venisset
1271 1933 1283 1952 ,
1385 1903 1593 1959 refotam
1667 1908 1933 1951 nuntiaret.

1043 1959 1269 2001 Nimirum
1289 1958 1505 2002 omissum
1524 1968 1601 2011 est,
1617 1968 1666 2003 ut
1682 1979 1752 2006 sae
1786 1981 1821 2016 e,
1836 1981 1938 2010 ver-

1043 2017 1155 2059 bum
1189 2016 1339 2070 dixit,
1376 2018 1471 2066 ait,
1514 2020 1661 2073 inquit
1695 1981 1781 2063 vei,
1794 2022 1938 2066 simile

1077 2073 1176 2123 uid,
1229 2073 1348 2115 unde
1381 2075 1569 2131 pendeat
1605 2077 1934 2127 sciscitaretur.

1046 2090 1202 2187 Quare
1229 2129 1456 2189 intellige:
1491 2135 1673 2178 Seneca
1694 2165 1706 2178 .
1724 2168 1758 2180 ..
1784 2139 1935 2191 respi-

1047 2202 1149 2231 cere
1192 2188 1432 2237 Burrum,
1485 2205 1564 2238 ac,
1612 2193 1941 2244 sciscitaretur,

1047 2245 1220 2303 inquit,
1261 2261 1325 2287 an
1360 2247 1505 2289 militi
1532 2256 1614 2291 etc.
1683 2250 1755 2292 Ad
1788 2251 1940 2294 Nero-

1047 2319 1152 2346 nem
1174 2301 1283 2346 haec
1301 2303 1537 2353 dicuntur,
1566 2305 1849 2366 Burrumque
1863 2309 1940 2352 Se-

1050 2376 1159 2404 neca
1196 2361 1403 2417 respicit,
1450 2362 1554 2418 quia
1586 2378 1633 2404 ex
1666 2363 1755 2408 hoc
1788 2366 1939 2409 scisci-

1052 2418 1237 2460 tandum
1277 2425 1384 2460 erat.
1457 2421 1552 2461 lam
1588 2421 1723 2463 etiam
1759 2431 1941 2480 apparet

1052 2476 1216 2516 rectius
1236 2474 1319 2530 legi
1336 2477 1597 2530 promptius
1618 2492 1753 2534 quam
1770 2494 1937 2534 prom-

1047 2532 1197 2586 ptior,
1223 2546 1475 2596 quanquam
1500 2533 1607 2576 haec
1629 2535 1820 2580 varietas
1841 2553 1939 2582 non

1053 2597 1117 2631 est
1138 2603 1289 2645 magni
1311 2591 1548 2634 momenti.

1106 2660 1281 2699 caedes.
1338 2657 1439 2700 MS.
1471 2658 1580 2717 Agr.
1619 2676 1730 2705 nex.
1791 2661 1942 2709 Guelf.

1049 2728 1115 2757 an
1148 2714 1293 2755 militi
1323 2718 1628 2771 imperandae
1667 2723 1830 2765 caedes
1867 2737 1938 2766 es·-

1050 2778 1168 2814 sent.
1353 2796 1355 2799 s

1111 2855 1446 2898 memoresque.
1518 2842 1595 2888 Sic
1636 2845 1770 2891 MSS.
1811 2850 1937 2895 Flor.

1056 2898 1305 2952 (test.Vict.
1333 2899 1471 2942 c.1ac.
1487 2899 1648 2958 Gron.)
1671 2904 1939 2951 Bud.Corb.

1057 2956 1167 3011 Reg.
1204 2955 1306 2998 edd.
1336 2956 1455 3011 Spir.
1492 2959 1580 3002 lac.
1611 2959 1816 3008 Gronov.
1851 2964 1936 3006 Er-

1056 3021 1167 3113 {¹135
1171 3103 1180 3112 .
1199 3022 1497 3114 itast?
1508 3021 1941 3124 GTS'JJZSssf‘ffi:
1963 3079 1967 3091 ·

1059 3129 1124 3170 M.
1154 3135 1194 3169 et
1215 3126 1271 3169 V.
1301 3127 1504 3171 Beroald.
1530 3129 1631 3174 Ale.
1654 3131 1794 3177 Rhen.
1816 3151 1918 3194 sqq.

1115 3207 1367 3243 cunctatus.
1426 3200 1509 3243 Ed.
1539 3201 1656 3258 Spir.
1694 3213 1945 3251 conctaeus.

1059 3256 1171 3299 Edd.
1207 3257 1322 3314 Lips.
1359 3255 1540 3301 Gruter.
1586 3269 1825 3318 conlatus,
1878 3265 1944 3307 uti

1061 3312 1220 3378 solent.
1273 3316 1432 3368 poscit.
1490 3314 1564 3358 Sc.
1604 3326 1655 3360 ut
1700 3319 1783 3363 sibi
1823 3337 1947 3365 com-

1062 3378 1326 3414 mitteretur.

1118 3453 1355 3482 summam
1387 3442 1586 3486 sceleris.
1651 3443 1727 3489 Sic
1758 3446 1868 3491 Hist.
1904 3450 1947 3491 4,

1062 3496 1132 3538 68.
1166 3511 1404 3541 summam
1436 3501 1548 3543 belli
1564 3515 1739 3556 parum
1769 3508 1948 3549 tolera-

1065 3561 1185 3598 rent·
1441 3615 1498 3691 Q
