2164 3990
190 210 307 292 16ss

860 212 1366 296 ANNALIUM

1726 231 1956 275 A·.U.809'.

1726 281 1779 316 A.
1802 279 1849 318 C.
1877 282 1956 317 ¹56·

190 362 467 422 Tradunt
514 364 783 442 plerique
833 386 1039 422 eorum
1083 378 1419 443 temporum
1467 367 1776 443 scriptores
1821 361 2040 425 crebris

189 459 324 505 ante
347 449 588 506 exitium
615 451 823 508 diebus
848 451 1112 511 inlusum
1133 452 1244 516 isse
1268 453 1554 528 pueritiae
1577 451 1910 526 Britannici
1921 453 2049 515 Ne-.

187 553 395 590 ronem
413 580 430 604 ,
470 546 540 593 ut
563 536 682 592 iam
707 556 832 593 non
856 547 1228 610 praematura
1253 557 1443 614 neque
1474 559 1644 594 saeva
1670 558 1831 597 mor-s
1851 540 2044 613 videri

188 630 396 695 queat,
438 622 705 697 quamvis
740 622 895 676 inter
932 613 1092 678 sacra
1126 642 1359 692 mensae
1395 644 1469 679 ne
1503 635 1766 698 tempore
1803 624 2041 700 quidem

189 706 266 762 ad
292 707 661 780 complexum
685 706 875 762 sorori
903 707 1038 764 dato
1066 718 1200 763 ante
1234 709 1435 766 oculos
1468 709 1699 765 inimici
1725 721 2043 786 properata

191 789 268 847 sit
308 792 373 846 in
417 791 589 848 illum
635 810 977 866 supremum
1012 789 1402 849 Claudiorum
1446 795 1792 867 sanguinem
1839 806 2042 869 stupro

191 875 356 950 prius
385 896 562 952 quam
586 896 816 932 veneno
850 877 1163 951 pollutum.
1249 875 1709 935 Festinationem
1743 882 2044 956 exsequia-

191 980 327 1017 rum
363 962 551 1038 edicto
589 957 804 1017 Caesar
841 962 1132 1032 defendit,
1186 962 1250 1018 id
1287 983 1319 1018 a
1349 964 1674 1020 maioribus
1710 966 2044 1023 institutum

191 1047 451 1103 referens
480 1042 824 1103 subtrahere
852 1048 1038 1104 oculis
1061 1049 1270 1104 acerba
1294 1049 1503 1109 funera
1528 1069 1718 1126 neque
1750 1050 2047 1107 laudatio-

191 1131 371 1188 nibus
400 1142 500 1191 aut
520 1151 740 1210 pompa
775 1132 1057 1192 detinere.
1144 1144 1401 1190 ceterum
1441 1145 1496 1190 et
1530 1134 1645 1191 sibi
1678 1133 2048 1192 amissoxfra-

189 1320 371 1367 Ernest.
391 1338 488 1381 sqq.
518 1343 601 1360 -›
627 1324 918 1368 extimantes
947 1324 1084 1369 MSS.

189 1379 312 1424 Flor.
345 1381 457 1435 (test.
478 1380 624 1431 Pieh.)
646 1381 792 1425 Vatic.
821 1382 943 1426 1863.
970 1383 1085 1441 Agr.

171 1438 280 1499 x(pr.
312 1441 397 1509 ηυξ
438 1439 519 1481 les.
567 1437 671 1482 edd.
716 1440 831 1498 Spir.
875 1449 918 1483 et
961 1441 1084 1483 Pieh.

175 1494 319 1548 ¹(non
362 1495 543 1548 (melfi,
596 1496 661 1539 uti
700 1497 811 1541 Ern.
855 1498 1084 1551 tradidit).

187 1550 421 1596 Victorius
463 1551 683 1612 sapienter
722 1555 941 1599 intactum
976 1555 1087 1598 reli-

188 1610 286 1668 quit
325 1612 636 1654 aestimantes
669 1611 715 1655 in
750 1613 819 1655 ed.
852 1612 1087 1665 Beroaldi3

189 1682 296 1710 nam
349 1671 636 1712 extimantes
686 1670 864 1715 diversa
911 1678 1084 1713 tantum

189 1723 411 1787 scriptura
435 1735 500 1769 est
525 1742 606 1785 pro
641 1730 958 1771 aestimantes.
1021 1727 1083 1771 cf.

191 1791 289 1828 not.
331 1784 387 1828 ad
428 1783 544 1827 Hist.
589 1789 626 1836 1,
661 1786 715 1827 14
749 1794 793 1828 et
824 1785 894 1831 16.
935 1787 977 1834 2,
1014 1784 1086 1828 23.

189 1840 234 1892 4,
263 1839 319 1884 73
361 1849 404 1884 et
443 1843 517 1884 81.
560 1850 604 1884 et
642 1843 761 1886 alibi.

181 1897 414 1956 'scriptura
439 1899 590 1944 multis
613 1899 762 1943 fraudi
784 1899 896 1950 fuit,
929 1910 980 1943 ut
1005 1901 1087 1942 exi-

186 1955 422 1999 stimarent
453 1958 740 2000 scribendum
783 1974 876 2002 esse
916 1958 1088 2003 existi-

191 2021 404 2062 mantes,
434 2014 496 2056 uti
521 2023 586 2058 est
606 2016 655 2057 in
677 2014 816 2058 MSS.
843 2015 952 2060 ssud.
972 2014 1085 2073 Reg.

125 2096 130 2109 .
191 2069 293 2116 edd.
318 2070 518 2115 Rhenan.
538 2088 638 2130 sqq.
662 2074 853 2130 (praeter
874 2072 1084 2127 Pichen.)

191 2144 335 2186 usque
395 2129 470 2173 ad.
504 2129 777 2172 Ernestium.
874 2129 1085 2173 Ceterum

190 2187 447 2229 aestimare
478 2197 542 2230 est
576 2189 823 2236 schamen,
854 2193 1090 2241 erwc’igcn,

191 2242 497 2301 perpendere,
535 2253 767 2303 reputare3
807 2246 1091 2288 existimare

192 2310 258 2345 est
294 2316 572 2358 consequens
602 2303 947 2354 aestimationis,
997 2303 1091 2360 opi-

191 2357 316 2408 nari,
347 2359 580 2412 arbitrari,
611 2361 879 2404 sententiam
904 2377 943 2404 s.
967 2359 1088 2403 iudi-

188 2417 312 2460 cium
338 2416 474 2461 ferre.

249 2476 460 2517 inlusum
499 2476 605 2519 isse.
675 2474 740 2518 Ex
775 2473 1093 2519 emendatione

192 2531 346 2591 Lipsii,
372 2548 507 2593 quam
532 2532 741 2591 deinceps
763 2535 816 2577 ab
836 2535 867 2577 Ι.
882 2533 957 2575 Fr.
975 2531 1093 2575 Gro-

193 2591 337 2635 novio
356 2605 512 2633 omnes
533 2607 756 2649 recepere.
817 2590 1090 2637 MSSAElor.

194 2648 314 2695 Bud.
349 2647 458 2705 Reg.
495 2650 600 2707 Agr.
635 2647 785 2691 Guelf.
826 2659 867 2691 et
906 2649 980 2706 qui
1022 2648 1091 2689 in·

193 2705 336 2765 specii
354 2713 459 2749 sunt
473 2706 679 2749 Bromi-io
693 2739 704 2756 ,
736 2707 834 2750 edd.
850 2705 971 2764 Spir.
986 2705 1092 2748 Put.

196 2765 265 2808 M.
298 2772 338 2806 et
370 2761 427 2806 V.
462 2764 564 2806 Ber.
601 2764 703 2807 Alc.
745 2767 935 2807 illusum
972 2777 1089 2818 esse,

195 2820 318 2880 quod
342 2819 583 2864 Rhenanus
617 2831 871 2867 correxerat
905 2820 953 2863 in
984 2822 1091 2863 illu-

194 2880 324 2923 sisse.
413 2878 502 2921 Sed
546 2880 698 2937 potior
736 2878 873 2937 Lipsii
916 2878 982 2923 via
1034 2878 1092 2920 ob

197 2938 333 2980 verba
352 2935 683 2994 praecedentia:
705 2940 873 2980 crebris
894 2937 1063 2980 diebus.

254 3009 414 3037 saeva.
469 2994 734 3037 MS.Guelf.
759 3009 946 3044 scaeva,
970 2990 1093 3049 quod

197 3051 355 3095 eximie
377 3049 522 3109 placet
542 3050 878 3101 Strom‘beckio,
920 3051 994 3107 qui
1023 3056 1091 3091 ta·-

199 3125 307 3152 men
348 3107 512 3152 fatetur
553 3109 727 3166 saepius
769 3109 815 3152 in
859 3108 934 3150 illo
975 3108 1091 3150 libro

199 3166 286 3223 legi
310 3181 356 3209 sc
381 3182 463 3224 pro
485 3181 524 3212 s.
587 3166 719 3209 Addo
751 3179 940 3215 saevus,
979 3179 1092 3206 sae-

198 3226 297 3264 vire
321 3223 414 3266 fere
437 3240 613 3282 semper
638 3224 694 3268 ibi
721 3223 859 3268 scribi
889 3236 1093 3271 scaevus,

196 3281 421 3325 scaevire.
480 3282 566 3324 Hic
587 3282 723 3326 ceteri
746 3280 849 3323 libri
872 3288 1091 3338 quantum

199 3345 374 3383 constat
391 3354 544 3383 omnes
562 3339 851 3382 consentiunt
870 3338 918 3380 in
934 3351 1093 3389 saeva,

199 3402 244 3438 et
265 3408 461 3436 saevum
488 3396 648 3440 dicitur
672 3396 716 3439 id
739 3396 931 3446 malum,
970 3393 1091 3452 quod

198 3451 388 3499 modum
413 3454 597 3496 excedit.
643 3454 700 3497 cf.
728 3456 766 3502 1,
791 3453 862 3497 35.
926 3451 1092 3495 Similis

199 3508 450 3567 scripturae
476 3509 662 3553 varietas
688 3519 752 3553 est
778 3510 890 3554 Hist.
907 3510 950 3561 2,
975 3509 1044 3552 88.

256 3569 425 3615 sorori.
486 3565 559 3611 Sc.
590 3567 826 3618 Octaviae,
857 3568 911 3610 de
933 3583 1019 3627 qua
1044 3574 1093 3612 ut

832 1843 895 1886 Ea
935 1852 1087 1887 tamen
1103 1851 1107 1855 “

1157 1341 1366 1383 germana
1409 1341 1532 1369 nunc
1576 1325 1860 1384 Potissimum
1899 1342 2049 1370 sermo

1157 1393 1238 1427 est.
1307 1383 1408 1426 MS.
1440 1384 1550 1441 Reg.
1586 1393 1628 1426 et
1663 1384 1730 1427 ed.
1762 1384 1880 1442 Spir.
1916 1399 2048 1427 soro-

1155 1457 1280 1484 rum.
1339 1441 1449 1484 Mox
1471 1442 1624 1485 eadem
1647 1441 1717 1483 ed.
1735 1442 1852 1500 Spir.
1877 1442 2048 1499 pergit:

1154 1499 1481 1542 Festinatione
1536 1499 1844 1556 exequiarum
1899 1501 2050 1542 edicta

1160 1556 1338 1598 Caesar
1368 1558 1605 1599 descendit
1641 1559 1688 1600 id
1722 1573 1752 1598 a
1792 1557 2052 1599 maioribus

1159 1613 1383 1656 instutum
1407 1607 1626 1668 reseren‘s.
1685 1612 1788 1661 MS.
1813 1613 1963 1656 Guelf.
1992 1629 2052 1656 ne

1157 1673 1341 1728 quidem
1392 1679 1599 1726 tempore
1644 1674 1709 1714 ad
1752 1674 2052 1727 complexum

1158 1744 1198 1772 s.
1228 1732 1275 1771 d.

1212 1788 1465 1841 pollutum.
1545 1785 1647 1831 MS.
1689 1784 1841 1830 Guelf.
1886 1801 2051 1830 eorru-

1154 1853 1304 1900 ptum.

1216 1903 1266 1944 id
1305 1918 1337 1944 a
1377 1900 1659 1944 maioribus.
1723 1900 1784 1944 Id
1811 1908 1922 1947 vett.
1954 1900 2052 1944 libri

1159 1975 1315 2003 omnes
1349 1958 1529 2002 habent.
1602 1958 1830 2002 Ernestius
1861 1958 2056 2011 delevit;

1192 2018 1289 2060 lane
1317 2015 1435 2058 enim
1462 2033 1553 2058 non
1584 2016 1723 2058 modo
1753 2017 1939 2074 frigere,
1976 2017 2054 2059 sed

1157 2034 1329 2132 fegibus
1355 2073 1534 2116 dicendi
1557 2073 1688 2116 etiam
1711 2089 1958 2132 repugnare
1979 2073 2054 2115 di-

1159 2132 1235 2175 cit.
1295 2131 1359 2175 At
1392 2131 1538 2173 solent
1570 2130 1628 2174 ita
1664 2131 1860 2174 scribere
1893 2130 2052 2188 optimi

1160 2198 1383 2233 auctores.
1456 2187 1517 2230 cf.
1550 2189 1725 2232 Sallust.
1765 2187 1861 2231 Cat.
1906 2204 1945 2231 c.
1987 2190 2054 2236 12,

1155 2247 1356 2303 perinde
1390 2246 1529 2302 quasi
1556 2245 1784 2288 iniuriam
1811 2246 1977 2300 fucere
2006 2247 2056 2288 id

1159 2309 1350 2354 demum
1385 2310 1503 2345 esset
1531 2305 1726 2358 imperio
1752 2306 1832 2347 uti.
1893 2302 2057 2347 Noster

1161 2361 1274 2405 Hist.
1295 2361 1337 2410 4,
1363 2361 1434 2404 33.
1465 2359 1524 2401 Id
1555 2363 1713 2402 solam
1747 2390 1759 2404 .
1790 2390 1804 2404 .
1833 2392 1844 2402 .
1875 2363 2057 2403 monuit

1161 2420 1447 2474 subsignano
1477 2418 1624 2459 milite
1658 2418 1815 2460 media
1834 2418 2058 2474 firmare.

1165 2476 1322 2520 Germ.
1350 2492 1388 2526 c.
1406 2477 1474 2518 10.
1502 2483 1544 2516 et
1567 2476 1680 2517 illud
1702 2475 1890 2531 quidem
1911 2477 2057 2518 etiam

1161 2538 1233 2578 hic
1260 2541 1421 2575 notum
1449 2536 1605 2574 avium
1629 2547 1760 2587 vaces
1785 2535 2059 2589 volatusque

1161 2595 1472 2644 interrogare.
1552 2592 1672 2634 Ann.
1710 2590 1776 2640 15,
1811 2590 1891 2633 35x-
1923 2591 2055 2633 codd.

1164 2650 1371 2708 quidamz
1413 2649 1527 2689 iussi
1547 2649 1595 2688 id
1622 2654 1910 2690 accusatores
1942 2649 2054 2689 obii-

1163 2721 1264 2749 cere
1281 2738 1292 2760 ,
1326 2707 1573 2758 prodigum
1601 2735 1612 2746 .
1635 2734 1646 2746 .
1671 2736 1681 2746 .
1704 2718 1817 2756 esse,
1879 2703 2056 2748 Etenim

1162 2762 1349 2806 voculae
1390 2762 1488 2803 illae
1529 2764 1597 2810 id,
1648 2762 1791 2810 illud.
1842 2763 1925 2804 hoc
1960 2761 2058 2803 eam

1163 2821 1327 2864 habent
1353 2819 1470 2869 vim,
1501 2827 1548 2860 ut
1570 2817 1834 2862 sententiam
1861 2834 2055 2877 sequen-

1162 2887 1253 2922 tem
1291 2875 1427 2933 magis
1463 2875 1706 2921 exhibeant.
1775 2875 1835 2919 cf.
1873 2886 1970 2923 not.
2002 2876 2056 2919 ad

1164 2936 1233 2983 15,
1262 2932 1332 2976 35.
1395 2931 1538 2975 Video
1572 2941 1615 2976 et
1643 2934 1914 2992 Kiesslingio
1946 2933 2056 2978 illud

1164 2993 1214 3035 id
1236 2999 1509 3034 revocatum.

1221 3055 1307 3092 aut
1335 3064 1523 3102 pompa.
1582 3047 1701 3090 Haec
1732 3047 1870 3093 verba
1899 3048 2059 3091 absunt

1163 3107 1218 3151 ab
1244 3106 1312 3148 ed.
1341 3105 1457 3163 Spir.
1526 3105 1694 3147 Eadem
1728 3121 1812 3162 pro
1847 3107 2058 3147 detinere

1163 3163 1295 3207 habet
1331 3164 1549 3205 retinere.
1621 3161 1722 3205 MS.
1754 3162 1869 3206 Bud.
1910 3176 2058 3217 neque

1162 3224 1291 3263 laud.
1315 3229 1398 3262 aut
1416 3234 1647 3275 pompa-m
1672 3220 1881 3262 detinere
1899 3233 2057 3273 preces

1163 3279 1410 3333 effundere.
1500 3277 1598 3320 MS.
1646 3276 1797 3327 Guelf,
1837 3290 2058 3331 praeceps

1163 3336 1413 3390 effundere.
1473 3335 1560 3378 Alii
1586 3333 1688 3378 libri
1710 3334 1752 3375 id
1776 3333 2057 3377 additamen-

1163 3402 1258 3437 tum
1284 3409 1375 3457 uoq
1398 3399 1672 3449 agnoscunt,
1712 3391 1834 3448 quod
1856 3389 2057 3435 fortassis

1163 3466 1187 3494 e
1211 3450 1472 3506 glossemate
1498 3450 1698 3506 inrepsit.

1221 3515 1265 3551 et
1307 3506 1407 3551 sibi.
1477 3505 1560 3549 Ed.
1597 3504 1714 3562 Spir.
1758 3505 1884 3547 exili.
1954 3502 2055 3547 MS.

1165 3564 1282 3611 Bud.
1317 3573 1411 3609 test.
1435 3564 1577 3607 Rben.
1611 3571 1710 3607 ante
1731 3569 1873 3612 *tanto
1894 3561 2057 3610 omittit
