2164 3990
219 212 341 258 AJJ.
358 213 440 248 818.
467 208 472 212 '

218 256 332 294 ΑΛΒ.
378 256 443 292 65:

634 212 804 274 LIB.
841 213 973 274 XV.
1053 210 1244 276 CAP.
1273 214 1371 275 39.
1398 212 1500 274 40.

1869 207 1993 275 373

131 353 205 408 tis
258 347 424 406 urbis
478 342 655 399 inisse
707 362 840 398 eum
899 343 1279 399 domesticam
1324 362 1558 399 scenam
1603 356 1658 400 et
1712 344 1987 401 cecinisse

130 434 461 492 Troianum
508 427 799 485 excidium
840 428 1169 501 praesentia
1215 428 1371 484 mala
1421 427 1664 515 vetustis
1717 429 1984 486 cladibus

129 517 597 576 adsimulantem.

291 626 419 686 XL.
490 612 664 682 Sexto
701 623 940 680 demum
979 624 1074 679 die
1113 625 1271 700 apud
1318 624 1464 681 imas
1501 620 1799 702 Esquilias
1847 627 1982 682 finis

123 713 399 771 incendio
423 711 608 767 factus
627 708 887 783 prorutis
909 729 1014 783 per
1035 708 1387 765 immensum
1415 709 1710 778 aedificiiS‚
1748 721 1815 767 nt
1837 731 1980 767 con-

122 787 323 858 tinuae
354 794 671 852 violentiae
712 813 949 868 campus
974 806 1029 851 et
1052 794 1213 851 velut
1237 815 1482 851 vacuum
1513 795 1738 852 coelum
1772 815 1980 858 occur-

121 895 288 942 reret.

369 880 491 937 Nec
523 879 626 936 diu
664 889 797 954 post
822 890 1010 935 metus
1032 874 1192 935 haud
1216 879 1446 935 redibat
1469 880 1614 936 levis
1651 891 1707 937 et
1745 900 1979 937 rursum

122 970 409 1042 grassatus
448 965 598 1038 ignis
630 963 846 1039 patulis
884 964 1066 1036 magis
1100 965 1265 1027 urbis
1303 964 1478 1033 locis,
1535 986 1719 1042 coque
1763 977 1978 1039 strages

121 1227 180 1280 (e.
203 1223 347 1268 silent.
372 1221 514 1276 Viet'.)
536 1219 640 1264 Alc.
665 1218 809 1262 Rhen.
830 1234 929 1276 sqq.
953 1242 1008 1252 -—

115 1286 418 1338 persuaserat
465 1279 651 1320 rumori
691 1276 762 1320 ed.
796 1275 913 1334 spir.
952 1305 1009 1312 -

114 1345 392 1396 pervaserat
414 1349 607 1378 rumore
628 1331 763 1376 MSS.
784 1331 907 1375 Harl.
925 1333 1006 1376 les.

119 1395 269 1441 Guelf.
330 1394 599 1436 varietatem
622 1389 795 1449 peperit
820 1390 1014 1433 verbum.

110 1458 438 1509 persuaserat,
470 1449 592 1508 quod
617 1448 819 1492 dativum
854 1463 1006 1504 posce-

114 1515 212 1556 bat:
260 1509 335 1567 qui
383 1521 489 1550 cum
540 1505 681 1550 verbo
729 1513 1007 1559 pervaserat

114 1567 238 1626 iungi
277 1564 512 1623 nequiret,
561 1562 829 1605 emendandi
873 1578 1004 1605 eausa

114 1626 285 1675 factum
314 1630 378 1666 est
407 1635 611 1664 rumore.
671 1619 827 1662 Potest
853 1626 1006 1662 tamen

116 1682 230 1726 dici:
287 1679 507 1735 pervadit
564 1677 743 1733 aliquid
791 1690 1003 1719 rumore.

112 1738 346 1784 Ernestius
374 1735 590 1782 coniecit:
631 1748 794 1776 rumor
822 1734 871 1775 in
908 1735 1005 1787 ipso

114 1807 335 1851 tempore.

168 1881 325 1926 inisse.
398 1877 482 1921 Ed.
518 1875 639 1933 Spir.
678 1876 858 1919 iniisse.
919 1875 998 1918 Ea-

113 1942 216 1984 dem
237 1953 341 1981 mox
366 1934 534 1980 omittit
558 1934 807 1977 excidium.
889 1933 999 1976 Mox

112 1996 454 2041 assimilantem
476 1990 579 2034 MS.
606 1990 757 2034 Guelf.
826 1989 885 2035 cf.
905 1998 999 2034 not.

111 2055 166 2099 ad
190 2057 228 2105 1,
248 2053 318 2097 28.

167 2137 280 2182 CAP.
312 2137 384 2178 40.
449 2132 693 2189 Esquilias.
762 2131 846 2175 Ed.
880 2132 997 2190 Spir.

110 2203 154 2241 et
184 2193 286 2239 MS.
316 2191 469 2236 Guelf.
505 2191 750 2246 exquilias.
811 2190 869 2233 cs.
905 2199 998 2234 not.

109 2255 166 2298 ad
186 2253 228 2303 2,
250 2250 322 2296 32.

162 2335 382 2393 prorutis.
441 2333 504 2376 Ita
535 2348 583 2375 ex
617 2329 933 2373 emendatione
960 2329 996 2372 Ι.

109 2398 184 2440 Fr.
198 2391 420 2438 Gronovii
445 2390 543 2433 edd.
559 2389 684 2431 Brot.
701 2387 875 2430 Ernest.
900 2401 995 2443 sqq.

110 2453 213 2511 quia
229 2449 496 2504 promptis,
527 2445 650 2505 quod
671 2444 833 2487 babent
858 2442 994 2487 MSS.

108 2519 149 2553 et
183 2518 285 2553 vett.
323 2506 450 2553 edd..
490 2520 544 2546 eo
580 2501 826 2560 significatu
862 2501 996 2543 latine

108 2567 196 2613 diei
231 2566 474 2609 dubitatur.
547 2560 661 2603 Nam
692 2573 997 2614 prorumpere

107 2625 268 2670 dicitur
291 2622 442 2681 potius
469 2617 717 2676 significatu
745 2615 994 2658 intransiti-

106 2699 192 2732 vo,
225 2689 276 2724 ut
303 2684 339 2726 1,
359 2678 415 2721 63
442 2685 485 2720 et
509 2677 579 2721 65.
595 2707 607 2723 ‚
635 2682 676 2717 et
700 2673 908 2729 frequens
931 2681 994 2716 est

107 2742 150 2783 in
172 2745 279 2784 vett.
313 2735 438 2780 libris
469 2735 700 2788 utriusque
733 2730 859 2775 verbi
893 2747 991 2788 per·

108 2793 315 2838 mutatio.
376 2792 434 2837 cf.
460 2795 551 2834 not.
574 2790 628 2834 ad
655 2785 802 2839 1243.
827 2790 995 2830 crebris

108 2861 267 2894 terrae
313 2849 511 2893 motibus
546 2854 772 2902 prorutae
814 2849 993 2887 damus.

107 2907 320 2952 Aedificia
353 2914 539 2965 possunt
569 2912 612 2946 et
639 2904 799 2957 rumpi
827 2910 871 2946 et
900 2903 992 2945 rui.

107 2965 283 3021 Rumpi
303 2973 446 3007 autem
467 2960 748 3020 potissimum
768 2959 994 3009 dicuntur,

107 3038 218 3081 quae
274 3019 467 3068 vinculis
529 3017 793 3067 cohaerent;
857 3031 991 3074 quare

107 3079 328 3138 aptissime
354 3075 566 3120 aedificia.
627 3074 749 3117 Tum*
769 3089 820 3117 ex
844 3073 995 3119 analo-

107 3139 174 3193 gia
219 3136 405 3179 aliorum
453 3135 697 3177 verborum
741 3131 997 3186 prorumpi

107 3189 494 3251 (lu'awegreil'sen)
526 3204 618 3233 non
645 3188 793 3233 111‘nus
816 3188 898 3232 erit
925 3188 992 3229 la-

105 3254 249 3296 tinum
283 3265 415 3307 quam
444 3248 634 3304 prorui,
675 3205 822 3303 ιιὲψιε
844 3245 889 3289 in
908 3245 990 3288 Ta-

107 3308 180 3353 citi
225 3308 351 3353 libris
397 3305 546 3348 onmia
589 3310 692 3346 sunt
728 3301 991 3360 respuenda,

108 3381 218 3423 quae
260 3365 314 3407 ab
351 3363 543 3407 aliorum
589 3359 859 3417 scriptorum
906 3375 988 3401 usu

107 3430 210 3464 sunt
233 3421 390 3464 aliena.
450 3417 640 3463 Accedit
671 3417 791 3474 quod
817 3416 928 3459 Hist.
954 3420 990 3466 1,

107 3480 176 3522 86.
194 3479 353 3534 iterum
366 3475 501 3525 MSS.
519 3484 559 3518 et
582 3482 683 3517 vett.
706 3473 807 3516 edd.
834 3489 992 3515 onines

110 3536 260 3579 serunt
302 3540 531 3588 prorupta
562 3538 729 3587 ponte,
779 3529 900 3588 quod
943 3546 990 3571 ex

1062 3079 1167 3125 post

1062 3144 1137 3182 gr.
1161 3143 1190 3170 1.

1082 1219 1278 1263 eiusdem
1294 1217 1514 1263 Gronovii
1537 1221 1754 1265 sententia
1778 1229 1975 1266 mutatur

1081 1278 1127 1319 in
1153 1285 1354 1333 proruta
1377 1286 1548 1331 ponte,
1591 1278 1697 1322 licet
1716 1279 1810 1323 An.
1834 1281 1874 1332 1,
1899 1280 1971 1324 63.

1080 1334 1134 1377 sit
1182 1342 1347 1388 ruptos
1392 1342 1618 1377 vetustate
1653 1345 1837 1389 pontes.
1910 1337 1970 1380 cs.

1081 1392 1236 1435 Davis.
1265 1392 1318 1434 ad
1351 1390 1475 1435 Caes.
1501 1391 1553 1435 B.
1580 1391 1637 1436 G.
1666 1392 1707 1444 3,
1727 1394 1799 1445 26.
1881 1393 1971 1437 Sed

1080 1449 1182 1506 quia
1205 1449 1394 1491 verbum
1417 1450 1638 1503 rumpiin
1661 1450 1734 1493 tali
1759 1457 1971 1494 contextu

1081 1506 1254 1549 videtur
1276 1506 1454 1549 ruinam
1489 1507 1687 1551 indicare
1716 1523 1795 1565 per
1827 1507 1971 1550 homi·

1079 1580 1189 1607 num
1224 1579 1384 1605 manus
1419 1562 1612 1616 sactum,
1641 1564 1713 1608 hic
1744 1579 1856 1610 vero
1882 1580 1970 1608 ser-

1079 1637 1155 1664 mo
1179 1628 1243 1664 est
1262 1621 1316 1663 de
1339 1619 1552 1664 aedificiis
1574 1623 1619 1668 vi
1650 1621 1845 1665 incendii
1896 1638 1969 1665 ro·

1079 1679 1250 1729 stratis,
1279 1678 1423 1735 aptius
1442 1677 1559 1722 haud
1582 1678 1716 1722 dubie
1736 1637 1950 1722 cumrgro

1079 1736 1217 1781 novio
1244 1735 1486 1778 scribimus
1503 1738 1726 1794 prorutis.
1869 1738 1874 1744 “

1133 1835 1219 1862 nee
1249 1821 1332 1862 diu
1359 1827 1470 1873 pose
1505 1816 1659 1862 metus
1687 1819 1818 1862 haud
1842 1822 1966 1862 redi-

1073 1880 1152 1919 bat
1173 1879 1293 1928 levis,
1317 1884 1362 1919 et
1377 1891 1562 1920 rursum
1579 1884 1825 1930 grassatus
1837 1878 1966 1931 ignis.

1071 1935 1219 1978 Locus
1240 1935 1286 1977 in
1310 1933 1444 1976 MSS.
1474 1935 1658 1976 mutilus
1688 1931 1963 1991 fractusque.

1071 1991 1172 2035 MS.
1200 1991 1454 2034 mon-test.
1484 1990 1704 2034 Pichena:
1743 2005 1825 2033 nec
1850 1994 1964 2034 dum

1065 2049 1115 2103 p'
1140 2057 1295 2091 metus
1322 2055 1407 2089 aut
1427 2049 1641 2090 rediebat
1665 2049 1791 2096 libis,
1822 2064 1839 2090 ι
1857 2062 1965 2091 sum

1586 2104 1755 2149 Eadem
1800 2121 1848 2148 ex
1884 2105 1964 2149 illo

1069 2114 1320 2160 grassatus
1370 2103 1504 2158 ignis.

1071 2162 1189 2206 libro
1213 2163 1356 2206 adfert
1372 2162 1573 2220 Ryckius
1600 2164 1851 2205 seeundum
1872 2162 1962 2207 col-

1067 2221 1283 2264 lationem
1307 2220 1340 2263 l.
1355 2218 1606 2270 Gronovii‚
1640 2218 1724 2262 nisi
1748 2220 1867 2276 quod
1890 2219 1962 2263 ha-

1227 2294 1257 2320 u

1069 2333 1144 2374 bet
1184 2329 1299 2376 lehis
1332 2344 1415 2386 pro
1451 2330 1562 2371 libis.
1635 2328 1751 2371 Cum
1782 2328 1959 2385 Ryckio

1067 2389 1197 2445 plane
1220 2385 1699 2435 eonsentitVictorius,
1731 2386 1816 2429 nisi
1838 2388 1960 2444 quod

1240 2459 1270 2484 u
1953 2454 1961 2461 .

1068 2506 1169 2556 post
1199 2497 1309 2541 lehis
1339 2495 1506 2553 pergitz
1551 2526 1562 2537 .
1588 2504 1597 2536 Ι
1625 2528 1633 2536 .
1657 2527 1667 2538 .
1695 2510 1955 2552 rursusque.

1068 2557 1174 2598 Duo
1211 2553 1282 2598 alii
1306 2552 1439 2595 codd.
1465 2551 1601 2595 MSS.
1634 2553 1681 2595 in
1708 2554 1863 2596 eadem
1887 2555 1957 2597 bi-

1067 2612 1291 2656 bliotheca
1305 2608 1430 2652 Flor.
1452 2609 1664 2654 asservati
1686 2609 1839 2654 locum
1861 2619 1957 2655 test.

1068 2671 1154 2713 lac.
1203 2666 1444 2711 Gronovio
1487 2667 1545 2709 ita
1588 2666 1813 2710 exhibent:
1856 2681 1958 2712 »nec

1066 2731 1178 2770 dum
1199 2732 1308 2781 post
1330 2731 1482 2766 metus
1503 2731 1589 2766 (tut
1609 2726 1819 2767 rediebat
1838 2727 1962 2768 levis-

1066 2793 1110 2826 οι
1140 2797 1330 2827 rursum
1363 2797 1407 2835 g.
1446 2783 1476 2822 i.
1510 2789 1552 2823 et
1590 2781 1719 2838 plane
1752 2782 1818 2826 sic
1849 2782 1954 2826 MS.

1067 2842 1203 2886 Corb.
1229 2838 1347 2898 apud
1370 2837 1634 2881 Ermerium
1715 2838 1816 2884 MS.
1840 2840 1953 2898 Agr.

1065 2915 1147 2942 nec
1171 2903 1283 2942 dum
1298 2898 1466 2951 posito,
1495 2902 1649 2938 metus
1659 2896 1843 2940 redibat
1861 2911 1957 2939 non

1066 2958 1182 2999 Ievis
1213 2962 1255 2998 et
1282 2967 1475 2996 rursum
1504 2968 1549 3006 g.
1574 2955 1626 3000 i..
1665 2952 1954 3011 utissRyckius

1067 3014 1220 3059 edidit.
1292 3010 1393 3053 MS.
1416 3010 1530 3052 Bud.
1562 3025 1630 3068 pr.
1662 3027 1721 3052 m.
1755 3014 1953 3054 necdum

1218 3076 1370 3112 metus
1410 3068 1593 3108 redibat
1630 3069 1743 3110 Ievis
1779 3081 1956 3111 rursus
2001 3119 2003 3122 f

1259 3125 1389 3167 MSS.
1414 3123 1563 3167 Guelf.
1587 3123 1708 3168 Harl.
1733 3122 1816 3167 les.
1841 3136 1949 3169 nec-

1064 3192 1176 3227 dum
1202 3190 1309 3239 post
1336 3191 1488 3223 metus
1513 3189 1599 3223 aut
1623 3182 1854 3224 residebat
1880 3185 1948 3224 Ie·

1066 3245 1157 3285 ris:
1186 3244 1379 3283 necdum
1400 3240 1552 3292 posito
1574 3247 1703 3280 metu
1723 3241 1839 3281 satis
1859 3248 1950 3283 cre-
1972 3278 1974 3281 ,

1063 3303 1284 3349 debatur,
1316 3312 1419 3339 cum
1450 3297 1563 3338 levis
1592 3310 1786 3339 rursum
1812 3311 1947 3352 gras...

1063 3365 1195 3400 satus
1216 3356 1334 3409 ignis
1360 3354 1488 3408 (duae
1516 3353 1688 3409 legendi
1708 3353 1901 3396 rationes
1925 3369 1950 3395 e

1064 3414 1244 3457 diversis
1279 3410 1414 3454 codd.
1449 3412 1640 3466 ductae).
1716 3409 1949 3454 Posterior

1065 3480 1126 3513 est
1147 3472 1193 3513 in
1219 3467 1319 3510 MS.
1346 3467 1473 3509 Bodl.
1499 3489 1554 3500 --
1603 3467 1684 3510 Ed.
1700 3467 1817 3525 Spir‘.
1840 3481 1946 3510 nec-

1064 3536 1176 3570 dum
1228 3533 1381 3567 metus
1438 3532 1541 3578 post
1557 3540 1570 3565 :-
1627 3532 1713 3566 aut
1766 3525 1950 3568 redibat
