2164 3990
1784 193 1997 237 musio.

1783 238 1835 272 A.
1852 235 1901 273 e.
1937 236 1999 273 ω.

221 195 348 255 226
904 187 1412 258 ANNALIUM

219 344 389 392 arva,
454 321 616 379 vicos
644 319 871 398 passim
910 321 1310 397 corripiebant
1344 324 1803 403 ferebanturque
1848 329 1915 385 in
1961 318 2090 404 ipsa

221 409 492 468 conditae
525 427 718 483 nuper
740 407 1010 472 coloniae
1033 409 1287 469 moenia.
1372 430 1564 487 neque
1595 413 1888 487 exstingui
1915 425 2087 491 pote-

219 505 383 564 rant,
435 513 562 549 non
595 493 646 548 si
681 492 899 547 imbres
936 493 1241 564 caderent,
1282 514 1420 577 'non
1455 496 1506 551 si
1537 497 1880 556 fluvialibus
1912 498 2085 576 aquis

222 592 324 638 aut
350 600 467 656 quo
494 579 610 635 alio
638 573 920 645 humore,
964 577 1151 634 donec
1180 579 1657 654 inopia‘remedii
1692 595 1748 639 et
1783 582 1871 640 ira
1902 584 2087 640 cladis

222 676 473 740 agrestes
518 663 758 740 quidam
801 661 1034 718 eminus
1070 683 1204 720 saxa
1240 664 1456 734 iacere,
1514 667 1654 724 dein
1689 668 2089 726 residentibus

220 750 473 811 flammis
508 746 753 823 propius
779 748 1070 820 suggressi
1103 749 1226 805 ictu
1260 749 1507 807 fustium
1540 753 1788 829 aliisque
1821 753 2089 811 verberi-

220 839 332 894 bus
353 847 419 894 ut
445 836 597 891 feras
623 833 1052 889 absterrebant:
1096 845 1395 908 postremo
1427 837 1684 909 tegmina
1711 839 1949 914 corpori
1982 839 2086 895 de-

219 934 385 998 repta
409 918 686 977 iniiciunt
716 930 938 993 quanto
974 919 1159 992 magis
1184 920 1432 994 profana
1455 931 1513 978 et
1535 941 1648 980 usu
1669 923 1896 998 polluta
1922 935 2087 982 tanto

222 1007 410 1082 magis
438 1021 787 1079 oppressura
814 1003 996 1076 ignes,

386 1086 607 1149 LVIII.
670 1084 901 1143 Eodem
936 1109 1094 1145 anno
1134 1087 1522 1148 Ruminalem
1567 1092 1842 1150 arborem
1881 1092 1950 1150 in
1987 1115 2089 1152 co-.

220 1178 418 1246 mitio,
463 1194 611 1252 quae
645 1173 1011 1247 octingentos
1041 1187 1097 1233 et
1123 1176 1510 1251 qitiadraginta
1537 1189 1673 1235 ante
1698 1197 1887 1236 annos
1907 1177 2088 1238 Remi

221 1395 414 1450 denique
447 1393 700 1438 lullonum.
778 1393 842 1439 At
881 1394 1114 1437 civitatem

222 1456 446 1498 Ubiorum
480 1451 588 1509 legis
623 1451 742 1509 apud
775 1451 993 1495 Nostrum
1025 1451 1114 1500 An,

221 1514 260 1564 1,
283 1511 353 1554 37.
380 1517 422 1552 et
443 1510 514 1552 71.
546 1510 591 1551 in
627 1525 766 1567 eaque
799 1509 972 1553 civitate
1004 1524 1114 1551 con-

218 1571 321 1612 dita
368 1581 522 1623 nuper
569 1569 778 1615 colonia,
826 1567 956 1610 cuius
1007 1566 1114 1609 dum

1187 1393 1291 1438 dem
1322 1394 1501 1448 abesto;
1533 1395 1577 1438 εἰ
1600 1404 1748 1440 autem
1781 1395 1857 1439 elli
1892 1395 1978 1441 tice
2008 1413 2086 1455 pn·

1189 1453 1326 1496 nitur.v
1379 1452 1440 1496 cf.
1463 1463 1558 1497 not.
1583 1455 1640 1497 ad
1662 1455 1704 1505 Ξ,
1725 1453 1797 1498 63.
1856 1413 2081 1513 Supplen·

1188 1510 1296 1552 dum
1319 1511 1428 1553 erit:
1457 1526 1570 1563 non,
1600 1514 1645 1554 si
1649 1511 1928 1569 fluvialibus
1946 1513 2084 1569 aquis

1188 1575 1274 1610 aut
1306 1583 1397 1624 quo
1436 1572 1533 1611 alio
1573 1572 1777 1612 humore
1820 1571 2084 1625 exstingue-

217 1626 291 1671 hic
310 1625 497 1669 Tacitus
522 1623 803 1668 mentionem
831 1623 962 1673 facit,
1000 1622 1115 1666 haud

218 1685 352 1728 dubie
376 1682 559 1741 respicit
587 1681 643 1724 ad
671 1684 736 1734 12,
759 1683 832 1725 27.
893 1681 1013 1724 Nihil
1041 1697 1115 1723 au-

217 1752 308 1786 tern
336 1739 622 1800 frequentius
645 1740 689 1781 in
708 1747 816 1783 vett.
832 1739 957 1782 libris
979 1755 1116 1796 quam

216 1798 490 1857 syllabarum
526 1799 576 1839 vi
606 1805 648 1840 et
681 1799 727 1839 ιἰι
764 1797 1035 1856 permutatio
1073 1803 1117 1838 et

219 1857 343 1899 Vibii
392 1855 506 1898 haud
554 1855 689 1897 semel
732 1855 992 1898 scribuntur
1032 1870 1115 1912 pro

218 1915 364 1957 Ubiis,
447 1911 647 1970 Ryckius
695 1913 878 1956 volebat
920 1914 1116 1954 Aeduo-

215 1987 353 2020 rum,
392 1970 636 2013 Rhenanus
676 1971 935 2026 Βίροηανη,
981 1968 1062 2011 W
1066 1973 1114 2010 ‘1⁸1-

215 2039 439 2073 stemann.
477 2027 723 2069 Tubonum
768 2027 834 2069 vel
869 2027 1114 2068 Tubantu-

214 2103 340 2129 rum.
419 2084 632 2128 Ceterum
672 2085 727 2127 de
768 2083 1015 2127 calamitate
1049 2083 1115 2126 illi

215 2142 381 2189 civitati
414 2152 510 2186 tum
544 2141 732 2185 tolerata
756 2141 813 2184 ef.
840 2142 887 2184 C.
914 2140 970 2183 G.
990 2142 1114 2183 Nees

213 2215 304 2244 von
338 2201 567 2243 Esenbeck
604 2209 646 2242 et
677 2199 717 2241 I.
747 2201 1026 2252 Nbggeratla
1064 2199 1110 2240 in

215 2257 394 2308 libello:
451 2256 560 2299 Gibt
584 2257 772 2299 Tacitus
801 2260 933 2299 einen
963 2258 1113 2299 histo-

214 2318 396 2368 rischen
423 2314 611 2358 Beweis
647 2329 737 2356 von
770 2314 1111 2356 vulkanischen

212 2374 498 2428 Eruptionen
526 2388 608 2414 am
626 2373 948 2414 Madet-rhein.
984 2371 1110 2413 1824.

215 2431 399 2475 Scilicet
430 2430 494 2473 illi
525 2429 658 2472 nobis
688 2428 958 2486 persuadent
985 2427 1111 2472 Taci-
1146 2477 1148 2479 ¹

213 2499 312 2532 turn
347 2489 417 2544 hjc
450 2487 574 2545 loqui
609 2487 663 2529 de
698 2485 911 2530 incendio
936 2486 1111 2529 subter·

216 2563 354 2590 raneo
381 2545 686 2600 (Erdbrand).

271 2605 590 2656 corripiebant.
654 2599 757 2644 MS.
774 2601 884 2660 Reg.
908 2601 977 2645 ed.
991 2600 1110 2660 Spir.

213 2662 524 2716 arripiebant.
579 2659 747 2702 Eadem
774 2660 843 2704 ed.
871 2659 989 2717 Spir.
1019 2675 1105 2702 nu·

207 2733 298 2774 per
320 2719 531 2762 conditae
553 2734 636 2776 pro
661 2719 874 2759 conditae
898 2731 1067 2772 nuper.

252 2771 364 2820 'non
390 2777 436 2818 si
454 2775 731 2832 fluvialibus
757 2791 806 2817 α.
866 2773 944 2817 Sic
972 2773 1109 2818 MSS.

213 2841 258 2878 et
297 2842 407 2879 vett.
456 2833 558 2876 edd.
611 2832 813 2875 unanimi
864 2845 1108 2875 consensu.

214 2891 335 2935 Dein
366 2899 470 2949 post
494 2887 765 2932 vocabulum
802 2892 1001 2933 humore
1034 2888 1110 2933 alii

213 2950 405 2993 verbum
467 2948 640 2990 addunt
700 2950 988 2995 niterentur,
1059 2953 1109 2988 ut

215 3006 349 3050 MSS.
387 3005 518 3048 Bodl.
551 3005 632 3047 les.
667 3003 821 3047 Guelf.
863 3005 968 3047 edd.
1003 3003 1108 3047 Put.

215 3063 285 3107 M.
310 3072 353 3107 et
378 3063 434 3106 V.
460 3063 560 3105 Ber.
587 3062 691 3105 Alc.
723 3061 866 3104 Rhen.
899 3077 1002 3120 sqq.
1039 3063 1108 3103 us'·

216 3136 301 3177 que
336 3120 389 3163 ad
418 3118 700 3171 Ernestium3
740 3126 983 3163 uterentur
1005 3118 1107 3160 MS.

218 3178 370 3222 oxon.
406 3179 470 3233 (l.
494 3175 769 3230 Gronovii),
843 3191 902 3218 uo
933 3184 1109 3220 contra·

216 3234 381 3277 dicitur
434 3235 664 3285 Broterio;
716 3191 1111 3290 perfunderentur

217 3291 315 3334 MS.
331 3292 441 3349 Agr.
504 3292 590 3334 Alii
614 3291 657 3333 id
678 3292 864 3335 verbum
881 3292 1109 3342 omittunt,

217 3357 266 3389 ut
299 3349 432 3391 MSS.
466 3348 588 3391 Flor.
633 3349 757 3402 (test.
790 3346 911 3392 Vict.
946 3364 986 3392 c.
1019 3349 1106 3402 al.)

215 3405 326 3462 Reg.
351 3404 465 3446 Bud.
494 3406 560 3447 ed.
587 3405 704 3463 Spir.
767 3404 948 3452 Delevit
971 3405 984 3448 i
1018 3406 1107 3447 itur

214 3461 445 3504 Ernestius
486 3462 615 3503 simul
665 3479 768 3505 curn
810 3422 1028 3521 particuiia
1065 3465 1111 3505 si

212 3527 315 3562 ante
337 3518 620 3576 fluvialibus.
700 3519 755 3563 Et
786 3521 978 3566 verbum
1011 3521 1106 3578 qui·

1188 1632 1319 1674 rent,
1357 1627 1599 1680 exstingui
1613 1635 1854 1682 poterant.

1246 1690 1290 1724 ct
1313 1683 1389 1725 ira
1413 1691 1498 1727 etc.
1559 1683 1643 1727 Ed.
1670 1683 1790 1742 Spir.
1816 1690 1861 1726 et
1887 1684 1957 1726 ita
1984 1686 2082 1727 cla-

1189 1740 1262 1782 dis
1303 1742 1504 1794 agrestis
1549 1742 1738 1797 quidem
1777 1742 1960 1784 eminus
1994 1750 2084 1786 eto.

1188 1797 1290 1841 MS.
1323 1797 1463 1842 Corb.
1510 1800 1712 1854 agrestis
1760 1800 1973 1855 quidem;
2012 1815 2083 1844 an

1189 1856 1258 1898 ita
1279 1871 1360 1914 pro
1383 1857 1479 1904 iro,
1508 1856 1742 1900 Broterius
1767 1865 1899 1900 tacet.

1246 1915 1568 1958 residentibus,
1628 1913 1705 1958 Sic
1718 1914 1830 1958 MS.
1845 1913 1961 1958 Bud.
1983 1914 2085 1958 edd.

1188 1969 1291 2014 Put.
1315 1970 1382 2013 M.
1410 1979 1451 2012 et
1477 1971 1534 2015 V.
1556 1971 1661 2014 Ber.
1689 1971 1791 2015 Alc.
1818 1971 1960 2015 Rhen.
1981 1989 2085 2031 sqq.

1186 2056 1245 2064 —-
1275 2029 1595 2072 resistentibus
1625 2028 1762 2072 MSS.
1795 2029 1921 2073 Flor.
1957 2033 2081 2087 (test.

1186 2085 1307 2129 Viet.
1338 2102 1378 2128 c.
1413 2086 1486 2142 al.)
1523 2087 1637 2130 Bud.
1668 2085 1792 2129 Harl.
1822 2085 1973 2131 Guelfl
2007 2088 2077 2130 ed.

1185 2143 1301 2201 Spir.
1365 2142 1604 2201 Vulgatum
1628 2159 1724 2188 esse
1750 2160 1904 2188 verum
1929 2144 2078 2189 clami-

1184 2208 1246 2243 tat
1273 2209 1521 2244 contextus.

1241 2259 1435 2314 altisque
1476 2260 1752 2303 verberibus.
1831 2258 1915 2303 Ed.
1955 2260 2075 2319 Spir.

1183 2316 1356 2370 aliique
1381 2318 1660 2362 verberibus.

1242 2376 1455 2427 derepta.
1544 2373 1623 2418 Sic
1664 2375 1770 2422 MS.
1807 2374 1848 2418 A
1885 2391 1921 2418 r.
1972 2375 2077 2420 edd.

1184 2429 1327 2488 Ryek.
1350 2430 1527 2477 Ernest.
1549 2447 1648 2491 sqq.
1695 2432 1757 2478 cs.
1787 2434 1824 2482 l,
1877 2436 1919 2476 Ο.
1942 2440 1986 2476 et
2006 2431 2078 2476 85.

1185 2489 1227 2536 2,
1257 2489 1330 2530 45.
1373 2495 1415 2532 et
1449 2489 1561 2533 Hist.
1596 2491 1638 2539 3,
1672 2489 1740 2534 18.
1773 2514 1827 2524 -
1891 2491 2079 2546 direpta

1185 2546 1286 2589 MS.
1310 2545 1462 2589 Guelf.
1489 2547 1589 2591 edd.
1610 2557 1716 2593 vett.
1741 2556 1783 2591 et
1803 2563 1900 2606 sqq.
1932 2563 2077 2607 usquo

1185 2603 1239 2645 ad
1273 2602 1522 2661 Ryckium,
1563 2621 1697 2662 quam
1727 2604 1995 2673 scripturam
2033 2612 2077 2648 et

1181 2657 1415 2704 Victorius
1439 2661 1654 2706 intactam
1679 2662 1760 2705 reli
1797 2670 1876 2705 uit.

1239 2732 1328 2759 usu
1369 2721 1569 2771 polluta.
1656 2720 1736 2764 Sic
1829 2719 1909 2763 SS.
1953 2717 2072 2762 Bud.

1183 2773 1320 2818 Corb.
1343 2775 1454 2832 Agr.
1479 2775 1710 2835 edd.Spir.
1734 2776 1877 2820 Rhen.
1899 2792 1998 2835 sqq.
2018 2804 2076 2813 -

1181 2847 1269 2874 usu
1289 2834 1443 2875 viliori
1454 2835 1642 2887 polluta
1664 2834 1798 2878 MSS.
1811 2834 1932 2878 Harl.
1945 2834 2075 2877 Bodl.

1183 2888 1334 2932 Guelf.
1361 2890 1461 2933 edd.
1490 2890 1592 2935 Put.
1619 2892 1684 2935 M.
1714 2900 1756 2935 et
1779 2891 1836 2937 V.
1860 2890 2071 2935 Beroald.

1180 2951 1243 3003 (c.
1267 2947 1412 2990 silent.
1438 2947 1575 3003 Vici.)
1601 2948 1696 2991 Riv.
1734 2948 1834 2994 Alc.
1905 2949 2075 2993 Abesse

1180 3021 1286 3047 sane
1322 3013 1467 3062 polest
1500 3015 1789 3064 augmentum
1819 3005 1954 3056 illud,
1996 3023 2073 3049 ne·

1181 3077 1267 3119 que
1302 3069 1452 3105 tamen
1484 3064 1616 3120 plane
1652 3066 1847 3108 otiosum
1875 3064 2070 3110 videtur.

1181 3119 1285 3218 Nolrli
1309 3120 1429 3185 enim
1452 3121 1595 3178 quivis
1624 3137 1731 3165 usus
1762 3131 1901 3165 vestes
1933 3137 2073 3180 aeque

1214 3193 1239 3219 o
1284 3186 1361 3220 uit.

1181 3193 1209 3234 p
1241 3232 1351 3277 CAP.
1390 3234 1462 3278 68.
1539 3251 1658 3292 quae
1698 3238 1983 3291 octingentos
2028 3244 2075 3279 et

1181 3294 1520 3346 quadraginta.
1580 3293 1656 3337 Sic
1674 3293 1925 3337 MS.Vatic.
1947 3293 2071 3338 1958.

1179 3364 1462 3450 'nisf'i‘ifffiisf
1474 3359 1884 3452 “ggssrpssssffflf‘et
1901 3356 2069 3451 ‘42⁰ssss

1179 3463 1321 3507 roald.
1345 3464 1446 3508 Alc.
1470 3464 1669 3508 Rhenan.
1693 3481 1791 3523 sqq.
1826 3493 1884 3501 --
1948 3481 2069 3522 quae

1177 3535 1321 3576 supra
1353 3531 1438 3566 oet.
1461 3531 1507 3566 et
1531 3525 1696 3577 quadr.
1720 3530 1831 3566 ante
1855 3539 1945 3577 per
1973 3537 2067 3565 an-
