2164 3990
198 242 325 282 Antu-
341 239 426 276 814.

198 287 253 324 Α.
273 285 320 322 C·
362 284 422 320 61.

579 240 750 302 LIB.
791 239 957 302 XIV.
1037 239 1236 303 CAP.
1267 244 1372 303 20.
1417 246 1520 306 21.

110 380 378 446 munuss
401 372 760 447 expleturoS‚
804 369 855 426 si
891 371 1106 429 fractos
1140 391 1316 429 sonos
1352 385 1410 431 et
1447 374 1822 432 dulcedinem
1855 400 1965 435 vo-

112 455 814 537 cum‘perite-audissent?
897 452 1109 512 Noctes
1133 456 1368 539 quoque
1391 459 1667 516 dedecori
1691 463 1962 534 adiectaS,

109 569 184 606 ne
231 545 393 624 quod
436 555 667 616 tempus
714 540 934 621 pudori
981 541 1384 618 relinquatur,
1448 546 1550 602 sed
1602 558 1770 603 coetu
1822 569 1964 622 pm-

101 634 361 701 miscuo,
404 628 565 706 quod
599 624 1030 701 perditissimus
1067 627 1316 705 quisque
1348 649 1453 704 per
1489 630 1649 686 diem
1682 634 1963 708 concupi-

103 719 254 777 verit
269 760 286 788 ,
318 735 434 791 per
459 713 732 771 tenebras
757 711 985 771 audeat.

269 836 435 898 XXI.
479 835 763 893 Pluribus
791 836 916 911 ipsa
939 835 1177 894 licentia
1199 837 1490 911 placebat,
1535 859 1599 896 ac
1625 851 1823 897 tamen
1849 831 1961 898 bo-

31 912 35 923 s
104 939 269 985 nesta
297 922 542 981 nomina
570 922 1061 1000 praetendebant:
1120 920 1379 978 Maiores
1419 945 1653 1001 quoque
1690 947 1813 983 non
1853 928 1960 983 ab-'

100 1011 404 1074 horruisse
426 1003 889 1084 spectaculorum
912 1006 1353 1063 oblectamentis
1372 1029 1480 1083 pro
1502 1011 1738 1068 fortuna
1753 1057 1769 1081 ‚
1811 1033 1959 1088 quae

102 1099 231 1159 tum
268 1106 418 1164 erat,
465 1113 649 1169 eoque
688 1113 720 1148 a
756 1090 968 1148 Tuscis
1006 1091 1219 1148 accitos
1251 1088 1597 1165 histrioneS,
1640 1116 1673 1152 a
1709 1091 1958 1153 Thuriis

102 1201 391 1265 equorum
427 1174 780 1237 certamina:
838 1188 893 1232 et
917 1192 1193 1252 vpossessa
1228 1172 1457 1235 Achaia
1489 1174 1747 1258 Asiaque
1784 1183 1958 1240 ludos

99 1267 357 1328 curatius
396 1264 610 1320 editos:
654 1282 761 1316 nec
796 1281 1152 1338 quemquam
1171 1259 1400 1320 Romae
1426 1260 1672 1323 honesto
1700 1267 1831 1324 loco
1857 1288 1957 1324 or-

96 1367 223 1412 tum
250 1353 324 1408 ad
350 1345 662 1409 theatrales
688 1357 839 1402 artes
862 1347 1300 1419 degeneravisse
1332 1349 1597 1406 ducentis
1631 1351 1766 1407 iam·
1784 1353 1956 1408 annis

99 1461 132 1496 a
152 1437 224 1497 L.
247 1432 532 1510 Mummii
563 1426 896 1506 triumpho,
952 1432 1056 1508 qui
1091 1433 1319 1508 primus
1344 1434 1406 1490 id
1433 1454 1615 1508 genus
1641 1438 1956 1511 spectaculi

99 1525 165 1580 in
205 1522 354 1579 urbe
396 1516 753 1594 praebuerit.
864 1515 981 1573 Sed
1038 1529 1094 1575 et
1148 1519 1485 1575 consultum
1538 1522 1955 1596 parcimoniae,

97 1608 258 1687 quod
280 1615 564 1681 perpetua
599 1603 762 1657 sedes
795 1596 1024 1658 theatro
1062 1602 1251 1660 locata
1285 1604 1360 1660 sit
1394 1606 1592 1679 potius
1627 1628 1805 1682 quam
1838 1608 1955 1663 im-
2010 1641 2013 1643 -

94 1693 299 1751 menso
339 1699 578 1763 sumptu
614 1686 878 1760 singulos
914 1707 1019 1762 per
1054 1708 1242 1746 annos
1272 1702 1649 1764 consurgeret
1670 1712 1737 1749 ac
1763 1704 1954 1750 strue-

1839 252 1961 310 261
2046 284 2051 295 ι

91 1914 231 1959 fabul.
257 1912 326 1956 17.
357 1909 485 1967 Virg.
510 1907 681 1966 Georg.
702 1907 742 1959 4,
765 1907 834 1951 72.
863 1907 982 1951 Plin.

92 1990 162 2031 ep.
188 1973 230 2022 2,
256 1970 324 2012 14.
388 1966 580 2023 Quintil.
606 1967 644 2015 l,
666 1967 733 2015 11,
753 1965 797 2007 7.

145 2028 450 2072 dulcedinem.
515 2022 668 2066 Guelf.
695 2022 954 2065 dulcedine.

133 2085 323 2143 pudori.
382 2082 465 2126 Ed.
487 2080 606 2137 Spir.
624 2079 836 2135 pudoris,

137 2144 423 2200 promiscuo-
511 2137 612 2180 MS.
675 2137 800 2180 Flor.
862 2136 979 2191 (test.

83 2202 230 2253 Vict.)
249 2198 504 2252 promisco,
537 2195 603 2238 uti
625 2194 750 2239 solet.

146 2258 261 2302 CAP.
290 2257 361 2299 21.
419 2270 476 2296 ac
511 2261 686 2296 tamen.
748 2250 832 2293 Ed.
862 2250 980 2308 Spir.

86 2325 316 2361 attamen.
385 2311 555 2354 Eadem
597 2309 872 2370 permutatio
914 2315 981 2351 est

84 2375 200 2418 Hist.
226 2371 266 2422 5,
294 2371 361 2413 16.

143 2427 509 2473 oblectamentis.
576 2423 653 2467 Sic
690 2423 793 2467 MS.
826 2421 981 2467 Guelf.

87 2489 189 2533 edd.
208 2493 319 2532 vett.
340 2484 460 2539 (cum
482 2482 551 2525 sil.
567 2481 704 2538 Viet.)
727 2491 769 2524 et
792 2488 981 2524 recentt.

88 2560 263 2590 omnes.
318 2565 373 2575 —
454 2541 794 2581 oblectamenta
844 2536 982 2580 MSS.

85 2606 268 2648 Farnes.
301 2598 438 2643 Corb.
474 2596 599 2655 quod
634 2596 781 2655 Lipsio
829 2609 982 2636 verum

86 2658 339 2706 videbatur.
410 2654 499 2698 Sed
546 2654 604 2696 ef.
650 2656 690 2703 1,
724 2654 794 2696 54.
835 2666 981 2708 neque

89 2721 188 2775 ipse
236 2714 522 2757 abhorrebat
547 2737 550 2748 ι
572 2712 744 2754 talibus
798 2710 977 2754 studiis.

86 2777 211 2820 suet.
246 2772 351 2816 Ner.
385 2768 522 2814 0043.
579 2769 754 2812 Domit.
787 2784 829 2810 c.
851 2768 893 2810 9.
921 2791 980 2799 -

87 2835 339 2877 abhorrere
370 2828 547 2884 aliquid
583 2835 647 2869 est
686 2824 873 2869 aversari
917 2824 980 2867 di-

88 2892 297 2944 citurque
329 2886 383 2928 de.
412 2885 549 2928 rebus
582 2885 788 2943 turpibus
827 2892 868 2925 et
900 2883 980 2924 ob-

88 2946 280 2994 scoenis.
321 2942 381 2992 cf,
403 2942 527 2984 Suet.
550 2941 656 2984 Oct.
683 2940 804 2984 e.83.
847 2939 980 2982 Galb.

72 3023 134 3060 c.
151 3004 194 3047 4.
253 3000 347 3043 Vit.
375 3015 413 3042 c.
441 3001 511 3042 10.

144 3075 261 3118 quae
284 3065 381 3099 tum
407 3063 528 3099 erat.
587 3054 672 3096 Ed.
696 3055 816 3112 Spir.
839 3070 984 3111 quan·

90 3118 327 3186 “‘mfs‘m
384 3114 477 3157 Pro
504 3113 691 3155 Thuriis
711 3113 814 3156 MS.
839 3112 977 3155 Corb-

91 3177 371 3275 T'C'Zi-Ztius.
432 3228 507 3271 Sic
538 3226 673 3269 MSS.
699 3226 823 3269 Flor.
860 3216 979 3279 (test.

88 3289 227 3345 vict.)
253 3288 392 3331 Corb.
418 3283 569 3328 Guelf.
595 3284 697 3327 edd.
725 3284 841 3342 Spir.
865 3283 914 3325 Li
949 3300 982 3326 s.

229 3373 288 3382 --
346 3343 611 3386 accuratius
645 3341 745 3383 cdd.
779 3340 883 3383 Put.

90 3360 211 3503 231}
230 3403 339 3502 ger.
363 3402 464 3445 Alc.
492 3399 635 3442 Rhen.
658 3398 764 3442 Atd.
795 3398 857 3442 cf.
882 3407 980 3441 not.

89 3476 115 3503 a
197 3491 210 3510 ,
286 3489 299 3503 .

147 3530 232 3559 nec
252 3531 549 3573 quemquam.
611 3513 689 3557 Sic
711 3511 844 3556 MSS.
858 3513 985 3558 Flor.

92 3574 212 3629 (test.
253 3572 374 3618 Vict.
415 3590 459 3618 c.
498 3572 648 3629 Pich.)
693 3569 843 3615 Guell.
882 3571 982 3615 edd.

967 3371 983 3383 .
1052 3345 1236 3388 verbum
1257 3350 1515 3386 strueretur
1534 3344 1778 3388 damnaret.

1057 1910 1163 1954 Put.
1185 1909 1369 1954 Piehen.
1394 1926 1494 1970 sqq.
1525 1939 1584 1948 --
1625 1925 1776 1966 neque
1797 1927 1952 1968 quem-

1055 1983 1199 2023 quam
1224 1967 1327 2010 edd.
1344 1968 1553 2012 Beroald.
1569 1969 1668 2013 Ale.
1682 1969 1828 2013 Rheu.
1848 1972 1949 2027 sqq.

1054 2025 1259 2083 Namque
1293 2025 1541 2068 Beroaldus
1573 2043 1678 2069 usus
1714 2026 1781 2070 ed.
1814 2027 1950 2085 Spir..

1054 2083 1130 2125 ubi
1160 2091 1224 2125 est
1242 2097 1413 2138 neque,
1456 2084 1954 2140 omisso'quemquam,

1053 2139 1227 2198 putavit
1270 2140 1563 2184 scribendum
1601 2157 1747 2199 neque
1791 2158 1950 2199 quem-

1082 2214 1209 2240 uam.

1052 2214 1079 2255 q
1110 2256 1380 2298 theatrales.
1470 2254 1573 2298 MS.
1613 2254 1766 2300 Guelf.
1805 2273 1828 2299 a
1874 2273 1946 2314 pr.

1050 2329 1188 2356 manu
1243 2314 1523 2356 theatralis:
1587 2330 1678 2357 sec.
1730 2330 1795 2358 m.
1840 2315 1948 2358 fecit

1051 2393 1110 2404 —
1145 2384 1207 2412 es.

1110 2427 1339 2471 Mummii.
1410 2427 1487 2471 Sic
1518 2427 1619 2470 MS.
1656 2429 1779 2472 Flor.
1826 2427 1943 2483 (test.

1052 2484 1198 2542 Ryek.
1226 2500 1317 2530 sec.
1345 2484 1494 2527 collat.
1517 2484 1551 2528 I.
1577 2483 1806 2541 Gronov.)
1841 2485 1942 2529 edd.

1056 2541 1174 2599 Spir.
1197 2541 1411 2584 Beroald.
1441 2541 1500 2592 (c.
1530 2541 1600 2584 sil.
1625 2541 1768 2596 Vict.)
1799 2542 1839 2585 R
1876 2542 1944 2586 ck.
1975 2551 1984 2569 ¹

1054 2614 1151 2656 sqq.
1212 2597 1385 2640 Mumii
1404 2598 1509 2652 MS.
1537 2598 1688 2642 Guelf.
1714 2600 1814 2643 edd.
1878 2608 1941 2644 ut.

1052 2653 1122 2699 M.
1147 2663 1189 2698 et
1204 2655 1261 2697 V.
1287 2655 1389 2699 Ale.
1417 2655 1560 2699 Rhen.
1587 2672 1687 2714 sqq.

1111 2714 1161 2755 id
1199 2727 1345 2766 genus
1393 2716 1653 2767 spectaculi.

1051 2774 1186 2815 ludos
1207 2768 1479 2813 theatrales.

1102 2829 1436 2885 parcimoniae.
1506 2827 1583 2870 Sic
1615 2827 1717 2872 edd.
1755 2836 1948 2872 recenti..

1052 2887 1158 2930 inde
1192 2902 1215 2929 a
1239 2884 1355 2943 Lips.
1390 2884 1558 2943 prima,
1600 2893 1776 2945 praeter
1807 2902 1945 2930 unam

1052 2942 1179 2987 Pich.
1209 2965 1267 2973 —
1323 2943 1638 2996 parsimoniae
1666 2941 1816 2986 Guelf.
1842 2943 1944 2987 edd.

1054 3010 1164 3046 vett.
1211 3001 1541 3055 (parsimoniae
1585 3000 1655 3043 ed.
1690 3000 1795 3043 Put.
1832 3000 1944 3055 Μ.).

1054 3058 1199 3102 Etiam
1235 3057 1464 3100 Victorius
1504 3058 1827 3113 parsimoniae
1869 3057 1943 3101 in-

1050 3125 1218 3159 tactum
1242 3114 1436 3172 reliquit.

1110 3179 1403 3224 consurgeret
1432 3187 1486 3213 ac
1520 3180 1794 3216 strueretur.
1862 3173 1943 3216 Er-

1052 3230 1218 3273 nestius
1252 3229 1367 3272 male
1404 3230 1674 3272 intellexerat
1710 3229 1943 3276 brevitatis

1053 3287 1242 3335 laudem,
1264 3302 1375 3343 quae
1389 3286 1556 3329 Nostro
1580 3287 1779 3336 debetur,
1832 3305 1943 3332 uum

1853 3355 1943 3390 mat

1051 3400 1231 3444 Tacitus
1258 3401 1424 3445 coniun
1458 3417 1532 3444 ere
1563 3418 1812 3461 synonyma
1842 3419 1942 3446 em-

1052 3457 1198 3517 phasis
1224 3474 1371 3501 causa.
1476 3474 1636 3516 amque
1659 3456 1799 3505 <verbo
1831 3476 1942 3503 con-

1053 3522 1264 3570 surgeret
1286 3516 1400 3558 inest
1420 3516 1542 3573 quod
1565 3515 1756 3561 dicimus
1779 3520 1949 3561 errich*

1056 3580 1118 3615 tet
1157 3575 1370 3623 mentem
1424 3579 1682 3618 strueretur
1724 3574 1945 3634 significat

1732 2713 1944 2774 intellige
2014 2766 2025 2776 η
