2164 3990
1759 181 1993 302 {aaa

217 215 302 276 42
811 267 817 274 ,
875 210 1398 278 ANNALIUM
1476 175 1478 177 ’

216 348 345 418 „lia
376 340 445 403 in
476 356 746 404 senatum
781 345 1019 402 accitos:
1063 343 1358 420 postremo
1393 349 1581 423 ipsam
1619 350 1695 407 ad
1716 352 1901 429 Alpes
1931 372 2073 431 pro-

217 443 489 504 „motam
507 478 523 502 ‚
565 443 634 489 ut
654 452 779 488 non
804 432 982 487 modo
1011 430 1230 504 singuli
1255 434 1510 504 viritim,
1554 437 1656 492 sed
1677 447 1896 510 terrae,
1930 457 2074 514 gen-

156 577 161 581 ,
214 564 248 590 „
263 530 349 576 tes
374 518 441 574 in
462 537 684 574 nomen
705 527 977 573 nostrum
999 516 1403 579 coalescerent.
1493 519 1667 579 Tunc
1693 523 1882 581 solida
1905 526 2071 582 domi

211 604 426 681 „quies
455 615 512 660 et
534 604 813 660 adversus
839 612 1076 657 externa
1105 601 1447 674 floruimus3
1492 627 1626 663 cum
1657 606 2072 684 Transpadani

211 690 325 762 „in
358 689 652 746 civitatem
687 686 938 761 recepti,
1001 705 1137 742 cum
1173 690 1362 763 specie
1403 691 1786 750 deductarum
1821 714 1928 770 per
1971 716 2072 762 or·-v

211 777 395 847 „bem
418 786 605 832 terrae
629 773 931 847 legionum
957 771 1173 828 additis
1204 775 1661 848 provincialium
1690 779 2070 836 validissimis

210 862 409 932 „fesso
438 859 686 935 imperio
714 858 1071 914 subventum
1102 870 1201 918 est.
1287 857 1448 917 Num
1473 864 1739 936 poenitet=
1754 862 1975 922 Balbos
2003 885 2070 937 ex

210 945 551 1021 „Hispania
575 964 682 1001 nec
706 943 906 999 minus
933 942 1192 1017 insignes
1224 945 1384 1008 viros
1421 966 1452 1002 e
1475 944 1673 1006 Gallia
1692 936 2070 1008 Narbonensi

209 1047 244 1104 '‚,
257 1030 633 1090 transivisse?
717 1039 962 1085 manent
991 1031 1213 1104 posteri
1238 1051 1443 1087 eorum
1470 1052 1578 1090 nec
1606 1053 1804 1091 amore
1826 1036 1891 1092 in
1914 1032 2069 1093 hanc

208 1117 507 1194 „patriam
531 1115 706 1172 nobis
742 1114 1091 1175 concedunt.
1180 1114 1347 1188 Quid
1378 1115 1541 1190 aliud
1575 1119 1750 1177 exitio
1775 1118 2069 1178 Lacedae-

207 1202 474 1275 „moniis
522 1212 578 1258 et
624 1195 1093 1257 Atheniensibus
1137 1201 1279 1271 fuit,
1343 1222 1684 1280 quanquam
1721 1205 1901 1263 armis
1936 1205 2070 1282 pol-

207 1289 478 1360 ‚‚lerent‚
528 1286 648 1341 nisi
681 1286 842 1363 quod
877 1285 1064 1343 victos
1098 1306 1207 1363 pro
1246 1287 1590 1361 alienigenis
1626 1291 1940 1348 arcebant?
2007 1301 2067 1348 at

205 1372 529 1446 „conditor
575 1371 766 1428 nostri
797 1368 1096 1429 Romulus
1129 1384 1361 1430 tantum
1399 1374 1682 1450 sapientia
1715 1376 1935 1446 valuit,
1999 1386 2069 1432 ut

203 1459 562 1535 „plerosque
605 1457 860 1532 populos
908 1457 1117 1513 eodem
1168 1459 1263 1514 die
1306 1455 1527 1530 hostes,
1597 1461 1738 1518 dein
1772 1461 1928 1518 cives
1959 1457 2068 1518 ha-

203 1543 467 1615 ‚,buerit.
565 1543 826 1599 advenae
861 1542 928 1598 in
974 1561 1084 1598 nos
1131 1556 1543 1617 regnaverunt.
1648 1544 2068 1603 libertinorum

203 1620 238 1701 ‚'‚
250 1629 390 1686 filiis
420 1629 794 1702 magistratus
827 1627 1103 1684 mandari
1135 1649 1288 1698 non,
1344 1641 1414 1686 ut
1454 1631 1721 1708 plerique
1757 1630 2066 1701 falluntur,

204 1735 491 1792 ‚‚repens‚
535 1714 636 1771 sed
659 1713 847 1790 priori
869 1713 1091 1789 populo
1129 1715 1458 1773 factitatum
1496 1726 1598 1776 est.
1684 1711 1768 1774 At
1799 1731 1935 1774 cum
1958 1715 2066 1775 Se-
2121 1735 2123 1737 ·

1228 1959 1441 2001 conditor
1462 1959 1624 2002 nostri.
1685 1958 1762 2003 Sic
1786 1958 1890 2004 MS.
1910 1959 2064 2006 Guelf.

1170 2015 1397 2075 edd.Spir.
1410 2015 1516 2061 Put.
1531 2016 1603 2060 Μ.
1615 2025 1658 2061 et
1668 2015 1725 2059 V.
1737 2017 1945 2062 Beroal'd.
1959 2017 2065 2063 Alc.

1168 2072 1376 2118 Rhenan.
1409 2073 1518 2118 Ald.
1590 2073 1714 2118 Idem
1745 2087 1839 2118 esse
1877 2070 1924 2117 in
1958 2073 2062 2119 MS.

1169 2130 1296 2175 Flor.
1335 2147 1358 2174 e
1384 2130 1574 2174 Victorii
1607 2131 1784 2176 silentio
1816 2131 2062 2193 colligitur.

1168 2187 1286 2231 Edd.
1306 2197 1498 2233 recentt.
1520 2189 1575 2232 ad
1600 2204 1737 2233 unam
1765 2204 1921 2233 omnes
1936 2202 2063 2234 ‘cona

194 1985 198 1990 -
254 1964 546 2014 promotam.
606 1956 709 2007 MS,
748 1954 900 2000 Guelf.
933 1970 1096 2013 prom·

196 2025 443 2125 Ptctzemrrae,
475 2079 646 2128 gentes.
727 2071 806 2116 Sic
840 2071 942 2115 edd.
979 2071 1098 2129 Spir.

202 2131 367 2177 Oberl.
388 2145 486 2190 sqq.
510 2130 647 2174 MSS.
666 2128 793 2173 Flor.
818 2130 936 2186 (test.
955 2127 1099 2180 Pich„

201 2190 281 2235 sed
315 2188 434 2234 Vict.
473 2187 641 2248 patitur
680 2190 942 2244 gentesque)
981 2185 1096 2246 Agr.

198 2246 319 2292 Bud.
365 2245 461 2305 (qui
492 2254 646 2290 tamen
686 2261 711 2288 a
743 2260 836 2288 rec.
870 2260 935 2288 m.
968 2244 1099 2288 habet

200 2305 448 2364 copulam).
498 2331 558 2340 -
633 2303 734 2346 MS.
777 2302 843 2345 Re
878 2334 889 2344 .
942 2309 1098 2344 certae

197 2371 372 2417 gentes.
433 2359 696 2406 Sed'Guelf.
721 2359 824 2403 edd.
882 2367 945 2402 ut.
964 2359 1033 2402 M.
1055 2367 1100 2402 et

199 2420 260 2466 V.
281 2418 495 2464 Beroald.
516 2416 624 2463 Ale.
645 2416 790 2461 Rhen.
814 2431 914 2475 sqq.
941 2424 1098 2460 terrae

197 2485 469 2533 gentesque.
529 2474 674 2521 Paulo
709 2482 812 2519 ante
844 2475 998 2529 ipsam
1031 2474 1097 2517 in-

197 2535 348 2594 tellige
360 2534 590 2585 Italiam‚·
617 2547 815 2591 namque
836 2532 961 2590 prius
977 2531 1099 2575 Gaz-

196 2593 294 2637 liae
313 2590 502 2636 nomine
527 2591 767 2634 utebantur
785 2590 991 2648 regiones
1011 2590 1094 2634 sub

196 2648 394 2709 Alpibus
414 2650 522 2694 sitae
543 2649 664 2693 circa
686 2648 877 2691 Padum.

253 2709 417 2763 specie.
477 2705 782 2750 Convertunte
823 2713 966 2748 unter
988 2707 1095 2747 dem

195 2765 496 2819 *Vorwlandffl
533 2764 636 2822 quia
663 2762 863 2822 cogitant
886 2763 941 2805 de
971 2761 1093 2806 colo-

195 2820 379 2881 niarum
421 2821 715 2882 *deductionffi
763 2836 876 2880 quae
916 2818 971 2864 ab
1006 2818 1095 2870 hoc

196 2878 304 2924 loco
326 2878 470 2924 aliena
493 2886 574 2923 est.
635 2877 815 2922 Potius:
847 2878 995 2934 durch
1007 2879 1095 2918 das

198 2939 414 2981 Anselm.
447 2936 526 2981 ef.
561 2936 601 2988 2,
626 2937 668 2979 6.
713 2936 780 2988 15,
801 2935 846 2979 9.
914 2933 1092 2976 Etenim

200 2994 400 3053 legiones
442 2992 658 3037 deductae
699 3009 781 3052 per
818 2991 975 3045 orbem
1007 2999 1093 3033 ter-

194 3066 276 3096 ·rae
299 3060 343 3095 et
366 3053 414 3095 in
440 3050 595 3096 eastris
627 3049 702 3094 hie
731 3051 828 3096 illie
848 3047 1004 3110 positis
1030 3046 1094 3112 ¹⁰?

202 3117 325 3152 eatae
374 3108 465 3150 vim
510 3117 552 3152 et
595 3108 876 3151 maiestatem·
915 3104 1093 3164 imperii

198 3164 394 3209 Romani
419 3181 524 3222 prae
548 3179 593 3208 se
617 3165 825 3209 ferebant¹
840 3178 982 3221 eoque
1003 3178 1093 3205 me-

190 3229 298 3267 tum
330 3221 590 3266 inficiebant
617 3221 864 3280 provinciis
897 3229 942 3265 et
967 3235 1096 3267 cave·

202 3281 334 3332 bant,
368 3293 428 3322 ne
448 3294 518 3321 res
542 3282 851 3333 turbarentur.

243 3343 378 3386 ,ηιιηι
410 3338 633 3391 poenitet.
713 3338 800 3381 Ed.
831 3336 952 3394 Spir.
996 3347 1096 3377 nun

194 3395 424 3451 paenitet.
487 3393 587 3436 MS.
620 3393 773 3438 Guelf.
807 3407 904 3437 non
939 3410 1014 3448 p.,
1055 3398 1100 3434 et

204 3451 272 3497 si'e
322 3449 784 3496 ed.'Gr0noviorun1
829 3452 940 3495 1672
988 3448 1095 3495 vitio

207 3518 469 3568 operarum:
523 3506 639 3551 Nam
663 3509 816 3551 eadem
834 3509 1012 3568 signum
1033 3506 1098 3551 in-

205 3564 463 3625 terrogandi
487 3565 617 3610 habet
640 3573 741 3623 post
766 3567 1053 3610 transivisse.

1169 2248 1293 2288 ditor
1324 2255 1507 2296 noster,
1545 2247 1650 2290 inde
1684 2262 1708 2289 a
1733 2247 1871 2305 Lipsii
1905 2247 2062 2307 prima,

1169 2304 1255 2348 nisi
1277 2303 1414 2348 fallor
1436 2319 1459 2347 e
1479 2305 1645 2348 mendo
1666 2313 1846 2364 typogr.

1225 2404 1331 2446 dein
1353 2404 1486 2446 cives.
1544 2401 1630 2445 Ed.
1648 2401 1766 2460 Spir.
1788 2402 1890 2446 MS.
1904 2400 2059 2449 Guelf.

1168 2462 1338 2504 deinde
1371 2476 1409 2504 c.
1450 2459 1553 2504 MS.
1581 2459 1698 2504 Bud.
1733 2463 1896 2503 eodem
1923 2462 2059 2511 cives,

1169 2534 1195 2564 a
1217 2534 1312 2562 rec.
1336 2534 1400 2562 m.
1426 2519 1533 2560 dein
1560 2533 1596 2562 c.

1223 2618 1437 2658 advenae
1462 2645 1472 2657 .
1501 2645 1512 2656 .
1537 2644 1548 2656 .
1570 2624 1903 2667 regnaverunt.
1971 2616 2057 2666 Ed.

1166 2673 1286 2732 Spir.
1310 2675 1508 2715 Aduena
1531 2701 1543 2713 .
1559 2703 1571 2715 .
1587 2702 1599 2715 .
1622 2682 1921 2727 rogaverunt.

1770 2770 1842 2819 Cf.
1869 2773 2056 2819 sueton.

1223 2770 1547 2813 libertinorum
1560 2769 1697 2826 salitis.

1168 2827 1326 2875 Claud.
1361 2845 1402 2872 e.
1424 2827 1495 2872 24.

1224 2938 1464 2982 mandari.
1513 2935 1576 2979 Ex
1599 2934 1911 2984 emendatione
1922 2941 2056 3002 Lipsii

1164 3006 1240 3041 aut
1252 2995 1442 3039 Mureti.
1493 2994 1607 3038 Nam
1626 2996 1725 3040 edd.
1738 2997 1842 3041 Put.
1858 3000 1926 3043 M.
1945 3009 1987 3043 et
2002 3001 2056 3048 V.

1165 3056 1269 3100 Ber.
1291 3053 1394 3097 Alc.
1416 3053 1561 3096 Rhen.
1588 3069 1684 3112 sqq.
1709 3070 1748 3098 c.
1774 3056 1878 3100 MS.
1902 3046 2053 3103 Gue'll'.

1166 3114 1399 3159 mandati.
1431 3111 1926 3169 Ed.Spi1-.mandarec.
1952 3111 2052 3161 MS.

1165 3172 1288 3215 Flor.
1322 3172 1443 3225 (test.
1461 3168 1599 3223 vict.)
1631 3173 1923 3215 mandarent.
1982 3173 2054 3217 De

1166 3229 1262 3273 aliis
1320 3227 1444 3270 libris
1496 3225 1636 3270 altum
1686 3237 1752 3272 est
1806 3229 2052 3277 silentium.

1165 3285 1411 3344 Vulgatum
1464 3284 1663 3343 primum
1721 3283 1948 3332 invenitur
2006 3290 2055 3333 in

1168 3345 1269 3387 edd.
1327 3340 1449 3401 Lips.
1510 3341 1862 3401 posterioribus,
1922 3345 2051 3391 Pieh.

1168 3401 1353 3447 Gruter.
1378 3417 1474 3460 sqq.

1227 3514 1407 3553 repens.
1492 3497 1568 3541 Sic
1596 3497 1733 3542 MSS.
1771 3498 1894 3542 Flor.
1937 3501 2052 3556 (test.

1171 3557 1393 3608 Pichena;
1443 3555 1561 3601 Vici.
1603 3556 1750 3610 tacet)
1789 3556 1904 3601 Bud.
1951 3557 2051 3604 vat.
2080 3556 2098 3566 '⁰
