2164 3990
588 170 765 231 Lm.
807 128 941 230 xv,
1020 169 1222 232 *CAR
1266 173 1366 232 29.
1413 173 1512 232 30.
1856 179 1976 237 361

123 304 386 360 curulem
455 311 512 357 et
582 300 745 356 sedes
811 300 1061 372 effigiem
1117 300 1372 357 Neronis
1435 301 1794 365 sustinebat..
1906 309 1981 364 ad

123 408 301 464 quam
325 403 664 462 progressus
685 382 984 441 Tiridates
1009 385 1188 443 caesis
1210 406 1276 441 ex
1301 406 1466 443 more
1493 387 1748 445 victimis
1778 391 1980 448 subla-

78 493 88 501 ·
123 484 249 531 tum
277 471 463 546 capite
501 469 771 526 diadema
805 469 1050 542 imagini
1078 471 1354 540 subiecit,
1389 475 1618 544 magnis
1646 476 1803 547 apud
1833 497 1979 533 cun—

123 569 245 614 ctos
263 556 599 613 animorum
622 553 912 623 motibus,
957 575 1105 630 quos
1127 557 1374 628 augebat
1399 556 1573 613 insita
1607 554 1802 616 adhuc
1835 582 1979 617 ocu-
2017 578 2021 583 ·

122 642 196 698 lis
222 641 578 699 exercituum
592 636 1017 709 ‚Romanorum
1044 641 1246 697 caedes
1274 653 1375 698 aut
1403 641 1652 702 obsidio,
1736 655 1795 700 at
1818 666 1979 703 nunc

123 747 318 789 versos
342 744 530 787 casus:
574 724 799 780 iturum
824 723 1154 782 Tiridatem
1179 727 1434 783 ostentui
1459 726 1730 801 gentihus
1756 744 1976 806 quanto

122 813 321 869 minus
345 830 523 886 quam
545 805 880 884 captivum?

125 965 139 977 .
290 894 483 954 XXX.
548 891 802 951 Addidit
839 895 1058 968 gloriae
1084 892 1347 952 Corbulo
1382 895 1714 968 comitatem
1745 900 1978 974 epulas—

123 1002 265 1058 que:
312 992 368 1037 et
406 980 695 1054 rogitante
732 998 865 1052 rege
899 999 1130 1048 causaS‚
1181 980 1453 1056 quotiens
1487 1001 1711 1038 novum
1748 984 1978 1061 aliquid

123 1067 480 1142 adverterat,
549 1077 615 1121 ut
650 1064 820 1120 initia
858 1065 1196 1138 vigiliarum
1233 1084 1339 1139 per
1372 1066 1779 1123 centurionem
1816 1089 1976 1140 nun—

120 1151 283 1221 tiari,
327 1150 667 1208 convivium
693 1149 940 1206 buccina
966 1150 1186 1206 dimitti
1223 1162 1279 1206 et
1313 1160 1592 1206 structam
1623 1163 1758 1209 ante
1788 1174 1977 1230 augu-

121 1237 243 1292 rale
278 1257 440 1293 aram
477 1235 711 1292 subdita
743 1235 866 1290 face
900 1235 1170 1303 accendi,
1227 1248 1434 1292 cuncta
1471 1235 1535 1290 in
1574 1237 1766 1305 maius
1803 1241 1980 1310 attol-

123 1323 247 1377 lens
271 1321 661 1379 admiratione
690 1319 868 1393 prisci
902 1320 1085 1375 moris
1121 1320 1348 1377 adfecit.
1435 1317 1678 1378 Postero
1713 1323 1808 1380 die
1846 1345 1979 1400 spa-

207 170 258 206 A.
274 170 327 204 U.
341 169 424 204 817.

210 213 258 250 A.
278 213 326 249 C.
363 211 428 255 64.

118 1548 210 1592 Sed
247 1550 386 1594 verba
418 1550 688 1592 simulacris
722 1551 862 1590 deum
900 1563 1012 1591 con·

120 1605 344 1665 iungenda
377 1623 470 1649 esse
496 1608 608 1649 bene
632 1605 745 1650 vidit
766 1605 1011 1648 Ernestius.

121 1661 191 1704 De
218 1680 265 1706 re
290 1663 346 1707 ef.
370 1663 461 1706 Dio
484 1664 554 1711 62,
574 1661 647 1705 23.

177 1725 415 1770 sublatum
447 1722 614 1774 capite.
674 1719 750 1763 Sic
781 1719 878 1762 edd.
908 1720 1012 1763 Ber.

122 1779 179 1832 (c.
201 1779 269 1822 sil.
297 1777 432 1836 Vict.)
453 1778 596 1821 Rhen.
623 1793 720 1835 sqq.
758 1801 813 1810 --
850 1779 1010 1819 subla-

121 1843 219 1877 tum
257 1837 399 1889 capiti
426 1836 561 1879 MSS.
598 1835 721 1877 Harl.
758 1834 891 1877 Bodl.
924 1834 1009 1878 Ies.

120 1893 272 1943 Guelf‚
313 1893 414 1936 edd.
455 1891 574 1950 Spir.
615 1892 718 1935 Put.
750 1894 852 1935 Alc.
937 1893 1007 1935 De

119 1951 215 1993 aliis
238 1951 362 1994 libris
384 1951 650 2008 interpretes
677 1949 735 1994 ita
759 1957 932 1998 tacent,
962 1956 1012 1991 ut

120 2008 361 2053 videantur
384 2007 638 2055 consentire
660 2006 708 2049 in
732 2006 975 2064 vulgatum.

177 2074 364 2121 zturum.
423 2065 501 2109 Sic
521 2064 621 2109 edd.
643 2064 749 2107 Ber.
784 2065 842 2118 (c.
866 2064 1010 2107 silent.

121 2124 260 2178 Vict.)
289 2122 431 2167 Rhen.
455 2138 552 2180 sqq.
587 2146 642 2154 -
668 2154 671 2157 .
703 2124 874 2163 ilerum
905 2121 1010 2165 edd.

117 2179 232 2236 Spir.
255 2180 451 2225 Put.‘M.
478 2187 522 2223 et
543 2179 599 2222 V.
632 2179 734 2223 Alc.
767 2195 871 2223 cum
906 2178 1009 2223 cod.

120 2237 268 2281 Guelf.
876 2237 882 2245 ¹

177 2295 286 2343 CAP,
313 2293 387 2338 30.
446 2296 714 2337 comitatem
748 2297 1010 2349 epulasque.

118 2351 221 2397 MS.
248 2351 398 2396 Guelf.
425 2356 587 2406 epulas
610 2354 980 2406 comitatemque.

177 2418 221 2453 et
250 2413 484 2465 rogitante
517 2425 638 2464 rege.
710 2410 746 2451 Ι.
781 2408 855 2451 Fr.
895 2407 1009 2450 Gro-

118 2468 276 2514 novius
313 2467 437 2510 vult:
498 2469 786 2522 rogitantem
834 2480 1008 2520 regem,

119 2527 177 2569 ob
211 2540 402 2583 sequens
429 2524 614 2580 adfecit.
675 2523 754 2566 Est
779 2539 884 2566 sane
907 2539 1007 2571 ana·

119 2583 334 2626 coluthon
364 2581 413 2624 in
444 2581 623 2640 vulgata
655 2582 901 2639 scriptura,
931 2580 1007 2623 sed

118 2639 393 2686 levissimum
436 2639 653 2697 pluraque
696 2638 894 2681 eiusdem
934 2653 1008 2695 ge-

118 2698 255 2748 neris
274 2696 582 2742 inveniuntur.
670 2696 726 2740 cf.
762 2695 1007 2753 Baurngar-

119 2764 193 2798 ten
207 2753 367 2798 -Crus.
387 2754 435 2796 in
447 2753 700 2797 corollario
723 2753 776 2796 de
800 2769 899 2812 gen.
918 2751 1007 2795 dic.

119 2811 244 2854 Suet.'
272 2810 320 2853 in
353 2812 478 2856 clave
503 2812 691 2855 Sueton.
713 2811 795 2854 sub
817 2829 856 2854 v.
883 2824 1010 2852 ana-

30 2922 34 2925 ‚
119 2870 345 2915 coluthon.
409 2868 464 2910 Et
487 2868 574 2912 hoc
605 2868 787 2926 quidem
817 2867 919 2910 loco
948 2867 1009 2909 fa÷

121 2926 250 2972 cilius
284 2925 400 2970 haud
435 2924 568 2968 dubie
601 2926 851 2984 supplendo
882 2923 1010 2968 intel-

120 2984 227 3043 liges
254 2983 566 3028 accusativum
597 2983 650 3025 ad
694 2983 879 3026 verbum
921 2984 1010 3024 ad-

112 3042 249 3101 fecit,
295 3057 428 3098 quam
464 3047 513 3082 ut
543 3039 659 3082 feras
694 3039 1011 3087 incommodos

120 3101 397 3143 accusativos
431 3096 559 3139 illos:
603 3097 893 3150 rogitantem
931 3111 1011 3140 re-

118 3171 225 3212 gem
247 3170 429 3199 causas.
471 3154 710 3197 Debuisset
729 3154 882 3197 saltem
903 3155 1008 3197 scri·

119 3214 191 3258 bi:
231 3221 276 3256 et
307 3227 462 3267 regem
498 3213 780 3266 rogitantem
815 3227 849 3255 c.
917 3211 1007 3254 Sed

120 3271 194 3314 vel
218 3271 284 3314 sic
304 3268 574 3313 vocabulum
606 3283 764 3320 regem
792 3270 1010 3312 remotius

121 3335 186 3370 est
210 3343 234 3370 a
257 3328 418 3374 verbo,
486 3342 588 3368 uam
619 3334 669 3367 ut
701 3341 794 3368 non
817 3327 872 3370 sit
903 3328 1010 3370 sale-

125 3385 255 3427 brosa
288 3341 507 3427 eiusmodi
548 3389 791 3426 structura.
868 3383 1010 3441 Igitur

125 3440 331 3484 consulto
351 3440 558 3485 Tacitum
586 3439 828 3491 admisisse:
851 3455 1010 3487 anaco-

126 3496 280 3543 luthon
307 3507 475 3556 putato.

1144 1557 1194 1590 ut
1217 1549 1365 1591 initia.
1427 1547 1530 1591 MS.
1553 1544 1773 1594 Guelf.'et
1798 1553 1947 1598 initia.

1142 1609 1367 1648 nuntiari.
1460 1605 1536 1650 Sic
1580 1608 1695 1657 (sive
1738 1611 1978 1668 nanclart)

1085 1663 1220 1707 MSS.
1256 1664 1376 1706 Flor.
1410 1667 1530 1720 (test.
1556 1662 1699 1721 Vict.)
1728 1666 1843 1711 Bud.
1872 1668 1978 1713 edd.

1085 1721 1203 1778 Spir.
1227 1720 1371 1764 Rhen.
1393 1737 1490 1781 sqq.
1512 1745 1572 1754 --
1615 1725 1867 1767 enunciari
1876 1725 1977 1779 MS.

1087 1777 1237 1822 Guelf.
1270 1778 1372 1821 edd.
1401 1778 1503 1821 Put.
1528 1778 1594 1822 M.
1621 1787 1663 1822 et
1686 1779 1740 1824 V.
1763 1780 1974 1830 Beroald.

1082 1835 1182 1879 Alc.
1241 1835 1312 1878 De
1334 1835 1429 1878 aliis
1450 1835 1576 1879 libris
1595 1835 1826 1881 silentium
1853 1847 1932 1883 est.

1140 1900 1368 1936 structam
1410 1901 1522 1934 ante
1553 1898 1783 1946 augurale
1815 1911 1972 1940 aram.

1081 1950 1146 1993 Ex
1190 1950 1504 2001 emendatione
1547 1950 1708 2008 Lipsii,
1754 1967 1890 2010 quam
1927 1955 1976 1999 in

1085 2015 1347 2052 contextum
1373 2023 1583 2066 recepere
1606 2007 1823 2062 Pichena,
1856 2009 1975 2055 Gru-

1083 2075 1165 2109 ter.
1198 2080 1299 2122 sqq.
1330 2093 1390 2100 —
1445 2073 1627 2107 structa
1669 2075 1782 2109 ante
1819 2084 1976 2123 augu-

1080 2125 1232 2165 ralem
1264 2136 1405 2164 aram
1438 2122 1542 2165 MS.
1565 2122 1680 2166 Bud.
1705 2124 1805 2169 edd.
1829 2125 1974 2171 Rhen.

1082 2196 1180 2236 sqq.
1210 2187 1258 2221 ut
1289 2187 1470 2221 structa
1502 2179 1720 2238 intelligas
1749 2182 1880 2237 ligna
1903 2186 1977 2234 vel

1082 2237 1222 2280 simile
1246 2237 1370 2293 quid.
1431 2236 1544 2280 Edd.
1570 2237 1687 2294 Spir.
1713 2237 1816 2283 Put.
1842 2240 1908 2283 M.
1934 2252 1978 2286 et

1082 2293 1137 2337 V.
1160 2294 1262 2336 Ber.
1301 2295 1360 2347 (c.
1397 2294 1542 2337 silent.
1567 2293 1710 2350 Vict.)
1739 2296 1850 2340 Ale-
1868 2313 1975 2343 cum

1082 2352 1182 2394 cod.
1207 2349 1359 2393 Guelf.
1383 2351 1489 2393 dant
1509 2359 1740 2395 structam
1766 2347 1875 2396 ante
1895 2373 1976 2399 au·

1079 2412 1295 2462 guralem
1329 2422 1486 2450 aram.
1546 2408 1583 2450 E
1611 2408 1713 2452 MS.
1742 2410 1779 2452 F
1783 2409 1869 2455 lor.
1904 2414 1975 2457 Pi-

1082 2465 1222 2508 chena
1267 2465 1464 2522 prodidit
1499 2473 1760 2518 structarn5
1806 2469 1861 2512 de
1895 2487 1975 2517 vo.

1082 2521 1243 2565 cabulo
1267 2525 1545 2575 auguralem
1567 2522 1627 2566 ita
1649 2533 1791 2574 tacet,
1825 2535 1876 2570 ut
1900 2545 1974 2574 co-

1082 2580 1159 2622 dex
1199 2580 1246 2622 in
1291 2579 1476 2621 eandem
1523 2580 1719 2624 formam
1773 2583 1974 2631 videatur

1081 2636 1351 2679 consentire.
1399 2636 1479 2680 Sic
1501 2646 1545 2680 et
1561 2637 1805 2684 Victorius.
1854 2641 1973 2688 Con..

1078 2703 1149 2738 tra
1172 2692 1372 2751 Ryckius
1409 2710 1432 2735 e
1467 2693 1620 2738 collat.
1654 2696 1743 2741 Iac.
1769 2698 1971 2746 GronoV.

1081 2759 1266 2794 testatur
1297 2751 1344 2793 in
1369 2750 1501 2794 MSS.
1526 2752 1564 2795 F
1566 2752 1650 2796 lor.
1682 2761 1724 2796 et
1741 2755 1854 2815 Agr.
1879 2774 1974 2803 esse

1082 2811 1362 2908 “aazias
1387 2808 1422 2852 ¹·
1444 2807 1739 2911 gfffls'smfi
1773 2830 1819 2857 ⁵³
1841 2823 1970 2927 τ’·

1364 2898 1375 2909 .
1668 2900 1679 2911 .
1759 2887 1827 2916 or.
1890 2883 1971 2919 rest.

1081 2923 1289 2979 Pichen.)
1323 2923 1430 2980 Agr.
1462 2923 1580 2967 Bud.
1619 2924 1774 2972 Guelf.
1806 2929 1881 2972 alii
1918 2947 1973 2976 ue

1084 2981 1241 3028 codd..
1273 2981 1373 3024 edd.
1396 2981 1499 3039 Spir
1536 2981 1638 3025 Put.
1662 2984 1725 3027 M.
1752 2993 1795 3028 et
1816 2986 1872 3029 V.
1928 3005 1971 3032 e.

1084 3037 1226 3082 roald.
1261 3039 1321 3093 (c.
1352 3038 1501 3085 silent.
1527 3039 1662 3094 vict.)
1694 3041 1795 3086 Alc.
1829 3043 1973 3090 Rhen.

1084 3096 1208 3139 1533.
1247 3095 1355 3139 ΑΜ.
1398 3095 1579 3140 Ernest.
1622 3097 1750 3142 Brot.
1784 3117 1883 3159 sqq.
1913 3132 1972 3140 ...-

1081 3156 1311 3198 extollens
1336 3169 1359 3195 e
1382 3152 1586 3196 Rhenan.
1620 3158 1814 3200 secunda
1847 3161 1972 3206 venit

1080 3211 1126 3253 in
1153 3211 1256 3253 edd.
1278 3209 1325 3253 Li
1362 3226 1398 3251 s.
1422 3226 1521 3268 sqq.
1548 3227 1690 3270 usque
1716 3216 1770 3258 ad
1793 3215 1971 3263 Ernest.

1081 3268 1169 3311 Sed
1191 3269 1250 3314 cf.
1276 3268 1315 3319 3,
1364 3268 1406 3310 2.
1460 3269 1572 3313 Hist.
1597 3272 1638 3318 1,
1661 3268 1734 3314 70.
1794 3274 1847 3317 In
1865 3275 1972 3322 alte.

1082 3341 1174 3368 ram
1204 3334 1375 3383 partem
1398 3324 1571 3370 faciunt
1597 3329 1636 3380 1,
1658 3328 1702 3372 2.
1723 3329 1765 3372 9.
1787 3329 1858 3375 34.

1135 3390 1321 3436 postero
1363 3383 1455 3425 die.
1543 3383 1621 3427 Sic
1665 3385 1801 3431 MSS.
1842 3389 1968 3438 Flor.

1083 3441 1198 3493 (test.
1224 3439 1424 3493 Pichen.)
1451 3440 1557 3497 Reg.
1573 3441 1711 3486 Corb.
1734 3446 1833 3491 edd.
1855 3447 1971 3505 Spir.

1087 3497 1187 3542 Ber.
1220 3498 1277 3552 (c.
1302 3496 1447 3542 silent.
1474 3496 1612 3556 Vict.)
1645 3500 1744 3548 Alc.
1781 3503 1964 3552 Pichen.
