2164 3990
209 265 337 329 222
360 357 374 360 ἓ

882 262 1397 328 ANNALIUM

1753 266 1805 301 A.
1826 265 1878 301 U.
1893 265 1982 304 812.

1753 308 1804 347 A.
1824 308 1871 347 C.
1919 311 1980 348 50.

211 394 385 455 sicuti
421 395 650 453 coelum
688 396 842 466 deis,
903 396 984 454 ita
1021 406 1205 453 terras
1251 397 1451 472 generi
1495 399 1839 458 mortalium
1884 403 2085 474 dataS.¹

211 501 479 559 quaeque
512 501 760 550 vacuae,
816 499 911 536 eas
953 481 1216 557 publicas
1253 492 1390 543 esse'.

1487 483 1689 542 Solem
1723 487 1937 545 deinde
1972 508 2069 546 re-

211 567 462 642 spiciens
493 577 551 623 et
584 578 773 623 cetera
798 565 994 623 sidera
1015 586 1262 637 vocam,
1288 568 1472 645 ¹qnasi
1508 589 1705 626 coram
1739 571 2070 648 interroga-

210 654 340 723 bat,
381 652 678 709 vellentne
718 651 986 708 contueri
1021 651 1198 740 inane
1236 652 1472 709 solum?
1540 655 1739 730 potius
1771 677 1935 715 mare
1969 679 2071 717 su..

209 738 634 815 perfunderent
660 736 948 794 adversus·
965 748 1257 795 terrarum
1280 749 1589 812 ereptores,
1985 766 1987 768 ·

347 819 540 881 -LVL
611 817 690 879 Et
734 832 1062 879 commotus
1101 817 1197 878 his
1230 817 1473 880 Avitus:
1538 825 1814 900 patienda
1856 829 2071 885 melio-

210 928 347 966 rum
381 905 646 982 imperia.

736 905 800 963 id
834 907 977 977 diis,
1015 927 1164 984 quos
1195 906 1609 984 implorarent,
1649 912 1962 985 placitum,
2002 925 2072 972 ut

211 992 522 1050 arbitrium
555 1011 735 1067 penes
770 990 1078 1052 Romanos
1112 1002 1409 1062 maneret,
1467 994 1611 1070 quid
1642 985 1880 1067 darent,
1923 999 2069 1076 quid

211 1079 568 1147 adimerent,
631 1078 825 1156 neque
868 1078 1017 1136 alios
1073 1077 1296 1136 iudices
1356 1098 1535 1155 quam
1579 1098 1641 1136 se
1685 1080 1842 1159 ipsos
1906 1096 2071 1160 pate..

265 1309 405 1354 sicuti
432 1310 629 1352 coelum.
697 1307 775 1352 Sic
805 1306 945 1352 MSS.
974 1309 1012 1354 F
1016 1309 1101 1352 lor.

209 1369 325 1425 (test.
346 1365 499 1421 Pich.)
534 1364 657 1411 Harl.
689 1366 774 1409 les.
797 1364 954 1410 Guelf.
985 1366 1101 1410 Bud.

210 1426 312 1471 edd.
344 1424 466 1482 Spir.
497 1423 672 1467 Ernest.
695 1440 794 1482 sqq.
814 1452 872 1460 -
913 1424 1035 1467 sicut
1063 1439 1103 1468 e.

209 1484 314 1527 MS.
335 1481 470 1524 Bodl.
505 1481 606 1524 edd.
633 1481 733 1524 Put.
756 1481 823 1524 M.
849 1490 892 1525 et
915 1479 974 1524 V.
997 1481 1103 1526 Ber.

210 1543 270 1598 (c.
292 1538 441 1584 silent.
466 1539 606 1594 Vici.)
630 1537 733 1583 Alc.
755 1538 901 1585 Rhen.
921 1554 1021 1596 sqq.

265 1612 377 1655 deis.
435 1609 513 1653 Sic
533 1609 633 1652 MS.
657 1608 779 1654 Flor.
813 1611 938 1666 (test.
962 1609 1104 1668 Vict.)

210 1679 254 1715 et
277 1669 344 1713 ed.
367 1667 485 1726 Spir.
532 1667 592 1710 cf.
611 1682 739 1724 supr.
764 1683 805 1711 c.
823 1669 893 1711 41.
913 1695 973 1704 —-
1011 1667 1105 1712 diis

209 1728 311 1772 edd.
334 1726 440 1769 Put.
460 1723 528 1767 M.
555 1733 599 1767 et
620 1723 679 1767 V.
708 1723 814 1769 Ber.
837 1724 982 1769 Rhen.
1005 1741 1104 1785 sqq.

212 1801 320 1830 cum
340 1783 443 1827 MS.
470 1780 625 1826 Guelf.

265 1869 474 1913 quaeque
496 1868 687 1897 vacuae.
744 1852 822 1898 Sic
833 1850 965 1898 MSS.
978 1852 1104 1900 Flor.

213 1917 333 1970 (test.
346 1911 490 1967 Vict.)
515 1911 653 1956 Corb.
674 1911 776 1962 edd.
793 1910 978 1956 Pichen.
1001 1927 1100 1970 sqq.

208 1977 247 2047 ᾇ
287 1999 430 2028 vacue
479 1983 549 2025 ed.
597 1982 718 2040 Spir.
809 1980 924 2025 Cum
976 1981 1102 2024 Flor-

209 2042 434 2090 consentit
455 2039 570 2082 Bud.
597 2055 665 2097 pr.
689 2055 752 2081 m.
823 2039 979 2083 Altera
1009 2055 1102 2082 ma·

209 2118 294 2147 nus
316 2098 489 2142 addidit
516 2097 632 2147 sint,
696 2096 785 2139 uod
813 2097 947 2140 etiam
968 2103 1104 2140 exstat

207 2161 256 2206 in
288 2155 441 2201 Guelf.
532 2154 651 2197 Hinc
726 2153 944 2198 henanus.
963 2154 1103 2198 edidit

210 2228 420 2274 quaeque
453 2213 543 2255 sint
588 2226 775 2254 vacuae.
847 2211 962 2255 Edd.
994 2211 1102 2277 ppt.

210 2275 280 2318 M.
313 2279 356 2316 et
392 2272 445 2313 V.
480 2269 584 2312 Ber.
621 2284 742 2325 quae
774 2270 869 2311 sint
910 2284 1100 2319 vacuae,

211 2332 275 2376 uti
305 2337 371 2373 est
401 2329 448 2370 in
470 2326 606 2370 MSS.
630 2325 755 2370 Harl.
780 2325 913 2370 Bodl.
943 2335 986 2370 et
1016 2326 1097 2370 les.

210 2391 262 2434 In
277 2385 428 2431 Guelf.
448 2398 655 2441 quaeque
681 2399 759 2441 per
779 2384 1101 2442 compendium

210 2444 446 2491 scribitur,
496 2441 618 2500 quod
652 2440 850 2499 imperiti
886 2440 1008 2484 oculi
1041 2441 1102 2485 le·

210 2504 356 2564 gerint
380 2515 517 2557 quae.
579 2499 614 2542 l.
637 2499 714 2544 Fr.
740 2498 1004 2544 Gronovius
1031 2515 1101 2542 su-

211 2559 467 2620 spicabatur
482 2557 698 2600 'l'acitum
720 2556 930 2600 edidisse:
963 2571 1102 2613 quas·

209 2635 297 2677 que
347 2630 549 2664 vacuas,
598 2629 683 2658 eas
719 2616 931 2670 publicas
980 2629 1099 2658 esse.

208 2679 374 2722 Parum
410 2682 544 2717 recte.
629 2673 742 2716 Nam
778 2687 984 2730 quasque
1016 2689 1099 2715 va-

210 2748 320 2781 cuas
361 2730 410 2773 in
450 2730 527 2774 tali
567 2738 779 2774 contextu
821 2729 1007 2773 nonnisi
1047 2730 1102 2774 de

209 2791 343 2839 certis
364 2787 633 2847 quibusdam
659 2787 788 2831 terris
821 2787 911 2831 dici
944 2795 1102 2846 potest,

211 2866 318 2908 quas
345 2847 468 2905 quis,
499 2855 737 2905 postquam
766 2844 890 2888 aliud
926 2847 978 2889 de
1008 2845 1101 2888 istis

243 2905 534 2955 medicavit(
558 2919 721 2948 vacuas
755 2919 847 2946 esse
880 2903 1099 2946 adfirmat.

211 2924 295 3009 llic
315 2972 462 3007 autem
487 2960 595 3003 illud
625 2960 879 3005 membrum
901 2960 1023 3003 adest
1045 2959 1100 3003 ad

211 3019 515 3081 explicandam
556 3018 666 3062 alius
714 3017 906 3060 membri
954 3018 1102 3060 notio·

212 3096 340 3132 nem,
386 3093 439 3122 eo
484 3091 642 3127 sensu,
693 3085 743 3119 ut
782 3073 859 3117 ille
902 3073 1102 3132 publicas

213 3154 305 3182 esse
349 3136 491 3183 dicat,
545 3149 660 3200 quae
701 3133 788 3176 sint
822 3147 1008 3180 vacuae,
1055 3131 1102 3173 in

213 3211 301 3253 quo
326 3194 429 3237 loco
454 3190 700 3234 infinitivus
724 3205 828 3235 cum
851 3189 1103 3234 accusativo

213 3249 521 3308 intolerandus
544 3257 671 3292 esset.

269 3324 415 3365 solem
457 3320 628 3362 deinde
664 3318 930 3371 respiciens.
1010 3316 1102 3360 Pro

211 3382 405 3428 deinde,
440 3378 559 3435 quod
600 3376 768 3418 induxit
804 3374 1045 3417 Rhenanus
1079 3391 1102 3416 e

214 3437 315 3481 MS.
341 3434 457 3478 Bud.
475 3467 487 3484 ,
517 3433 747 3487 edd.Spir.
773 3432 876 3474 Put.
898 3431 1103 3474 Beroald.

214 3494 317 3539 Alc.
351 3491 456 3534 dant
490 3493 620 3538 inde,
655 3491 752 3533 MS.
777 3488 929 3532 Gueis.
958 3490 1102 3532 idem.

215 3550 274 3594 cs.
311 3553 350 3600 1,
382 3548 455 3591 29.
492 3555 723 3589 certatum
760 3549 872 3590 inde
912 3555 1103 3589 senlen-

215 3610 311 3659 tias,-
376 3606 422 3657 1,
458 3606 527 3650 44.
575 3607 949 3648 centurionatum
997 3605 1104 3647 inde

1173 1309 1284 1363 egit.
1343 1308 1606 1359 Respiciens
1631 1317 1699 1353 est
1720 1309 1768 1353 in
1790 1308 1895 1355 MS.
1917 1310 2070 1357 Guelf.

1175 1365 1278 1411 edd.
1302 1365 1407 1410 Put.
1432 1365 1486 1407 M
1496 1401 1503 1409 ,
1528 1375 1572 1410 et
1592 1367 1648 1409 V.
1668 1365 1774 1410 Ber.
1799 1367 1902 1414 Alc.
1922 1368 2068 1416 Rhen-

1174 1440 1194 1467 s
1229 1438 1272 1480 q.
1346 1425 1595 1479 despiciens
1621 1423 1757 1469 MSS.
1786 1425 1910 1470 Flor.
1966 1435 2067 1472 test.

1173 1438 1299 1525 &ilict-
1334 1498 1373 1525 c·
1406 1481 1482 1538 al.)
1511 1480 1629 1525 Bud.
1665 1482 1777 1540 Agr.
1810 1484 1913 1527 edd.
1979 1484 2069 1542 pir.

1174 1545 1218 1581 et
1238 1537 1324 1582 Iac.
1347 1538 1587 1588 Gronov.‚
1628 1539 1705 1596 qui
1729 1540 1822 1583 vult
1841 1541 1969 1585 illum
1994 1541 2068 1585 de-

1174 1595 1364 1653 spexisse
1395 1595 1545 1639 radios
1575 1596 1622 1639 in
1653 1604 1820 1641 terram
1853 1598 2014 1642 missos
2043 1615 2069 1643 a

1175 1653 1284 1696 sole.
1347 1653 1435 1696 Sed
1466 1655 1698 1708 despicere
1722 1662 1787 1698 est
1807 1656 1939 1698 etiam
1962 1671 2068 1699 ocu·

1176 1710 1243 1754 los
1283 1710 1371 1754 alio
1414 1719 1590 1755 vertere
1633 1711 2069 1780 (hmwegblioken).

1177 1767 1238 1811 cf.
1254 1767 1402 1812 Cicer.
1418 1783 1503 1826 pro
1518 1767 1652 1812 Rosc.
1668 1769 1726 1813 A.
1752 1785 1791 1813 c.
1813 1770 1859 1814 8.
1916 1769 2069 1814 Possis

1172 1825 1310 1883 igitur
1339 1825 1586 1883 intelligere
1618 1826 1770 1872 virum
1797 1843 1822 1871 a
1841 1826 1959 1872 duce
1979 1827 2068 1871 Ro·

1175 1898 1312 1926 mano
1345 1883 1663 1940 despicientem
1697 1884 1876 1928 coelum
1901 1901 2068 1930 versus.

1173 1939 1417 1983 Rhenanus
1441 1941 1633 1985 coniecit
1653 1942 1878 1996 aspiciens
1885 1959 1901 1994 ;
1933 1942 2069 1986 Hein-

1174 1997 1266 2040 sius
1294 1998 1550 2051 suspiciens
1577 1997 1651 2044 vel
1683 2000 1941 2054 dispiciens.
2000 1999 2070 2044 Si-

1172 2053 1290 2097 milis
1311 2054 1534 2098 librorum
1554 2056 1911 2115 opinionumque
1933 2058 2070 2102 varie·

1172 2119 1238 2155 tas
1265 2119 1329 2155 est
1352 2112 1470 2171 apud
1491 2112 1632 2159 Ovid.
1659 2115 1847 2158 Metam.
1875 2114 1944 2168 14,
1966 2114 2067 2160 178.

1172 2172 1444 2226 coelumque
1485 2177 1531 2212 et
1574 2171 1734 2215 sidera
1781 2175 1893 2216 solis
1933 2174 2068 2228 aspi-

1172 2228 1264 2279 cio,
1294 2226 1352 2270 al.
1378 2228 1568 2291 respicio
1581 2260 1593 2279 ‚
1623 2229 1679 2273 al.
1699 2231 1911 2284 suspicio.
1971 2231 2070 2275 Re·-

1170 2286 1362 2339 spiciens
1383 2294 1502 2328 certe
1523 2285 1571 2329 in
1586 2285 1733 2332 Taciti
1755 2286 1860 2332 loco
1879 2304 1976 2333 non
2001 2303 2070 2332 sa·

1172 2341 1230 2386 tis
1252 2350 1399 2385 tutum
1425 2349 1504 2386 est.

1229 2399 1644 2454 superfunderent.
1717 2401 1801 2447 Ed.
1834 2402 1953 2463 Spir.
1988 2418 2067 2447 su-

1169 2458 1477 2513 perfundere,
1517 2467 1561 2501 et
1591 2459 1657 2503 sic
1680 2459 1783 2505 MS.
1813 2461 1935 2504 Flor.
1960 2469 2067 2508 test.

1175 2514 1291 2558 Vict.
1374 2514 1501 2558 Idem
1539 2516 1653 2560 liber
1683 2518 1789 2561 eod.
1824 2526 1934 2562 teste
1968 2521 2067 2561 vel-

1173 2575 1299 2615 letne
1330 2587 1414 2630 pro
1446 2576 1692 2619 vellentne.
1767 2575 1919 2618 Possis
1949 2574 2068 2619 haud

1175 2629 1310 2672 dubie
1362 2631 1558 2673 velletne
1599 2631 1772 2675 referre
1817 2631 1871 2676 ad
1922 2648 2067 2676 unum

1173 2685 1340 2738 solem,
1394 2694 1443 2729 ut
1494 2687 1693 2731 siderum
1756 2688 2071 2748 potissimum3

1173 2744 1229 2788 ad
1240 2746 1395 2798 potius
1404 2745 1735 2800 superfundere
1747 2755 1897 2790 autem
1912 2746 2067 2792 nescio

1173 2817 1230 2844 an
1254 2799 1396 2843 intelli
1432 2800 1445 2842 i
1467 2802 1608 2860 possit
1629 2819 1745 2848 esse.

1232 2857 1344 2900 CAP.
1364 2858 1390 2900 5
1424 2889 1435 2901 .
1493 2861 1676 2905 Avitus.
1737 2862 1862 2906 Ed.S
1896 2864 1950 2906 ir.
1973 2865 2067 2906 ha-

1173 2917 1320 2967 bitus,
1351 2917 1413 2958 uti
1445 2925 1507 2959 est
1531 2917 1578 2959 in
1605 2919 1706 2964 MS.
1730 2918 1848 2963 Guel
1872 2951 1884 2963 .
1963 2919 2070 2965 Non

1173 2973 1332 3023 viden,
1363 2973 1470 3030 quid
1504 2974 1705 3032 Lipsiu‘m
1738 2977 1988 3035 impulerit,
2018 2985 2069 3020 ut

1174 3029 1421 3075 coniiceret
1453 3031 1718 3089 legendum:
1749 3050 1834 3078 nec
1856 3050 2068 3078 eommo-

1176 3096 1252 3131 tus
1284 3089 1357 3129 his
1384 3089 1444 3132 A.
1519 3088 1634 3133 Nam
1667 3091 1802 3134 verba
1838 3092 1924 3139 viri
1962 3091 2067 3136 satis

1175 3161 1280 3212 prae
1299 3160 1344 3187 se
1369 3145 1520 3190 serunt
1533 3148 1669 3192 animi
1693 3151 2066 3198 commotionem,
2135 3189 2137 3193 .

1172 3212 1233 3246 xta
1274 3204 1514 3261 compositi
1553 3214 1657 3249 sunt
1701 3207 1749 3250 in
1791 3206 2067 3251 delenimen-

1173 3270 1284 3304 tum.

1230 3320 1342 3374 quid
1393 3322 1590 3372 darent,
1638 3323 1749 3377 quid
1783 3322 2065 3365 adimerent.

1174 3374 1250 3419 Sic
1267 3374 1369 3419 MS.
1391 3377 1508 3420 Bud.
1540 3377 1640 3421 edd.
1663 3379 1781 3437 Spir.
1806 3378 1908 3422 Put.
1929 3377 1998 3421 M.
2024 3387 2067 3423 et

1176 3431 1233 3474 V.
1269 3433 1477 3477 Beroald.
1514 3438 1574 3490 (c.
1606 3434 1753 3479 silent.
1784 3435 1931 3490 vict.)
1962 3435 2065 3480 Alc.

1175 3489 1377 3534 Rhenan.
1407 3508 1597 3594 sqael—
1655 3495 1737 3548 qui
1765 3496 1961 3544 darent,
1993 3495 2071 3548 qui

1175 3550 1441 3592 adimerent
1523 3550 1603 3594 SS.
1629 3549 1754 3594 Harl.
1778 3551 1861 3594 les.
1884 3549 2035 3593 Guelf.

1235 3622 1379 3659 quam
1408 3621 1460 3649 se
1490 3609 1630 3661 ipsos.
1698 3607 1731 3651 Ι.
1764 3609 1843 3651 Fr.
1883 3607 2064 3654 Grono-
