2164 3990
1987 98 2014 116 r.

1800 177 1848 212 A.
1869 176 2018 216 &812

1798 221 1849 256 A.
1870 218 1918 256 C.
1956 219 2021 257 6⁴.

194 158 195 161 ‘
251 187 374 249 354
927 178 1430 239 ANNALIUM

258 332 384 376 tum
413 316 658 371 immo‘to
688 313 886 369 animo
914 309 1326 384 praenuntiam
1350 310 1715 367 imminentis
1738 296 1929 377 caedis
1961 332 2104 370 con-

259 401 563 460 tumeliam
589 398 892 472 excepisse.
981 394 1235 450 secutam
1265 390 1479 461 dehinc
1505 388 1707 451 vocem
1731 393 1993 454 Caesaris
2016 398 2105 455 fe.

255 498 425 556 runt,
503 505 617 563 qua
670 477 1114 538 reconciliatum
1131 524 1142 537 .
1163 497 1223 534 se
1273 475 1568 536 Thraseae
1620 481 1777 556 apud
1824 481 2107 539 Senecam

256 562 586 639 iactaverit,¹
626 589 689 624 ac
716 566 999 623 Senecam
1019 561 1253 620 Caesari
1276 565 1648 636 gratulatum.
1735 567 1894 624 unde
1918 566 2105 642 gloria

257 657 500 734 egregiis
523 654 668 711 viris
693 662 748 707 et
767 649 1032 726 pericula
1059 644 1397 721 gliscebant.

422 791 644 853 XXIV.
689 788 853 846 Inter
883 807 1030 864 quae
1054 786 1525 862 verisprincipio
1553 787 1727 862 legati
1746 784 2103 846 Parthorum

256 883 535 942 mandata
572 877 725 950 regis
750 872 1058 947 Vologesis
1093 872 1431 948 litterasque
1467 870 1531 927 in
1571 874 1818 930 eandem
1851 867 2105 931 formam

259 966 531 1028 attulere:
576 983 635 1018 se
664 961 861 1038 priora
892 969 946 1014 et
972 957 1184 1014 totiens
1210 957 1417 1014 iactata
1442 977 1617 1032 super
1641 958 1959 1015 obtinenda
1985 952 2108 1014 Ar-

255 1055 448 1113 menia
486 1069 646 1106 nunc
685 1046 987 1112 omittere,
1030 1043 1312 1120 quoniam
1352 1042 1438 1097 dii
1472 1043 1739 1118 quamvis
1774 1043 2107 1119 potentium

224 1190 225 1193 ,
255 1139 616 1218 populorum
653 1130 862 1188 arbitri
890 1129 1317 1204 possessionem
1348 1125 1584 1184 Parthis
1616 1148 1740 1184 non
1773 1127 1898 1185 sine
1934 1127 2106 1201 igno-

256 1225 439 1283 minia
464 1219 738 1279 Romana
773 1214 1165 1273 tradidissent.
1253 1211 1455 1287 Nuper
1484 1213 1747 1270 clausum
1767 1211 2106 1288 Tigranem,

246 1323 388 1394 ‘post
409 1307 659 1365 Paetum
689 1302 1097 1376 legionesque,
1143 1319 1274 1355 cum
1305 1298 1637 1373 opprimere
1672 1310 1900 1374 posset,
1939 1297 2107 1353 inco-

254 1400 444 1455 lumes
470 1390 774 1450 dimisisse.
863 1385 1002 1442 satis
1030 1382 1414 1459 adprobatam
1439 1383 1586 1453 vim,
1630 1384 1830 1441 datum
1859 1394 1917 1440 et
1954 1381 2108 1438 leni-

259 1483 394 1541 tatis
431 1476 913 1553 experimentum.
998 1467 1122 1526 Nec
1154 1479 1559 1525 recusaturum
1592 1467 1922 1526 Tiridatem
1955 1467 2110 1524 acci-

255 1568 473 1646 piendo
506 1558 821 1619 diademati
853 1557 917 1611 in
944 1555 1153 1611 urbem
1184 1553 1417 1622 venire,
1474 1553 1590 1608 nisi
1626 1553 1934 1611 sacerdotii
1968 1552 2108 1608 reli-

255 1655 427 1729 gione
455 1649 818 1712 attineretur.
907 1641 1130 1696 iturum
1155 1640 1228 1695 ad
1266 1638 1428 1712 signa
1463 1650 1519 1695 et
1552 1638 1769 1711 effigies
1803 1636 2108 1714 principi8‚

255 1740 360 1799 ubi
387 1733 720 1809 legionibus
745 1747 941 1785 coram
968 1743 1218 1798 regnum
1250 1724 1663 1800 auspicaretur.

303 1955 663 2015 praenuntiam.
734 1949 809 1993 Sic
849 1947 983 1992 MSS.
1018 1946 1143 1990 Flor.
1219 1944 1415 1994 Interim
1449 1944 1549 1987 edd.
1580 1944 1683 1988 Ber.
1718 1944 1814 1988 Alc.
1840 1940 1983 1990 Rhen.
2010 1958 2109 2002 sqq.

254 2026 373 2076 (test.
398 2014 532 2068 Viet.)
569 2008 750 2060 Guelf.;
798 2006 1145 2061 praenunciant

250 2077 358 2120 edd.
380 2081 487 2119 vett.

310 2154 488 2220 dehinc.
547 2169 629 2212 Ed.
652 2166 770 2225 Spir.
797 2165 978 2208 deinde.

297 2261 486 2335 ferunt.
575 2269 660 2312 Ed.
697 2268 803 2311 Ber.
844 2265 1002 2308 vitiose
1029 2265 1145 2321 sue·

253 2342 376 2380 runt.
441 2328 670 2373 Victorius
703 2341 725 2367 e
755 2323 856 2366 MS.
886 2323 1009 2365 Flor.
1043 2338 1143 2365 cor·

254 2395 363 2439 rexit
397 2390 444 2432 in
467 2388 660 2445 ferunt,
702 2381 824 2441 quod
863 2389 926 2423 est
961 2379 1008 2421 in
1045 2379 1145 2421 MS.

254 2447 403 2496 Guelf.
440 2446 542 2491 edd.
577 2442 693 2501 Spir.
733 2439 835 2481 Put.
870 2437 964 2481 Alc.
1002 2436 1146 2479 Rhen.

243 2526 345 2570 sqq.

311 2626 404 2668 qua
447 2601 793 2649 reconciliatum
802 2628 810 2637 .

253 2683 398 2728 quare
420 2662 735 2708 conciliatum.

902 2595 983 2637 Ed.
1028 2595 1144 2653 Spir.

755 2755 830 2798 Sic
882 2763 967 2798 vett
978 2787 988 2796 .
1045 2753 1148 2797 libri

313 2772 437 2814 unde
491 2761 663 2819 gloria.

850 2811 1068 2913 Quosdam
1102 2811 1151 2854 Ιὶ·

259 2843 441 2876 omnes,
495 2819 578 2864 nisi
613 2814 736 2873 quod
769 2813 812 2855 in

256 2890 364 2933 bros
401 2890 504 2927 ante
540 2874 785 2919 Piehenam
832 2887 854 2914 e
889 2871 972 2912 iios
1015 2868 1173 2930 (LiP⁸·,

290 2947 431 2988 riores
463 2947 505 2982 et
528 2932 733 2984 Gruter.)
765 2927 886 2972 vitio*
908 2942 1150 2984 operarum

258 3004 502 3058 mrepserat
527 2993 653 3034 unde
676 2987 854 3042 gloriae
870 3016 882 3039 ,
921 2983 1041 3042 quod
1070 2984 1152 3049 iste

256 3055 509 3104 emendavit
542 3066 566 3092 e
593 3046 692 3089 MS.
715 3042 837 3087 Flor.
877 3052 919 3085 et
951 3041 1018 3084 ed.
1047 3040 1147 3084 va.

256 3115 374 3160 Illud
409 3121 559 3154 tamen
588 3104 742 3146 vitium
780 3099 984 3143 Acidalio
1023 3114 1151 3141 eausa

255 3175 359 3222 fuit,
385 3179 432 3213 ut
453 3165 695 3211 coniiceret
718 3156 955 3205 delendum
982 3163 1025 3197 et
1047 3164 1150 3198 ante

248 3230 475 3287 pericula.

313 3344 425 3387 Cn».
447 3339 517 3382 24.
580 3334 709 3376 Inter
729 3344 862 3386 quoe.
923 3328 999 3372 Sic
1011 3326 1148 3374 MSS.

257 3403 379 3446 Flor.
429 3398 544 3451 (test.
591 3391 705 3432 vict.
753 3404 792 3429 c.
838 3385 983 3441 Pich.)
1030 3386 1146 3429 Bud.

255 3455 408 3503 Guelf.
457 3452 617 3508 aliique
661 3445 826 3491 codd.,
889 3442 989 3485 edd.
1024 3442 1143 3500 spir.

254 3517 357 3560 Put.
382 3511 444 3555 Μ.
474 3519 514 3551 et
542 3509 595 3548 V.
634 3514 674 3547 et
706 3501 865 3545 deinde
890 3498 1013 3543 Pich.
1041 3515 1140 3558 sqq.

1219 2003 1272 2046 ad
1295 2001 1553 2046 Pichenam.

1275 2075 1322 2114 in
1344 2076 1557 2114 eandem.
1617 2072 1692 2115 Sc.
1715 2088 1820 2116 cum
1844 2070 2081 2116 mandatis.

1278 2143 1541 2194 obtinenda.
1586 2142 1686 2187 MS.
1700 2143 1825 2187 Flor.
1846 2146 1961 2198 (test.
1976 2141 2110 2197 Vici.)

1220 2201 1488 2256 optinenda.
1574 2200 1637 2244 lta
1672 2209 1715 2244 et
1746 2199 1850 2244 alibi
1893 2215 2108 2244 nonuun-

1218 2275 1372 2318 quam.

1275 2357 1398 2383 mmo
1424 2342 1660 2385 omittere.
1720 2340 1825 2385 MS.
1847 2340 1970 2384 Flor.
1994 2341 2123 2395 (test.

1219 2399 1358 2454 vict.)
1392 2399 1461 2442 ed.
1494 2399 1610 2457 Spir.
1645 2403 1770 2442 nime
1805 2396 2112 2447 commfttere,

1220 2457 1346 2500 cuius
1365 2457 1456 2499 vitii
1481 2455 1702 2514 originem
1723 2456 1851 2500 facile
1873 2455 2110 2514 intelliges.

1220 2515 1328 2556 Mox
1359 2530 1463 2557 cum
1493 2522 1595 2557 ante
1625 2517 1888 2568 opprimere
1916 2512 2039 2557 deest
2064 2512 2111 2556 in

1219 2572 1319 2615 MS.
1348 2570 1500 2614 Guelf.

1275 2644 1394 2685 sotis
1415 2644 1730 2696 adprobatam
1751 2643 1860 2684 vim.
1920 2640 1996 2683 Sic
2010 2640 2114 2685 MS.

1219 2699 1369 2744 Guels.
1407 2700 1504 2741 edd.
1530 2698 1632 2742 Put.
1657 2698 1724 2740 M.
1751 2698 1855 2741 Ber.
1890 2699 2011 2752 (eum
2038 2699 2109 2742 sit.

1221 2757 1358 2812 Vict.)
1393 2755 1495 2800 Alc.
1532 2755 1677 2798 Rhen.
1708 2754 1810 2810 (nisi
1844 2754 1967 2813 quod
2002 2756 2111 2800 seri·

1219 2816 1329 2858 bunt
1362 2815 1572 2868 approb.)
1602 2829 1698 2870 sqq.
1731 2836 1787 2846 -—
1845 2814 1988 2856 satim
2020 2829 2111 2867 ap-

1213 2874 1465 2927 probatum
1498 2873 1588 2912 vim
1621 2871 1689 2914 ed.
1724 2869 1754 2912 S
1789 2870 1840 2913 ir.
1889 2898 1941 2908 -
1997 2871 2113 2915 satis

1218 2931 1531 2983 approbatum
1554 2929 1642 2970 vim
1666 2928 1735 2971 ed.
1797 2934 1861 2970 ut.
1886 2928 1938 2972 V.
2000 2927 2110 2971 Mox

1217 2987 1288 3029 ed.
1339 2985 1455 3043 Spir.
1510 2979 1678 3028 omittit
1729 2989 1921 3035 datum,
1961 2984 2111 3029 'nulla

1220 3044 1507 3087 distinctione
1533 3051 1634 3085 ante
1655 3049 1753 3085 nee.

1283 3125 1559 3168 Tiridatem.
1623 3123 1699 3169 Sic
1722 3126 1821 3170 MS.
1841 3123 1964 3180 Flor.
1993 3125 2111 3180 (test.

1224 3181 1374 3239 vien).
1438 3183 1679 3226 Tiridaten
1713 3183 1783 3226 ed.
1816 3181 1936 3239 Spir.
2016 3183 2109 3239 Ty-

1222 3245 1424 3283 reducem
1457 3240 1557 3283 MS.
1591 3239 1744 3283 Guelf.
1779 3233 1879 3283 e'dd.
1906 3239 2010 3282 Put.
2039 3242 2107 3286 M.

1222 3307 1263 3342 et
1278 3297 1332 3341 V.
1349 3297 1550 3341 Beroald.
1571 3296 1672 3340 Ale.
1698 3287 1840 3340 Rhen.
1861 3295 1964 3342 ΑΜ.
2024 3297 2111 3341 Eo-

1221 3357 1322 3399 dem
1348 3355 1483 3398 modo
1512 3371 1551 3398 c.
1573 3355 1641 3397 25.

1274 3439 1527 3483 sacerdotii
1587 3436 1821 3490 religione.

1925 3436 2106 3497 Quippe

1214 3500 1392 3557 lWaguS.
1454 3495 1511 3539 cf.
1538 3494 1652 3537 Ptin.
1677 3492 1746 3543 30,
1768 3494 1809 3536 Ξ.
