2164 3990
1756 228 1984 311 &53:231

216 233 340 292 328
891 230 1400 305 ANNALI-UM

408 359 520 422 III.
604 360 776 436 Quae
830 363 937 419 ubi
978 360 1311 420 Corbuloni
1359 365 1540 422 -eertis
1567 367 1822 425 nuntiis
1869 367 2072 426 audita

186 466 188 470 ’
220 457 387 516 sunt,
454 447 714 521 legiones
767 448 915 504 duas
969 467 1103 504 cum
1146 447 1447 508 Verulano
1499 449 1718 508 Severo
1773 463 1831 509 et
1873 451 2075 510 Vettio

219 530 452 590 Bolano
509 532 840 609 subsidium
894 532 1145 606 Tigrani
1205 535 1388 593 mittit
1452 536 1680 593 occulto
1748 548 2077 613 praecepte,

221 617 604 693 compositius
643 628 849 674 cuncta
885 637 1063 695 quam
1090 619 1464 678 festinantius
1497 631 1751 694 agerent.
1838 621 2078 698 Quippe
2146 660 2149 663 -

221 703 446 760 bellum
470 700 688 760 habere
712 723 890 781 quam
915 710 1113 777 gerere
1136 705 1408 765 malebat.
1485 707 1906 785 scripseratque
1920 705 2080 764 Cae-

225 789 344 844 sari
369 789 611 863 proprio
641 789 790 845 duce
829 809 978 865 opus
1013 808 1164 860 esse,
1206 790 1311 867 qui
1335 783 1679 848 Armeniam
1714 793 2079 850 defenderet:

227 873 463 951 Syriam
507 874 822 947 ingruente
856 873 1143 949 Vologese
1192 876 1416 933 acriore
1463 876 1528 931 in
1570 877 1907 934 discrimine
1927 897 2083 938 esse.

225 955 423 1036 Atque
450 959 691 1015 interim
709 961 972 1037 ‘reliquas
994 962 1253 1035 legiones
1280 982 1389 1037 pro
1414 962 1545 1036 ripa
1563 956 1888 1037 Euphratis
1912 965 2086 1033 locat,

230 1044 678 1101 tumultuariam
704 1046 1165 1120 provincialium
1189 1067 1436 1104 manum
1460 1057 1671 1116 armat,
1715 1042 1958 1104 hostiles
1989 1049 2088 1105 in-

230 1148 460 1202 gressus
479 1127 790 1206 praesidiis
817 1132 1134 1208 intercipit.
1222 1144 1279 1190 et
1303 1133 1441 1210 quia
1470 1151 1649 1206 egena
1673 1126 1960 1208 aquarum
1993 1152 2090 1189 re-

229 1214 324 1287 gio
351 1226 470 1284 est,
515 1216 749 1274 castella
781 1218 1046 1276 fontibus
1084 1219 1382 1294 imposita:
1427 1219 1715 1296 quosdam
1751 1218 1913 1275 rivos
1947 1236 2094 1274 eon-

231 1311 396 1373 gestu
420 1321 634 1358 arenae
669 1300 917 1363 abdidit.

408 1383 514 1446 IV.
568 1385 658 1444 Ea
699 1383 844 1446 dum
873 1410 906 1446 a
926 1386 1268 1446 Corbulone
1289 1389 1541 1446 tuendae
1563 1387 1770 1466 Syriae
1790 1399 2094 1464 parantur,

233 1482 362 1528 aeto
405 1473 623 1548 raptim
672 1475 905 1548 agmine
941 1474 1248 1545 MoneseS‚
1313 1487 1382 1534 ut
1423 1476 1643 1532 famam
1688 1473 1782 1530 sui
1812 1475 2096 1554 ²praeiret,

297 1676 409 1721 (ΞΜ).
443 1677 486 1721 S.
527 1673 532 1678 ⁴
572 1681 708 1722 certis
756 1683 949 1725 nuntiis.
1039 1682 1131 1726 Pro

235 1737 375 1779 certis
397 1736 497 1779 MS.
524 1736 633 1795 Reg.
666 1748 707 1781 et
733 1738 802 1780 ed.
824 1739 942 1798 Spir.
979 1739 1135 1784 ferunt

238 1795 434 1843 cunctis,
475 1796 598 1852 quod
629 1795 843 1840 Ernestio
878 1814 972 1840 non
1002 1798 1134 1842 vide-

237 1851 371 1894 batur
420 1853 750 1908 spernenduma
836 1854 895 1899 cf.
941 1854 1037 1899 Cic.
1080 1855 1136 1898 ad

241 1908 403 1964 Quint.
436 1910 512 1953 Fr.
545 1910 679 1959 212.
716 1915 930 1959 omnium
963 1914 1140 1956 nuntiis

233 1967 493 2022 perfertur.
591 1968 678 2011 Sed
719 1970 954 2025 vulgatum
1003 1979 1137 2014 tuen-

240 2033 316 2068 tur
339 2022 620 2067 MS.‘Guelf.
659 2025 760 2070 edd.
793 2027 893 2070 Put.
917 2028 984 2069 M.
1011 2037 1054 2070 et
1078 2027 1138 2070 V.

241 2082 450 2127 Beroald.
479 2087 536 2132 (c.
559 2083 706 2125 silent.
724 2083 858 2139 Vic't.)
880 2084 1140 2129 Ale.Rhen.

243 2153 346 2198 sqq.
420 2138 530 2183 7Mox
572 2153 655 2196 pro
689 2143 810 2184 duas
846 2142 983 2186 MSS.
1014 2141 1139 2186 Harl.

242 2196 376 2246 Bodl.
393 2196 480 2240 les.
507 2196 670 2240 h'abent
692 2211 823 2241 suas.

304 2253 349 2299 et
388 2246 559 2299 Vettio.
613 2247 958 2300 ‘Siesuadente
990 2256 1142 2314 Lipsio

246 2315 350 2362 edd.
385 2311 548 2369 Ryckii
580 2310 656 2368 s‘eq
692 2342 703 2353 .
732 2321 789 2355 ex
830 2311 1142 2372 inscriptioni-

245 2377 347 2420 bus.
408 2371 625 2428 Sunt‘qui
702 2368 884 2413 firment
900 2371 1144 2426 0θαῦτο-

245 2431 373 2484 nov.)
409 2426 530 2470 idem
563 2429 707 2471 inesse
733 2428 833 2471 MS.
863 2429 987 2471 Flor.
1055 2428 1145 2472 Sed

247 2485 479 2533 Victorius
506 2485 725 2530 intactum
758 2484 945 2544 reliquit
972 2488 1146 2535 Vectio,

248 2545 372 2644 quqsd
393 2551 457 2643 (gt
479 2541 808 2645 ianS.ls{rEelf.
831 2544 931 2588 edd.
947 2543 1052 2588 Put.
1075 2545 1146 2588 M.

249 2614 294 2651 et
360 2634 372 2647 .
442 2612 528 2646 er.·‘
591 2611 630 2647 c.
728 2618 799 2647 en.
823 2620 843 2645 s
912 2635 947 2655 .,
990 2619 1146 2646 corre-

248 2665 310 2709 xit
331 2669 486 2706 autem
506 2671 579 2716 qJ,
613 2658 816 2717 quodin
842 2618 912 2703 {Iti}
938 2659 1148 2707 Beroald.

251 2728 318 2766 est
349 2733 432 2777 pro
464 2725 523 2760 et.
594 2718 700 2762 MS.
725 2717 838 2774 Agr.
867 2719 937 2762 ed.
959 2718 1079 2775 Spir.
1105 2724 1150 2760 et

256 2776 414 2823 Vetto:
469 2775 528 2819 c'f.
554 2778 652 2827 not.
680 2774 736 2819 ad
763 2774 872 2819 Hist.
897 2776 939 2825 2,
961 2776 1033 2819 65.

311 2834 629 2885 compositius.
663 2877 680 2884 ‚A
725 2832 800 2875 Sic
846 2833 948 2877 MS.
994 2831 1147 2879 Guelf.

253 2890 352 2939 edd.
389 2891 492 2934 Put.
514 2890 585 2934 M.
611 2890 652 2933 et
675 2887 731 2932 V.
769 2890 874 2934 Ber.
908 2895 971 2945 (c.
1000 2891 1147 2935 silent.

254 2951 391 3006 vict.)
416 2949 517 2991 Ale.
545 2948 685 2992 Rhen.
714 2965 811 3006 sqq.
843 2973 901 2981 —-
960 2965 1149 3002 compo-

253 3010 373 3057 situs
415 3007 482 3050 ed.
515 3006 636 3064 Spir.
716 3007 883 3050 Eadem
926 3023 1029 3050 mox
1068 3023 1149 3063 pro

255 3081 399 3126 quam
423 3064 562 3115 ⁴habet
593 3080 720 3116 cum,
749 3074 794 3107 et
821 3071 967 3107 totum
997 3065 1150 3107 locum

256 3123 491 3169 constituit
533 3120 619 3165 sic:
639 3162 642 3163 γ
664 3125 862 3168 ,occulto
895 3128 1152 3177 praecepto

256 3182 571 3233 compositus:
603 3189 774 3226 cuncta
792 3196 896 3223 cum
908 3180 1150 3235 festinan-

260 3241 355 3281 tius
376 3246 592 3292 agerent.
655 3239 758 3285 MS.
783 3237 907 3280 Flor.
935 3241 989 3292 (t.
1011 3236 1151 3290 Vici.)

257 3312 340 3353 pro
375 3312 518 3350 quam
538 3295 855 3350 festinantius
886 3295 1017 3338 habet
1041 3309 1146 3337 con.

247 3353 573 3409 festinantius.
645 3353 759 3397 Edd.
789 3353 892 3396 Put.
933 3353 999 3396 Μ.
1034 3361 1076 3395 et
1098 3351 1153 3393 V.

263 3411 362 3453 Ber.
403 3410 501 3452 Alc.
534 3410 820 3464 festinatius.
915 3410 1155 3453 Rhenanus

251 3479 286 3510 *e
318 3468 418 3509 MS.
454 3467 567 3508 Bud.
601 3468 793 3511 restituit
825 3468 1156 3521 festinantius,

262 3525 386 3584 quod
414 3524 529 3565 idem
557 3524 718 3579 legitur
743 3526 789 3569 in
817 3525 969 3569 Guels.

322 3584 492 3625 bellum
528 3584 714 3625 habere.
798 3584 852 3629 H.
886 3600 923 3629 e.
966 3581 1155 3626 malebat

1203 1681 1375 1725 bellum
1413 1681 1497 1723 sibi
1532 1697 1638 1725 esse.
1696 1679 1905 1723 Heinsius
1934 1678 2099 1722 frustra

1207 1739 1400 1783 coniecit
1431 1741 1605 1780 bellum
1641 1740 1770 1780 alere
1800 1737 1871 1782 vel
1909 1739 2098 1779 trahere

1207 1797 1275 1839 vel
1308 1799 1478 1852 procul
1507 1797 1705 1846 haberem
1752 1793 1943 1837 'Hnetius
1981 1793 2099 1852 apud

1208 1854 1465 1897 Broterium
1493 1857 1684 1896 trahere
1704 1852 1770 1896 vel
1793 1867 1974 1897 cavere.
2017 1850 2101 1895 Ed.

1211 1911 1328 1970 Spir.
1350 1927 1433 1969 pro
1460 1913 1667 1954 malebat
1689 1911 1778 1953 sert
1801 1911 2059 1952 malebant.

1268 1970 1525 2023 ingruente.
1584 1967 1666 2010 Ed.
1689 1968 1806 2026 Spir.
1841 1968 2103 2022 ingredien-

1212 2035 1273 2070 te.
1333 2026 1423 2069 sed
1459 2025 1517 2068 cf.
1555 2027 1594 2078 1,
1615 2025 1688 2068 27.
1730 2026 1773 2077 2,
1796 2027 1864 2068 11.
1925 2024 2037 2068 Hist.
2061 2023 2104 2072 3,

1270 2142 1466 2184 acriore.
1533 2140 1634 2183 MS.
1659 2139 1769 2198 Reg.
1792 2147 1846 2183 -et
1879 2139 1949 2182 ed.
1988 2138 2105 2197 Spir.

1214 2214 1409 2244 acrlorl.

1243 2279 1245 2282 ·
1274 2255 1651 2300 tumultuariam.
1719 2250 1819 2297 Ed.
1838 2253 1956 2313 Spir.
1988 2253 2109 2297 Tum

1217 2317 1370 2359 multo
1394 2314 1595 2354 variam.
1849 2318 1852 2321 ⁴

1273 2380 1319 2415 et
1354 2371 1463 2427 quia
1494 2384 1641 2424 egena
1670 2376 1753 2412 etc.
1822 2364 1856 2412 I.
1881 2367 1957 2412 Fr.
1979 2365 2111 2412 ‘Gro-

1219 2428 1380 2474 novius
1432 2436 1585 2470 censet
1634 2426 1977 2486 corrigendum:
2012 2443 2014 2445 ·
2049 2435 2110 2475 et,

1219 2503 1311 2545 quo
1357 2500 1502 2539 egena
1536 2499 1776 2539 aquarum
1813 2485 1943 2537 regio
1981 2493 2113 2535 esset,

1219 2551 1349 2589 cast.⁴
1361 2545 1408 2600 f.
1442 2545 1470 2585 i.
1567 2541 1768 2594 Probaut
1799 2539 2031 2584 Ernestius
2069 2551 2114 2585 et

1219 2599 1550 2646 Lallernandus.
1631 2599 1884 2642 Falluutur.
1966 2598 2111 2641 Immo

1220 2661 1343 2716 regio
1371 2659 1457 2701 iam
1490 2658 1689 2714 primum
1726 2670 1943 2713 aquarum
1973 2670 2114 2714 egena

1221 2726 1340 2767 erat,
1382 2732 1518 2771 quam
1540 2730 1637 2756 rem
1664 2712 1869 2758 Corbulo
1898 2712 1947 2754 in
1981 2728 2115 2756 usum

1221 2774 1480 2822 vertendam
1527 2781 1647 2815 ratus
1687 2771 1842 2831 paueis
1877 2770 1955 2828 qui
1989 2778 2115 2814 erant

1221 2829 1422 2876 sontibus
1462 2828 1640 2875 castella
1681 2827 1921 2892 ἱηιρρεμίὶ;
1977 2843 2114 2928 quos-

1223 2890 1325 2935 dam
1359 2887 1508 2942 rivos,
1558 2887 1717 2943 quibus
1750 2903 1833 2945 pro
1862 2884 1949 2935 situ
2002 2901 2112 2929 oco-

1222 2963 1326 2990 rum
1359 2945 1505 2988 hostes
1538 2945 1600 2987 uti
1644 2953 1849 3002 possent,
1900 2950 2115 3000 congestu

1224 3019 1383 3048 arenae
1407 3002 1590 3054 abdidit,
1621 3011 1668 3044 ut
1692 3003 1749 3044 ita
1773 3000 1958 3059 ingressi
1983 3016 2005 3041 a
2041 3015 2116 3044 uas

1223 3059 1479 3104 invenirent
1505 3059 1636 3115 plane
1663 3058 1825 3101 nullas.
1850 3068 1853 3073 '
1884 3056 1984 3100 MS.
2052 3072 2116 3114 gr.

1223 3136 1306 3177 pro
1332 3133 1482 3171 egena
1506 3119 1637 3160 habet
1661 3131 1814 3170 egens.

1280 3178 1473 3219 abdidit.
1543 3174 1620 3218 Sic
1656 3174 1788 3217 codd.
1825 3173 1959 3216 MSS.
1993 3172 2116 3216 Flor.

1226 3235 1341 3289 (test.
1356 3232 1488 3290 Vici.)
1510 3230 1787 3275 Bud.Gue!f.
1815 3231 1990 3287 aliique,
2015 3230 2117 3271 edd.

1227 3292 1345 3346 Spir.
1368 3291 1573 3335 Rhenan.
1599 3306 1695 3347 sqq.
1720 3317 1776 3323 -
1817 3288 1992 3331 obdidit
2017 3287 2118 3329 cdd.

1226 3349 1327 3394 Pui.
1355 3349 1421 3391 M.
1454 3360 1496 3392 et
1512 3347 1561 3390 V.
1590 3349 1688 3390 Ber.
1713 3347 1812 3390 Ale.
1838 3355 1880 3387 et
1901 3346 2019 3387 inter
2044 3360 2117 3386 re-

1229 3407 1450 3449 centiores
1474 3404 1614 3464 Ryek.
1677 3405 1750 3446 Sic
1771 3412 1812 3445 et
1835 3402 1937 3445 cod.
1963 3401 2119 3444 Ursin.

1230 3464 1318 3513 Sed
1345 3464 1437 3507 vid.
1462 3473 1557 3505 not.
1582 3462 1635 3505 ad
1661 3460 1727 3508 13,
1748 3461 1790 3502 5.

1288 3520 1402 3563 CAP.
1427 3522 1468 3564 4.
1519 3521 1713 3576 sirmam
1745 3519 1835 3560 Sui.
1897 3517 1979 3561 Ed.
2003 3515 2117 3578 Spir-

1218 3580 1415 3635 famam
1439 3579 1529 3622 sici.
