2164 3990
1750 236 1803 272 A.
1817 236 1872 274 Π.
1897 238 1982 274 812.

1751 278 1872 326 Al.(z
1920 284 1982 319 59.

217 233 349 298 220
873 231 1416 296 ANNALIUM

216 383 519 428 natorum:
578 377 636 424 et
677 366 924 445 quinam
956 366 1154 422 forent
1186 367 1512 440 rogitantes
1550 380 1864 448 postquam
1895 375 2068 432 audi-

211 463 430 519 venant-
464 472 665 512 earum
703 451 968 526 gentium
1001 451 1206 525 legatis
1241 451 1307 508 id
1339 447 1585 512 honoris
1618 456 1858 529 datum,
1914 482 2066 538 quae

210 544 429 625 virtute
459 553 514 599 et
547 538 801 595 amicitia
825 534 1100 594 Romana
1122 539 1568 611 praecellerent,
1608 543 1809 600 nullos
1841 558 2068 604 morta-

209 629 359 686 lium
400 626 579 684 armis
611 634 712 679 aut
747 622 862 678 fide
897 633 1033 679 ante
1057 619 1386 680 Germanos
1412 645 1534 682 esse
1562 628 1920 701 exclamant,
1961 633 2066 688 de-
2117 627 2121 630 ’

208 713 674 790 grediunturque
708 720 763 765 et
785 707 943 764 inter
977 718 1170 783 patres
1203 709 1536 770 considunt.
1621 715 1782 789 quod
1819 717 2066 775 comiter

205 820 238 857 a
279 798 607 855 visentibus
657 804 965 868 exceptum
999 793 1167 869 quasi
1211 794 1465 868 impetus
1509 798 1741 874 antiqui
1793 813 1850 858 et
1902 803 2063 860 bona

202 884 612 943 aemulatione.
711 877 872 935 Nero
928 878 1161 935 civitate
1202 877 1477 937 Romana
1531 884 1736 940 ambos
1788 886 2059 946 donavit:

200 970 425 1028 Frisios
447 966 726 1024 decedere
757 964 910 1038 agris
944 964 1130 1023 iussit.
1216 959 1414 1041 Atque
1450 965 1571 1022 illis
1610 974 2060 1044 aspernantibus

201 1054 504 1114 auxiliaris
561 1069 735 1127 eques
782 1061 1020 1125 repente
1063 1050 1360 1107 immissus
1402 1053 1804 1112 necessitatem
1847 1059 2060 1130 attulit,

202 1142 386 1219 captis
415 1137 665 1195 caesisve
691 1136 794 1213 qui
817 1135 1178 1212 pervicacius
1200 1136 1551 1198 restiterant.

274 1320 277 1323 <
307 1335 313 1350 ,.
365 1276 501 1338 LV.¹¹
558 1271 817 1333 Eosdem
846 1293 1015 1347 agros
1039 1269 1347 1332 Ansibarii
1374 1296 1761 1351 occupavere,
1802 1278 2058 1339 validior

197 1385 338 1443 gens
372 1383 498 1420 non
526 1362 706 1419 modo
741 1380 845 1417 sua
884 1359 1052 1434 copia
1066 1400 1092 1429 ‚1
1125 1361 1226 1417 sed
1263 1359 1662 1419 adiacentium
1695 1366 2060 1439 populorum

190 1449 603 1520 miseratione,
646 1445 786 1523 quia
815 1444 975 1522 pulsi
1008 1465 1040 1502 a
1063 1441 1315 1502 Chaucis
1353 1457 1410 1503 et
1442 1447 1594 1503 sedis
1627 1447 1832 1524 inopes
1857 1462 2054 1509 tutum

195 1537 469 1596 exsilium
502 1533 770 1592 orabant.
866 1531 1182 1607 aderatque
1214 1530 1285 1586 iis
1317 1531 1507 1588 clarus
1535 1553 1641 1608 per
1676 1533 1807 1591 illas
1852 1549 2051 1610 gentes

195 1622 450 1683 etnohis
478 1638 714 1698 quoque
742 1616 894 1674 fidus
918 1616 1162 1673 nomine
1183 1613 1526 1687 BoiocaIUS‚
1567 1617 1836 1678 vinctum
1864 1641 1924 1682 se
1955 1643 2054 1679 re-

1570 1870 1672 1917 MS.
1707 1871 1861 1919 Guelf.
1892 1891 1918 1919 a
1955 1863 2069 1923 sees

675 1855 780 1920 MS.
813 1871 968 1917 Guelf.
1005 1871 1087 1930 qui
1213 1872 1480 1915 auxiliaris.

248 1894 368 1938 quae
400 1884 583 1922 vzrtute.

188 1940 374 1984 virtute.
1154 1946 1215 1972 m.
1249 1929 1542 1974 auxiliariis.

247 2016 332 2053 aut
342 2008 459 2063 fide.
520 2005 597 2049 Sic
627 2002 726 2046 edd.
750 2000 954 2043 Rhenan.
981 2016 1080 2057 sqq.
1210 2002 1496 2044 restiterant.

190 2084 294 2118 cum
306 2066 407 2108 MS.
421 2061 573 2107 Guelf.
597 2069 640 2106 et
660 2059 732 2102 ed.
750 2058 871 2115 Spir.
889 2081 944 2089 —
962 2059 1089 2115 fidei
1153 2066 1275 2101 rent.

189 2126 299 2195 edd.
325 2123 430 2190 Put3
468 2121 536 2164 M.
565 2117 687 2163 etv.
712 2115 923 2183 Beroald.
954 2119 1078 2170 (cum
1210 2128 1320 2173 CAp,
1357 2128 1426 2172 55,
1496 2129 1745 2173 Ansibarii.
1816 2130 1892 2175 Sic
1938 2131 2026 2176 edd

189 2183 336 2228 Sfleffl·
367 2180 507 2236 Vleh)
542 2178 644 2222 Alc·
734 2173 824 2219 sed
855 2173 943 2219 ”d-
979 2182 1078 2218 ¹²01·
1149 2186 1356 2230 Beroald.
1379 2187 1437 2242 (c.
1463 2186 1612 2231 silent.
1639 2187 1782 2243 Vict.)
1807 2187 1909 2232 Ale.
1930 2165 2045 2234 Rhe:

187 2257 292 2300 seq„
535 2260 554 2279 κ
1148 2260 1255 2289 nan.
1283 2259 1380 2301 sqq.
1413 2272 1473 2280 --
1529 2246 1784 2299 Ansybarii
1812 2246 1912 2293 edd.
1941 2234 2043 2293 Put.

244 2331 355 2377 ante
395 2321 664 2365 Germanos
694 2331 810 2361 esse.
888 2314 947 2360 cf.
977 2322 1074 2359 not.
1148 2302 1217 2345 Μ·
1251 2310 1292 2344 et
1316 2301 1368 2344 V·
1404 2318 1510 2345 cum
1539 2301 1677 2346 MSS·
1705 2302 1790 2346 les·
1824 2312 1866 2351 et
1888 2304 2043 2352 Guelf.

185 2384 240 2431 ad
269 2373 307 2437 1}
328 2379 402 2424 27.
432 2377 515 2422 sub
546 2391 593 2423 v.
623 2383 735 2420 ante
767 2373 890 2419 alios
920 2381 1079 2416 aetate
1149 2383 1206 2392 ·“
1239 2360 1445 2426 Ansium·
1446 2361 1479 2415 1'1‘
1506 2359 1574 2402 ed·
1603 2359 1720 2418 Spir-
1748 2369 1792 2404 et
1818 2360 1881 2405 Sic
1904 2362 2042 2408 MSS.

181 2451 229 2487 et
249 2442 405 2497 gloria
424 2436 546 2480 belli,
1151 2417 1325 2460 Vaticc.
1348 2415 1423 2460 vel
1442 2416 1747 2473 Ampsivarii.
1804 2418 1906 2464 MS.
1920 2419 2041 2469 Bud.

237 2499 678 2580 degrediunturque.
736 2516 815 2561 Sic
836 2515 935 2570 edd.
950 2514 1078 2560 Pieh.

1589 1999 1690 2045 MS.
1731 2002 1812 2046 les.
1856 2005 2045 2049 resiste-

1149 2476 1192 2517 A
1195 2474 1416 2534 msl'bclril'.

1208 2547 1318 2602 quia
1331 2545 1472 2600 pulsi.
1530 2543 1612 2588 Ed.
1625 2543 1744 2603 Spir.
1763 2549 1887 2602 quod
1903 2549 2041 2603 pulsi.

374 2578 677 2683 uehu-
695 2604 780 2677 ὦ,
804 2575 1075 2675 azaer·

178 2656 358 2744 siiessi‘iss
389 2671 602 2760 Vic'torii.
651 2666 893 2738 ‘Dubitari
923 2648 1077 2734 ᾎᾱζιῗζ

178 2759 307 2808 licei,
337 2763 492 2798 utrum
517 2759 575 2795 sit
594 2765 772 2796 verum.

219 2841 374 2899 *quasi
408 2839 612 2892 impetus
651 2832 834 2888 antiqui
874 2839 919 2875 et
952 2833 1073 2874 bona

178 2899 508 2954 aemulatione.
602 2893 678 2936 Sic
711 2890 845 2933 MSS.
884 2897 925 2932 et
960 2897 1070 2932 vett.

179 2957 281 3003 edd‘.
299 2953 663 3008 recentioresque
687 2948 792 2991 inde
815 2965 837 2990 a
856 2946 1070 2990 Pichena.

175 3016 420 3061 Rhenanus
461 3005 681 3068 syllabam
715 3004 782 3048 ne‘
816 3004 864 3047 in
906 3018 1070 3046 aernu-

175 3074 356 3118 latione
381 3088 403 3114 a
424 3066 648 3115 vocabulo
665 3063 798 3108 'Nero
822 3069 1069 3104 mutu-atam

174 3125 298 3175 ratus
332 3126 540 3176 dederat:
576 3128 625 3168 εἰ
650 3125 771 3165 bona
796 3119 1068 3162 aemulatio.

175 3185 263 3233 sed
281 3180 577 3241 'amat‘Noster
601 3179 861 3227 varietatem
879 3184 1069 3219 structu·

174 3261 278 3297 rae;
346 3254 451 3286 uare
489 3237 825 3284 frustraetiam
856 3232 1068 3277 Heinsius

176 3303 368 3348 coniecit
391 3309 436 3343 et
463 3301 610 3341 bonae
635 3293 972 3339 aemulationis·
999 3289 1067 3333 vel

176 3362 285 3406 boni
308 3360 591 3400 aemulatus.
651 3352 827 3412 Lipsius
856 3348 1066 3393 malebat:

175 3423 228 3465 ei·
244 3415 354 3460 b'oni
372 3415 701 3457 aemulatione.
750 3407 922 3452 Verum
946 3408 1069 3448 bona

176 3473 495 3522 aemulatione
523 3470 596 3515 hic
620 3469 777 3513 eodem
799 3480 931 3510 sensu
959 3463 1067 3507 diei-

176 3546 251 3581 tur
281 3546 374 3591 quo
404 3537 471 3571 est
501 3530 623 3570 bono
657 3526 879 3581 exemplo
914 3523 952 3575 1,
973 3521 1069 3575 384

178 3596 329 3639 bonae
352 3586 584 3632 societatis
615 3586 653 3634 l,
678 3583 749 3626 58.

1149 2602 1351 2647 Varietas
1372 2611 1471 2646 orta
1494 2609 1558 2645 est
1581 2618 1604 2645 e
1630 2603 1901 2662 compendio
1932 2607 2040 2650 scri-

1148 2669 1320 2718 pturac.

1205 2731 1429 2774 exsilium
1467 2731 1686 2773 orabant.
1773 2729 1858 2774 Ed.
1915 2732 2036 2792 Spir.

1143 2790 1385 2832 auxilium.
1404 2790 1727 2843 postulabant.
1787 2789 1838 2832 ln
1866 2799 2037 2844 postu,-

1143 2848 1307 2888 labant
1331 2846 1559 2903 conspirat
1579 2846 1682 2889 MS.
1706 2845 1816 2904 Agr.

1200 2919 1464 2973 aderatque
1495 2917 1569 2960 iis.
1629 2916 1762 2959 MSS.
1797 2917 1919 2962 Harl.
1953 2919 2034 2965 les.

1144 2973 1294 3017 Guelf.
1321 2974 1458 3018 Corb.
1478 2974 1586 3031 Agr.
1609 2973 1678 3016 ed.
1695 2974 1813 3032 Spir.
1837 2979 2034 3020 aderat-

1143 3047 1227 3089 que
1249 3035 1346 3082 his,
1377 3031 1552 3090 vulgari
1580 3031 1866 3076 confusione.

1199 3102 1467 3145 Boiocalus.
1537 3101 1615 3145 Sic
1645 3102 1746 3146 edd.
1773 3102 1874 3147 Put.
1897 3105 1965 3148 M.
1989 3114 2032 3150 et

1141 3158 1198 3202 V.
1229 3159 1434 3203 Beroald.
1469 3159 1573 3203 Ale.
1607 3159 1814 3203 Rhenan.
1844 3177 1940 3220 sqq.
1976 3186 2031 3197 —-

1138 3219 1374 3260 boiaculus
1397 3217 1500 3260 MS.
1524 3217 1635 3274 Reg.
1667 3225 1710 3260 et
1729 3218 1800 3260 ed.
1824 3219 1943 3277 Spir.
1972 3249 2031 3257 -

1139 3275 1363 3318 Biocalus
1388 3275 1524 3318 MSS.
1554 3276 1638 3318 les.
1665 3273 1816 3318 Guelf.

1194 3348 1394 3389 vinctum
1417 3360 1486 3389 se.x
1542 3344 1627 3389 Ed.
1650 3345 1768 3403 Spir.
1795 3347 2024 3392 vinctum-

1138 3418 1224 3461 que
1243 3418 1319 3455 se,
1356 3403 1478 3461 quod
1501 3418 1595 3445 non
1618 3403 1919 3460 spernendum
1947 3417 2027 3454 est.

1137 3463 1204 3506 lta
1228 3461 1571 3519 coniunguntur
1579 3461 1712 3517 fidus
1739 3467 1783 3503 et
1802 3463 2026 3518 reserens.

1137 3517 1199 3564 cf.
1229 3526 1325 3561 not.
1356 3519 1409 3562 ad
1439 3534 1482 3562 c.
1505 3518 1576 3561 46.
1599 3517 1682 3560 sub
1708 3533 1753 3562 v.
1781 3532 1922 3576 seque
1954 3525 2026 3568 ire

1136 3585 1220 3621 etc.
1278 3575 1382 3622 MS.
1409 3574 1563 3620 Guelf.
1589 3575 1761 3619 vietum
1786 3590 1851 3623 se.
