<?xml version="1.0" encoding="UTF-8"?>
<!DOCTYPE html PUBLIC "-//W3C//DTD XHTML 1.0 Transitional//EN"
    "http://www.w3.org/TR/xhtml1/DTD/xhtml1-transitional.dtd">
<html xmlns="http://www.w3.org/1999/xhtml" xml:lang="en" lang="en">
 <head>
  <title>
</title>
<meta http-equiv="Content-Type" content="text/html;charset=utf-8" />
  <meta name='ocr-system' content='tesseract 3.04.00' />
  <meta name='ocr-capabilities' content='ocr_page ocr_carea ocr_par ocr_line ocrx_word'/>
</head>
<body>
  <div class='ocr_page' id='page_1' title='image "./operarecensuitet02taciuoft/operarecensuitet02taciuoft_0265.png"; bbox 0 0 2164 3990; ppageno 0'>
   <div class='ocr_carea' id='block_1_1' title="bbox 163 196 381 284">
    <p class='ocr_par' dir='ltr' id='par_1_1' title="bbox 163 196 381 284">
     <span class='ocr_line' id='line_1_1' title="bbox 163 196 380 241; baseline -0.032 -3"><span class='ocrx_word' id='word_1_1' title='bbox 163 198 279 241; x_wconf 32' lang='lat' dir='ltr'><strong>A01U.</strong></span> <span class='ocrx_word' id='word_1_2' title='bbox 293 196 380 234; x_wconf 54' lang='grc' dir='ltr'>θῖν’.</span> 
     </span>
     <span class='ocr_line' id='line_1_2' title="bbox 164 241 381 284; baseline -0.009 -6"><span class='ocrx_word' id='word_1_3' title='bbox 164 243 222 284; x_wconf 53' lang='grc' dir='ltr'>ὼν</span> <span class='ocrx_word' id='word_1_4' title='bbox 234 241 281 278; x_wconf 88' lang='lat' dir='ltr'>C.</span> <span class='ocrx_word' id='word_1_5' title='bbox 316 241 381 276; x_wconf 76' lang='grc'>60.</span> 
     </span>
    </p>
   </div>
   <div class='ocr_carea' id='block_1_2' title="bbox 573 158 980 291">
    <p class='ocr_par' dir='ltr' id='par_1_2' title="bbox 573 158 980 291">
     <span class='ocr_line' id='line_1_3' title="bbox 573 158 980 291; baseline 0.002 -32"><span class='ocrx_word' id='word_1_6' title='bbox 573 197 773 291; x_wconf 67' lang='lat' dir='ltr'>Lm.</span> <span class='ocrx_word' id='word_1_7' title='bbox 816 158 980 260; x_wconf 55' lang='grc' dir='ltr'>ΧΝ.</span> 
     </span>
    </p>
   </div>
   <div class='ocr_carea' id='block_1_3' title="bbox 1054 178 1991 289">
    <p class='ocr_par' dir='ltr' id='par_1_3' title="bbox 1054 178 1991 289">
     <span class='ocr_line' id='line_1_4' title="bbox 1054 178 1991 289; baseline 0.003 -30"><span class='ocrx_word' id='word_1_8' title='bbox 1054 180 1282 289; x_wconf 64' lang='lat' dir='ltr'>cAP.</span> <span class='ocrx_word' id='word_1_9' title='bbox 1314 199 1411 259; x_wconf 85' lang='lat'>16.</span> <span class='ocrx_word' id='word_1_10' title='bbox 1799 199 1926 262; x_wconf 74' lang='lat'>255</span> <span class='ocrx_word' id='word_1_11' title='bbox 1988 178 1991 181; x_wconf 76' lang='grc'><strong>’</strong></span> 
     </span>
    </p>
   </div>
   <div class='ocr_carea' id='block_1_4' title="bbox 76 327 1954 493">
    <p class='ocr_par' dir='ltr' id='par_1_4' title="bbox 76 327 1954 493">
     <span class='ocr_line' id='line_1_5' title="bbox 76 327 1954 413; baseline 0.001 -25"><span class='ocrx_word' id='word_1_12' title='bbox 76 334 334 399; x_wconf 68' lang='lat' dir='ltr'>necdum</span> <span class='ocrx_word' id='word_1_13' title='bbox 383 328 631 403; x_wconf 83' lang='lat' dir='ltr'>insignis</span> <span class='ocrx_word' id='word_1_14' title='bbox 685 328 902 385; x_wconf 84' lang='lat' dir='ltr'>aetatis.</span> <span class='ocrx_word' id='word_1_15' title='bbox 954 329 1083 386; x_wconf 87' lang='lat' dir='ltr'>nati</span> <span class='ocrx_word' id='word_1_16' title='bbox 1136 327 1442 386; x_wconf 80' lang='lat' dir='ltr'>considere</span> <span class='ocrx_word' id='word_1_17' title='bbox 1496 327 1676 386; x_wconf 85' lang='lat' dir='ltr'>simul</span> <span class='ocrx_word' id='word_1_18' title='bbox 1733 340 1792 389; x_wconf 83' lang='lat' dir='ltr'>et</span> <span class='ocrx_word' id='word_1_19' title='bbox 1831 333 1954 413; x_wconf 58' lang='lat' dir='ltr'>acl-7,</span> 
     </span>
     <span class='ocr_line' id='line_1_6' title="bbox 77 415 1938 493; baseline -0.001 -17"><span class='ocrx_word' id='word_1_20' title='bbox 77 419 227 491; x_wconf 83' lang='lat' dir='ltr'>latos-</span> <span class='ocrx_word' id='word_1_21' title='bbox 289 417 384 473; x_wconf 88' lang='lat' dir='ltr'>vel</span> <span class='ocrx_word' id='word_1_22' title='bbox 448 415 672 472; x_wconf 84' lang='lat' dir='ltr'><strong>ibidem</strong></span> <span class='ocrx_word' id='word_1_23' title='bbox 739 425 1001 489; x_wconf 88' lang='lat' dir='ltr'>repertos</span> <span class='ocrx_word' id='word_1_24' title='bbox 1070 433 1273 471; x_wconf 88' lang='lat' dir='ltr'>versus</span> <span class='ocrx_word' id='word_1_25' title='bbox 1349 426 1697 471; x_wconf 84' lang='lat' dir='ltr'>connectere</span> <span class='ocrx_word' id='word_1_26' title='bbox 1764 429 1938 493; x_wconf 88' lang='lat' dir='ltr'>atque</span> 
     </span>
    </p>
   </div>
   <div class='ocr_carea' id='block_1_5' title="bbox 76 492 1532 580">
    <p class='ocr_par' dir='ltr' id='par_1_5' title="bbox 76 492 1532 580">
     <span class='ocr_line' id='line_1_7' title="bbox 76 492 1532 580; baseline -0.001 -20"><span class='ocrx_word' id='word_1_27' title='bbox 76 492 261 580; x_wconf 62' lang='lat' dir='ltr'>ipsius</span> <span class='ocrx_word' id='word_1_28' title='bbox 293 502 476 558; x_wconf 80' lang='lat' dir='ltr'>verba·</span> <span class='ocrx_word' id='word_1_29' title='bbox 509 520 749 576; x_wconf 83' lang='lat' dir='ltr'>quoquo</span> <span class='ocrx_word' id='word_1_30' title='bbox 783 500 963 555; x_wconf 88' lang='lat' dir='ltr'>modo</span> <span class='ocrx_word' id='word_1_31' title='bbox 988 501 1217 574; x_wconf 89' lang='lat' dir='ltr'>prolata</span> <span class='ocrx_word' id='word_1_32' title='bbox 1243 499 1532 575; x_wconf 88' lang='lat' dir='ltr'>supplere.</span> 
     </span>
    </p>
   </div>
   <div class='ocr_carea' id='block_1_6' title="bbox 1621 502 1939 577">
    <p class='ocr_par' dir='ltr' id='par_1_6' title="bbox 1621 502 1939 577">
     <span class='ocr_line' id='line_1_8' title="bbox 1621 502 1939 577; baseline 0.006 -21"><span class='ocrx_word' id='word_1_33' title='bbox 1621 502 1782 575; x_wconf 88' lang='lat' dir='ltr'>quod</span> <span class='ocrx_word' id='word_1_34' title='bbox 1804 522 1939 577; x_wconf 90' lang='lat' dir='ltr'>spe-</span> 
     </span>
    </p>
   </div>
   <div class='ocr_carea' id='block_1_7' title="bbox 74 584 1937 663">
    <p class='ocr_par' dir='ltr' id='par_1_7' title="bbox 74 584 1937 663">
     <span class='ocr_line' id='line_1_9' title="bbox 74 584 1937 663; baseline -0.002 -17"><span class='ocrx_word' id='word_1_35' title='bbox 74 590 192 646; x_wconf 88' lang='lat' dir='ltr'>cies</span> <span class='ocrx_word' id='word_1_36' title='bbox 234 588 360 663; x_wconf 84' lang='lat' dir='ltr'>ipsa</span> <span class='ocrx_word' id='word_1_37' title='bbox 400 585 730 643; x_wconf 81' lang='lat' dir='ltr'><strong>carminum</strong></span> <span class='ocrx_word' id='word_1_38' title='bbox 775 585 944 641; x_wconf 87' lang='lat' dir='ltr'>docet</span> <span class='ocrx_word' id='word_1_39' title='bbox 984 605 1109 645; x_wconf 88' lang='lat' dir='ltr'>non</span> <span class='ocrx_word' id='word_1_40' title='bbox 1146 585 1373 660; x_wconf 86' lang='lat' dir='ltr'>impetu</span> <span class='ocrx_word' id='word_1_41' title='bbox 1409 597 1463 642; x_wconf 87' lang='lat' dir='ltr'>et</span> <span class='ocrx_word' id='word_1_42' title='bbox 1502 584 1789 642; x_wconf 85' lang='lat' dir='ltr'>instinctu</span> <span class='ocrx_word' id='word_1_43' title='bbox 1829 608 1937 644; x_wconf 89' lang='lat' dir='ltr'>nec</span> 
     </span>
    </p>
   </div>
   <div class='ocr_carea' id='block_1_8' title="bbox 73 672 554 732">
    <p class='ocr_par' dir='ltr' id='par_1_8' title="bbox 73 672 554 732">
     <span class='ocr_line' id='line_1_10' title="bbox 73 672 554 732; baseline -0.004 0"><span class='ocrx_word' id='word_1_44' title='bbox 73 695 175 732; x_wconf 83' lang='lat' dir='ltr'>ore</span> <span class='ocrx_word' id='word_1_45' title='bbox 197 694 319 731; x_wconf 90' lang='lat' dir='ltr'>uno</span> <span class='ocrx_word' id='word_1_46' title='bbox 345 672 554 730; x_wconf 77' lang='lat' dir='ltr'>fluens,</span> 
     </span>
    </p>
   </div>
   <div class='ocr_carea' id='block_1_9' title="bbox 640 667 1938 746">
    <p class='ocr_par' dir='ltr' id='par_1_9' title="bbox 640 667 1938 746">
     <span class='ocr_line' id='line_1_11' title="bbox 640 667 1938 746; baseline 0.003 -22"><span class='ocrx_word' id='word_1_47' title='bbox 640 667 842 726; x_wconf 85' lang='lat' dir='ltr'>Etiam</span> <span class='ocrx_word' id='word_1_48' title='bbox 865 669 1182 744; x_wconf 82' lang='lat' dir='ltr'>sapientiae</span> <span class='ocrx_word' id='word_1_49' title='bbox 1207 671 1547 745; x_wconf 73' lang='lat' dir='ltr'>doctoribus</span> <span class='ocrx_word' id='word_1_50' title='bbox 1570 681 1800 746; x_wconf 85' lang='lat' dir='ltr'>tempus</span> <span class='ocrx_word' id='word_1_51' title='bbox 1822 671 1938 728; x_wconf 88' lang='lat' dir='ltr'>im-</span> 
     </span>
    </p>
   </div>
   <div class='ocr_carea' id='block_1_10' title="bbox 71 754 1940 844">
    <p class='ocr_par' dir='ltr' id='par_1_10' title="bbox 71 754 1940 844">
     <span class='ocr_line' id='line_1_12' title="bbox 71 754 1940 844; baseline -0.002 -27"><span class='ocrx_word' id='word_1_52' title='bbox 71 759 361 836; x_wconf 72' lang='lat' dir='ltr'>partiebat</span> <span class='ocrx_word' id='word_1_53' title='bbox 384 767 517 833; x_wconf 89' lang='lat' dir='ltr'>post</span> <span class='ocrx_word' id='word_1_54' title='bbox 543 754 763 830; x_wconf 79' lang='lat' dir='ltr'>epula8‚</span> <span class='ocrx_word' id='word_1_55' title='bbox 798 765 883 824; x_wconf 87' lang='lat' dir='ltr'>ut,</span> <span class='ocrx_word' id='word_1_56' title='bbox 913 775 1062 832; x_wconf 88' lang='lat' dir='ltr'>quae</span> <span class='ocrx_word' id='word_1_57' title='bbox 1088 756 1381 812; x_wconf 83' lang='lat' dir='ltr'>contraria</span> <span class='ocrx_word' id='word_1_58' title='bbox 1407 757 1770 826; x_wconf 81' lang='lat' dir='ltr'>adseverant,</span> <span class='ocrx_word' id='word_1_59' title='bbox 1801 778 1940 844; x_wconf 74' lang='lat' dir='ltr'>curn</span> 
     </span>
    </p>
   </div>
   <div class='ocr_carea' id='block_1_11' title="bbox 7 943 967 1178">
    <p class='ocr_par' dir='ltr' id='par_1_11' title="bbox 7 943 967 1178">
     <span class='ocr_line' id='line_1_13' title="bbox 127 943 965 999; baseline -0.002 -10"><span class='ocrx_word' id='word_1_60' title='bbox 127 949 324 990; x_wconf 83' lang='lat' dir='ltr'>necdum</span> <span class='ocrx_word' id='word_1_61' title='bbox 376 946 570 999; x_wconf 71' lang='lat' dir='ltr'>insignis</span> <span class='ocrx_word' id='word_1_62' title='bbox 619 946 790 987; x_wconf 81' lang='lat' dir='ltr'>aetatis</span> <span class='ocrx_word' id='word_1_63' title='bbox 840 943 965 987; x_wconf 81' lang='lat' dir='ltr'>nati.</span> 
     </span>
     <span class='ocr_line' id='line_1_14' title="bbox 70 1002 967 1048; baseline -0.006 0"><span class='ocrx_word' id='word_1_64' title='bbox 70 1005 146 1048; x_wconf 85' lang='lat' dir='ltr'>Sic</span> <span class='ocrx_word' id='word_1_65' title='bbox 177 1003 310 1047; x_wconf 85' lang='lat' dir='ltr'><strong>MSS.</strong></span> <span class='ocrx_word' id='word_1_66' title='bbox 345 1011 387 1046; x_wconf 85' lang='lat' dir='ltr'>et</span> <span class='ocrx_word' id='word_1_67' title='bbox 418 1011 531 1047; x_wconf 69' lang='lat' dir='ltr'>vett.</span> <span class='ocrx_word' id='word_1_68' title='bbox 565 1002 667 1044; x_wconf 88' lang='lat' dir='ltr'>edd.</span> <span class='ocrx_word' id='word_1_69' title='bbox 736 1002 822 1045; x_wconf 86' lang='lat' dir='ltr'>Sed</span> <span class='ocrx_word' id='word_1_70' title='bbox 859 1018 967 1044; x_wconf 81' lang='lat' dir='ltr'>cor-</span> 
     </span>
     <span class='ocr_line' id='line_1_15' title="bbox 7 1058 965 1120; baseline -0.005 -15"><span class='ocrx_word' id='word_1_71' title='bbox 7 1089 11 1092; x_wconf 90' lang='lat'><strong>·</strong></span> <span class='ocrx_word' id='word_1_72' title='bbox 69 1070 254 1120; x_wconf 83' lang='lat' dir='ltr'>ruptum</span> <span class='ocrx_word' id='word_1_73' title='bbox 279 1077 373 1103; x_wconf 86' lang='lat' dir='ltr'>esse</span> <span class='ocrx_word' id='word_1_74' title='bbox 396 1059 547 1102; x_wconf 87' lang='lat' dir='ltr'>locum</span> <span class='ocrx_word' id='word_1_75' title='bbox 583 1058 784 1117; x_wconf 85' lang='lat' dir='ltr'>plerique</span> <span class='ocrx_word' id='word_1_76' title='bbox 817 1058 965 1100; x_wconf 82' lang='lat' dir='ltr'>inter-</span> 
     </span>
     <span class='ocr_line' id='line_1_16' title="bbox 72 1117 963 1178; baseline -0.004 -17"><span class='ocrx_word' id='word_1_77' title='bbox 72 1128 218 1178; x_wconf 83' lang='lat' dir='ltr'>pretes</span> <span class='ocrx_word' id='word_1_78' title='bbox 238 1117 550 1169; x_wconf 79' lang='lat' dir='ltr'>consentiunt;</span> <span class='ocrx_word' id='word_1_79' title='bbox 574 1131 711 1174; x_wconf 79' lang='lat' dir='ltr'>quare</span> <span class='ocrx_word' id='word_1_80' title='bbox 737 1131 963 1159; x_wconf 83' lang='lat' dir='ltr'>accessere</span> 
     </span>
    </p>
   </div>
   <div class='ocr_carea' id='block_1_12' title="bbox 5 1174 962 1221">
    <p class='ocr_par' dir='ltr' id='par_1_12' title="bbox 5 1174 962 1221">
     <span class='ocr_line' id='line_1_17' title="bbox 5 1174 962 1221; baseline -0.004 -1"><span class='ocrx_word' id='word_1_81' title='bbox 5 1182 7 1185; x_wconf 76' lang='grc'><strong>“</strong></span> <span class='ocrx_word' id='word_1_82' title='bbox 71 1192 275 1221; x_wconf 74' lang='lat' dir='ltr'>virorum</span> <span class='ocrx_word' id='word_1_83' title='bbox 349 1176 592 1218; x_wconf 76' lang='lat' dir='ltr'>doctorum</span> <span class='ocrx_word' id='word_1_84' title='bbox 663 1174 962 1216; x_wconf 76' lang='lat' dir='ltr'>coniecturae.</span> 
     </span>
    </p>
   </div>
   <div class='ocr_carea' id='block_1_13' title="bbox 57 1231 967 3110">
    <p class='ocr_par' dir='ltr' id='par_1_13' title="bbox 57 1231 967 2767">
     <span class='ocr_line' id='line_1_18' title="bbox 71 1231 965 1291; baseline -0.011 -14"><span class='ocrx_word' id='word_1_85' title='bbox 71 1235 190 1291; x_wconf 79' lang='lat' dir='ltr'>Lips.</span> <span class='ocrx_word' id='word_1_86' title='bbox 228 1234 468 1287; x_wconf 72' lang='lat' dir='ltr'>facultas,</span> <span class='ocrx_word' id='word_1_87' title='bbox 512 1234 714 1272; x_wconf 80' lang='lat' dir='ltr'>necdum</span> <span class='ocrx_word' id='word_1_88' title='bbox 749 1231 965 1284; x_wconf 72' lang='lat' dir='ltr'>insignis.</span> 
     </span>
     <span class='ocr_line' id='line_1_19' title="bbox 68 1287 967 1334; baseline -0.006 0"><span class='ocrx_word' id='word_1_89' title='bbox 68 1292 118 1334; x_wconf 85' lang='lat' dir='ltr'>Ii</span> <span class='ocrx_word' id='word_1_90' title='bbox 138 1291 411 1333; x_wconf 79' lang='lat' dir='ltr'>alternatim</span> <span class='ocrx_word' id='word_1_91' title='bbox 438 1291 677 1330; x_wconf 85' lang='lat' dir='ltr'>considere</span> <span class='ocrx_word' id='word_1_92' title='bbox 706 1287 851 1329; x_wconf 71' lang='lat' dir='ltr'>simul</span> <span class='ocrx_word' id='word_1_93' title='bbox 881 1295 967 1329; x_wconf 76' lang='lat' dir='ltr'>etc.</span> 
     </span>
     <span class='ocr_line' id='line_1_20' title="bbox 67 1346 965 1402; baseline -0.008 -11"><span class='ocrx_word' id='word_1_94' title='bbox 67 1349 238 1391; x_wconf 74' lang='lat' dir='ltr'>Muret:</span> <span class='ocrx_word' id='word_1_95' title='bbox 255 1347 500 1402; x_wconf 78' lang='lat' dir='ltr'>facultas,</span> <span class='ocrx_word' id='word_1_96' title='bbox 540 1348 739 1387; x_wconf 81' lang='lat' dir='ltr'>necdum</span> <span class='ocrx_word' id='word_1_97' title='bbox 768 1346 965 1398; x_wconf 75' lang='lat' dir='ltr'>insignis</span> 
     </span>
     <span class='ocr_line' id='line_1_21' title="bbox 68 1403 961 1450; baseline -0.007 -2"><span class='ocrx_word' id='word_1_98' title='bbox 68 1413 188 1448; x_wconf 86' lang='lat' dir='ltr'>erat.</span> <span class='ocrx_word' id='word_1_99' title='bbox 250 1405 298 1446; x_wconf 85' lang='lat' dir='ltr'>Ii</span> <span class='ocrx_word' id='word_1_100' title='bbox 321 1403 558 1446; x_wconf 84' lang='lat' dir='ltr'>considere</span> <span class='ocrx_word' id='word_1_101' title='bbox 591 1403 758 1450; x_wconf 89' lang='lat' dir='ltr'>simul,</span> <span class='ocrx_word' id='word_1_102' title='bbox 801 1409 845 1443; x_wconf 87' lang='lat' dir='ltr'>et</span> <span class='ocrx_word' id='word_1_103' title='bbox 870 1418 961 1443; x_wconf 86' lang='lat' dir='ltr'>na-</span> 
     </span>
     <span class='ocr_line' id='line_1_22' title="bbox 68 1460 963 1514; baseline -0.008 -8"><span class='ocrx_word' id='word_1_104' title='bbox 68 1472 141 1506; x_wconf 83' lang='lat' dir='ltr'>tos</span> <span class='ocrx_word' id='word_1_105' title='bbox 176 1470 262 1505; x_wconf 82' lang='lat' dir='ltr'>etc.</span> <span class='ocrx_word' id='word_1_106' title='bbox 322 1461 488 1502; x_wconf 81' lang='lat' dir='ltr'>Danes.</span> <span class='ocrx_word' id='word_1_107' title='bbox 507 1460 750 1514; x_wconf 84' lang='lat' dir='ltr'>facultas,</span> <span class='ocrx_word' id='word_1_108' title='bbox 789 1463 963 1500; x_wconf 89' lang='lat' dir='ltr'>nedum</span> 
     </span>
     <span class='ocr_line' id='line_1_23' title="bbox 67 1518 961 1574; baseline -0.003 -12"><span class='ocrx_word' id='word_1_109' title='bbox 67 1519 263 1574; x_wconf 80' lang='lat' dir='ltr'>insignis</span> <span class='ocrx_word' id='word_1_110' title='bbox 295 1518 466 1559; x_wconf 85' lang='lat' dir='ltr'>aetatis</span> <span class='ocrx_word' id='word_1_111' title='bbox 497 1518 676 1558; x_wconf 86' lang='lat' dir='ltr'>vatibus</span> <span class='ocrx_word' id='word_1_112' title='bbox 701 1518 961 1559; x_wconf 83' lang='lat' dir='ltr'>considere.</span> 
     </span>
     <span class='ocr_line' id='line_1_24' title="bbox 67 1575 963 1631; baseline -0.004 -11"><span class='ocrx_word' id='word_1_113' title='bbox 67 1577 241 1621; x_wconf 78' lang='lat' dir='ltr'>Acidal.</span> <span class='ocrx_word' id='word_1_114' title='bbox 262 1575 504 1631; x_wconf 81' lang='lat' dir='ltr'>facultas,</span> <span class='ocrx_word' id='word_1_115' title='bbox 535 1578 732 1615; x_wconf 83' lang='lat' dir='ltr'>necdum</span> <span class='ocrx_word' id='word_1_116' title='bbox 768 1575 963 1627; x_wconf 77' lang='lat' dir='ltr'>insignis</span> 
     </span>
     <span class='ocr_line' id='line_1_25' title="bbox 67 1633 963 1677; baseline -0.006 0"><span class='ocrx_word' id='word_1_117' title='bbox 67 1641 183 1677; x_wconf 82' lang='lat' dir='ltr'>erat.</span> <span class='ocrx_word' id='word_1_118' title='bbox 242 1634 291 1674; x_wconf 88' lang='lat' dir='ltr'>Ji</span> <span class='ocrx_word' id='word_1_119' title='bbox 309 1633 433 1674; x_wconf 86' lang='lat' dir='ltr'>varii</span> <span class='ocrx_word' id='word_1_120' title='bbox 450 1646 570 1673; x_wconf 88' lang='lat' dir='ltr'>cons.</span> <span class='ocrx_word' id='word_1_121' title='bbox 593 1645 632 1672; x_wconf 85' lang='lat' dir='ltr'>s.</span> <span class='ocrx_word' id='word_1_122' title='bbox 662 1638 705 1672; x_wconf 88' lang='lat' dir='ltr'>et</span> <span class='ocrx_word' id='word_1_123' title='bbox 731 1640 871 1672; x_wconf 78' lang='lat' dir='ltr'>natos</span> <span class='ocrx_word' id='word_1_124' title='bbox 894 1646 963 1672; x_wconf 85' lang='lat' dir='ltr'>re·</span> 
     </span>
     <span class='ocr_line' id='line_1_26' title="bbox 62 1687 962 1747; baseline -0.003 -14"><span class='ocrx_word' id='word_1_125' title='bbox 62 1699 200 1747; x_wconf 87' lang='lat' dir='ltr'>pente</span> <span class='ocrx_word' id='word_1_126' title='bbox 221 1691 394 1732; x_wconf 85' lang='lat' dir='ltr'>ibidem</span> <span class='ocrx_word' id='word_1_127' title='bbox 416 1697 500 1732; x_wconf 89' lang='lat' dir='ltr'>etc.</span> <span class='ocrx_word' id='word_1_128' title='bbox 560 1687 775 1730; x_wconf 72' lang='lat' dir='ltr'>Piehem:</span> <span class='ocrx_word' id='word_1_129' title='bbox 795 1690 962 1743; x_wconf 85' lang='lat' dir='ltr'>sacul-</span> 
     </span>
     <span class='ocr_line' id='line_1_27' title="bbox 68 1746 967 1799; baseline -0.002 -8"><span class='ocrx_word' id='word_1_130' title='bbox 68 1757 172 1799; x_wconf 87' lang='lat' dir='ltr'>tas,</span> <span class='ocrx_word' id='word_1_131' title='bbox 234 1749 434 1788; x_wconf 85' lang='lat' dir='ltr'>necdum</span> <span class='ocrx_word' id='word_1_132' title='bbox 479 1746 673 1798; x_wconf 78' lang='lat' dir='ltr'>insigm&#39;s</span> <span class='ocrx_word' id='word_1_133' title='bbox 716 1754 837 1789; x_wconf 86' lang='lat' dir='ltr'>erat.</span> <span class='ocrx_word' id='word_1_134' title='bbox 918 1746 967 1789; x_wconf 86' lang='lat' dir='ltr'>Ii</span> 
     </span>
     <span class='ocr_line' id='line_1_28' title="bbox 67 1801 963 1860; baseline -0.003 -12"><span class='ocrx_word' id='word_1_135' title='bbox 67 1805 182 1848; x_wconf 81' lang='lat' dir='ltr'>iussi</span> <span class='ocrx_word' id='word_1_136' title='bbox 201 1804 445 1847; x_wconf 81' lang='lat' dir='ltr'>considere</span> <span class='ocrx_word' id='word_1_137' title='bbox 467 1819 502 1846; x_wconf 91' lang='lat' dir='ltr'>s.</span> <span class='ocrx_word' id='word_1_138' title='bbox 527 1812 611 1845; x_wconf 77' lang='lat' dir='ltr'>etc.</span> <span class='ocrx_word' id='word_1_139' title='bbox 643 1816 655 1819; x_wconf 63' lang='grc'>“·</span> <span class='ocrx_word' id='word_1_140' title='bbox 672 1801 859 1846; x_wconf 82' lang='lat' dir='ltr'>Grotius</span> <span class='ocrx_word' id='word_1_141' title='bbox 882 1820 963 1860; x_wconf 84' lang='lat' dir='ltr'>pro</span> 
     </span>
     <span class='ocr_line' id='line_1_29' title="bbox 64 1859 960 1905; baseline -0.002 -1"><span class='ocrx_word' id='word_1_142' title='bbox 64 1866 172 1905; x_wconf 87' lang='lat' dir='ltr'>nati</span> <span class='ocrx_word' id='word_1_143' title='bbox 188 1861 412 1904; x_wconf 78' lang='lat' dir='ltr'>substituit</span> <span class='ocrx_word' id='word_1_144' title='bbox 436 1862 549 1903; x_wconf 88' lang='lat' dir='ltr'>noti.</span> <span class='ocrx_word' id='word_1_145' title='bbox 610 1859 843 1903; x_wconf 76' lang='lat' dir='ltr'>Heinsius:</span> <span class='ocrx_word' id='word_1_146' title='bbox 873 1875 960 1902; x_wconf 89' lang='lat' dir='ltr'>ne-</span> 
     </span>
     <span class='ocr_line' id='line_1_30' title="bbox 64 1917 962 1975; baseline -0.001 -13"><span class='ocrx_word' id='word_1_147' title='bbox 64 1924 181 1962; x_wconf 87' lang='lat' dir='ltr'>dum</span> <span class='ocrx_word' id='word_1_148' title='bbox 215 1918 463 1975; x_wconf 75' lang='lat' dir='ltr'>insignitae</span> <span class='ocrx_word' id='word_1_149' title='bbox 493 1917 612 1959; x_wconf 89' lang='lat' dir='ltr'>artis</span> <span class='ocrx_word' id='word_1_150' title='bbox 644 1920 753 1959; x_wconf 82' lang='lat' dir='ltr'>noti.</span> <span class='ocrx_word' id='word_1_151' title='bbox 826 1919 856 1960; x_wconf 89' lang='lat' dir='ltr'>l.</span> <span class='ocrx_word' id='word_1_152' title='bbox 889 1918 962 1961; x_wconf 81' lang='lat' dir='ltr'>Fr.</span> 
     </span>
     <span class='ocr_line' id='line_1_31' title="bbox 66 1976 966 2027; baseline -0.004 -7"><span class='ocrx_word' id='word_1_153' title='bbox 66 1977 276 2020; x_wconf 73' lang='lat' dir='ltr'>Gronov.</span> <span class='ocrx_word' id='word_1_154' title='bbox 315 1978 514 2017; x_wconf 82' lang='lat' dir='ltr'>necdum</span> <span class='ocrx_word' id='word_1_155' title='bbox 537 1976 730 2027; x_wconf 77' lang='lat' dir='ltr'>insignis</span> <span class='ocrx_word' id='word_1_156' title='bbox 756 1981 877 2018; x_wconf 89' lang='lat' dir='ltr'>erat.</span> <span class='ocrx_word' id='word_1_157' title='bbox 910 1976 966 2017; x_wconf 81' lang='lat' dir='ltr'>hi</span> 
     </span>
     <span class='ocr_line' id='line_1_32' title="bbox 63 2030 959 2080; baseline -0.002 -2"><span class='ocrx_word' id='word_1_158' title='bbox 63 2035 200 2080; x_wconf 86' lang='lat' dir='ltr'>acciti</span> <span class='ocrx_word' id='word_1_159' title='bbox 237 2047 365 2075; x_wconf 86' lang='lat' dir='ltr'>cons.</span> <span class='ocrx_word' id='word_1_160' title='bbox 395 2047 430 2074; x_wconf 89' lang='lat' dir='ltr'>s.</span> <span class='ocrx_word' id='word_1_161' title='bbox 466 2041 550 2075; x_wconf 77' lang='lat' dir='ltr'>etc.</span> <span class='ocrx_word' id='word_1_162' title='bbox 631 2032 719 2074; x_wconf 83' lang='lat' dir='ltr'>lac.</span> <span class='ocrx_word' id='word_1_163' title='bbox 754 2030 959 2076; x_wconf 80' lang='lat' dir='ltr'>Gronov.</span> 
     </span>
     <span class='ocr_line' id='line_1_33' title="bbox 62 2090 965 2142; baseline -0.006 -6"><span class='ocrx_word' id='word_1_164' title='bbox 62 2095 265 2136; x_wconf 84' lang='lat' dir='ltr'>necdum</span> <span class='ocrx_word' id='word_1_165' title='bbox 316 2091 506 2142; x_wconf 66' lang='lat' dir='ltr'>insignis</span> <span class='ocrx_word' id='word_1_166' title='bbox 557 2097 661 2130; x_wconf 85' lang='lat' dir='ltr'>erat</span> <span class='ocrx_word' id='word_1_167' title='bbox 709 2090 832 2133; x_wconf 84' lang='lat' dir='ltr'>laus.</span> <span class='ocrx_word' id='word_1_168' title='bbox 914 2090 965 2132; x_wconf 82' lang='lat' dir='ltr'>Ji</span> 
     </span>
     <span class='ocr_line' id='line_1_34' title="bbox 65 2146 960 2194; baseline -0.008 0"><span class='ocrx_word' id='word_1_169' title='bbox 65 2165 185 2194; x_wconf 82' lang='lat' dir='ltr'>cons.</span> <span class='ocrx_word' id='word_1_170' title='bbox 218 2163 255 2190; x_wconf 89' lang='lat' dir='ltr'>s.</span> <span class='ocrx_word' id='word_1_171' title='bbox 293 2155 377 2190; x_wconf 76' lang='lat' dir='ltr'>eie.</span> <span class='ocrx_word' id='word_1_172' title='bbox 451 2146 712 2188; x_wconf 71' lang='lat' dir='ltr'>Broteriust</span> <span class='ocrx_word' id='word_1_173' title='bbox 761 2150 960 2188; x_wconf 86' lang='lat' dir='ltr'>necdum</span> 
     </span>
     <span class='ocr_line' id='line_1_35' title="bbox 62 2208 959 2261; baseline -0.003 -11"><span class='ocrx_word' id='word_1_174' title='bbox 62 2208 264 2261; x_wconf 78' lang='lat' dir='ltr'>insignis.</span> <span class='ocrx_word' id='word_1_175' title='bbox 312 2208 480 2246; x_wconf 82' lang='lat' dir='ltr'>Aetate</span> <span class='ocrx_word' id='word_1_176' title='bbox 498 2218 642 2257; x_wconf 83' lang='lat' dir='ltr'>pares</span> <span class='ocrx_word' id='word_1_177' title='bbox 663 2218 790 2246; x_wconf 82' lang='lat' dir='ltr'>cons.</span> <span class='ocrx_word' id='word_1_178' title='bbox 813 2219 851 2247; x_wconf 87' lang='lat' dir='ltr'>s.</span> <span class='ocrx_word' id='word_1_179' title='bbox 873 2214 959 2247; x_wconf 80' lang='lat' dir='ltr'>ete.</span> 
     </span>
     <span class='ocr_line' id='line_1_36' title="bbox 61 2262 961 2318; baseline -0.007 -9"><span class='ocrx_word' id='word_1_180' title='bbox 61 2264 240 2318; x_wconf 76' lang='lat' dir='ltr'>Tniller.</span> <span class='ocrx_word' id='word_1_181' title='bbox 265 2262 384 2304; x_wconf 84' lang='lat' dir='ltr'>obss.</span> <span class='ocrx_word' id='word_1_182' title='bbox 409 2277 473 2304; x_wconf 85' lang='lat' dir='ltr'>cr.</span> <span class='ocrx_word' id='word_1_183' title='bbox 494 2262 536 2312; x_wconf 73' lang='lat'>2,</span> <span class='ocrx_word' id='word_1_184' title='bbox 558 2262 628 2305; x_wconf 73' lang='lat'>21.</span> <span class='ocrx_word' id='word_1_185' title='bbox 657 2276 740 2303; x_wconf 87' lang='lat' dir='ltr'>nec</span> <span class='ocrx_word' id='word_1_186' title='bbox 761 2269 861 2303; x_wconf 87' lang='lat' dir='ltr'>tam</span> <span class='ocrx_word' id='word_1_187' title='bbox 884 2264 961 2303; x_wconf 88' lang='lat' dir='ltr'>in-</span> 
     </span>
     <span class='ocr_line' id='line_1_37' title="bbox 62 2319 960 2376; baseline -0.007 -10"><span class='ocrx_word' id='word_1_188' title='bbox 62 2322 206 2376; x_wconf 79' lang='lat' dir='ltr'>signis</span> <span class='ocrx_word' id='word_1_189' title='bbox 238 2321 356 2361; x_wconf 79' lang='lat' dir='ltr'>artis</span> <span class='ocrx_word' id='word_1_190' title='bbox 387 2320 553 2372; x_wconf 78' lang='lat' dir='ltr'>gnari,</span> <span class='ocrx_word' id='word_1_191' title='bbox 593 2319 694 2363; x_wconf 74' lang='lat' dir='ltr'>vel:</span> <span class='ocrx_word' id='word_1_192' title='bbox 733 2334 816 2360; x_wconf 86' lang='lat' dir='ltr'>nec</span> <span class='ocrx_word' id='word_1_193' title='bbox 846 2323 960 2361; x_wconf 84' lang='lat' dir='ltr'>dum</span> 
     </span>
     <span class='ocr_line' id='line_1_38' title="bbox 60 2377 957 2432; baseline -0.003 -11"><span class='ocrx_word' id='word_1_194' title='bbox 60 2380 256 2432; x_wconf 74' lang='lat' dir='ltr'>insigms</span> <span class='ocrx_word' id='word_1_195' title='bbox 277 2385 382 2418; x_wconf 87' lang='lat' dir='ltr'>arte</span> <span class='ocrx_word' id='word_1_196' title='bbox 397 2390 411 2417; x_wconf 91' lang='lat'>.·</span> <span class='ocrx_word' id='word_1_197' title='bbox 440 2378 475 2417; x_wconf 85' lang='grc' dir='ltr'>ίί</span> <span class='ocrx_word' id='word_1_198' title='bbox 491 2377 636 2428; x_wconf 79' lang='lat' dir='ltr'>gnari</span> <span class='ocrx_word' id='word_1_199' title='bbox 658 2390 783 2420; x_wconf 84' lang='lat' dir='ltr'>cons.</span> <span class='ocrx_word' id='word_1_200' title='bbox 808 2391 848 2419; x_wconf 83' lang='lat' dir='ltr'>s.</span> <span class='ocrx_word' id='word_1_201' title='bbox 872 2386 957 2418; x_wconf 82' lang='lat' dir='ltr'>etc.</span> 
     </span>
     <span class='ocr_line' id='line_1_39' title="bbox 61 2432 959 2480; baseline -0.006 0"><span class='ocrx_word' id='word_1_202' title='bbox 61 2437 218 2480; x_wconf 81' lang='lat' dir='ltr'>Hiller.</span> <span class='ocrx_word' id='word_1_203' title='bbox 250 2435 356 2474; x_wconf 86' lang='lat' dir='ltr'>nati</span> <span class='ocrx_word' id='word_1_204' title='bbox 371 2435 504 2476; x_wconf 78' lang='lat' dir='ltr'>vertit</span> <span class='ocrx_word' id='word_1_205' title='bbox 528 2432 572 2474; x_wconf 84' lang='lat' dir='ltr'>in</span> <span class='ocrx_word' id='word_1_206' title='bbox 596 2440 740 2475; x_wconf 86' lang='lat' dir='ltr'>vates.</span> <span class='ocrx_word' id='word_1_207' title='bbox 803 2434 959 2475; x_wconf 84' lang='lat' dir='ltr'>Ober-</span> 
     </span>
     <span class='ocr_line' id='line_1_40' title="bbox 60 2490 956 2543; baseline -0.007 -5"><span class='ocrx_word' id='word_1_208' title='bbox 60 2496 139 2539; x_wconf 92' lang='lat' dir='ltr'>lin.</span> <span class='ocrx_word' id='word_1_209' title='bbox 168 2508 249 2534; x_wconf 86' lang='lat' dir='ltr'>nec</span> <span class='ocrx_word' id='word_1_210' title='bbox 273 2495 384 2532; x_wconf 88' lang='lat' dir='ltr'>dum</span> <span class='ocrx_word' id='word_1_211' title='bbox 405 2490 598 2543; x_wconf 80' lang='lat' dir='ltr'>insignis</span> <span class='ocrx_word' id='word_1_212' title='bbox 615 2490 736 2531; x_wconf 86' lang='lat' dir='ltr'>artis</span> <span class='ocrx_word' id='word_1_213' title='bbox 756 2491 956 2538; x_wconf 84' lang='lat' dir='ltr'>vatibus,</span> 
     </span>
     <span class='ocr_line' id='line_1_41' title="bbox 59 2547 956 2604; baseline -0.007 -9"><span class='ocrx_word' id='word_1_214' title='bbox 59 2565 186 2596; x_wconf 86' lang='lat' dir='ltr'>cons.</span> <span class='ocrx_word' id='word_1_215' title='bbox 205 2564 240 2591; x_wconf 82' lang='lat' dir='ltr'>s.</span> <span class='ocrx_word' id='word_1_216' title='bbox 264 2556 347 2590; x_wconf 77' lang='lat' dir='ltr'>etc.</span> <span class='ocrx_word' id='word_1_217' title='bbox 407 2547 511 2604; x_wconf 84' lang='lat' dir='ltr'><strong>Bip.</strong></span> <span class='ocrx_word' id='word_1_218' title='bbox 534 2550 730 2588; x_wconf 86' lang='lat' dir='ltr'>necdum</span> <span class='ocrx_word' id='word_1_219' title='bbox 754 2548 956 2600; x_wconf 77' lang='lat' dir='ltr'>insignia</span> 
     </span>
     <span class='ocr_line' id='line_1_42' title="bbox 60 2604 953 2662; baseline -0.007 -10"><span class='ocrx_word' id='word_1_220' title='bbox 60 2617 164 2652; x_wconf 84' lang='lat' dir='ltr'>arte</span> <span class='ocrx_word' id='word_1_221' title='bbox 197 2604 367 2648; x_wconf 87' lang='lat' dir='ltr'>conati.</span> <span class='ocrx_word' id='word_1_222' title='bbox 435 2605 706 2662; x_wconf 77' lang='lat' dir='ltr'>Rupertius:</span> <span class='ocrx_word' id='word_1_223' title='bbox 750 2618 836 2647; x_wconf 87' lang='lat' dir='ltr'>nec</span> <span class='ocrx_word' id='word_1_224' title='bbox 875 2614 953 2646; x_wconf 89' lang='lat' dir='ltr'>ta-</span> 
     </span>
     <span class='ocr_line' id='line_1_43' title="bbox 59 2661 953 2717; baseline -0.006 -8"><span class='ocrx_word' id='word_1_225' title='bbox 59 2680 168 2709; x_wconf 86' lang='lat' dir='ltr'>men</span> <span class='ocrx_word' id='word_1_226' title='bbox 193 2664 388 2717; x_wconf 71' lang='lat' dir='ltr'>insignis</span> <span class='ocrx_word' id='word_1_227' title='bbox 409 2663 527 2704; x_wconf 81' lang='lat' dir='ltr'>artis</span> <span class='ocrx_word' id='word_1_228' title='bbox 535 2661 698 2717; x_wconf 78' lang='lat' dir='ltr'>suetus</span> <span class='ocrx_word' id='word_1_229' title='bbox 720 2665 838 2703; x_wconf 80' lang='lat' dir='ltr'>nati.</span> <span class='ocrx_word' id='word_1_230' title='bbox 883 2662 953 2704; x_wconf 81' lang='lat' dir='ltr'>ln·</span> 
     </span>
     <span class='ocr_line' id='line_1_44' title="bbox 57 2724 442 2767; baseline -0.021 1"><span class='ocrx_word' id='word_1_231' title='bbox 57 2724 245 2767; x_wconf 73' lang='lat' dir='ltr'>feliciter</span> <span class='ocrx_word' id='word_1_232' title='bbox 270 2735 442 2762; x_wconf 87' lang='lat' dir='ltr'>omnes.</span> 
     </span>
    </p>

    <p class='ocr_par' dir='ltr' id='par_1_14' title="bbox 58 2775 951 3110">
     <span class='ocr_line' id='line_1_45' title="bbox 117 2775 951 2832; baseline -0.005 -9"><span class='ocrx_word' id='word_1_233' title='bbox 117 2781 319 2822; x_wconf 84' lang='lat' dir='ltr'>adlatos.</span> <span class='ocrx_word' id='word_1_234' title='bbox 379 2776 512 2820; x_wconf 89' lang='lat' dir='ltr'>MSS.</span> <span class='ocrx_word' id='word_1_235' title='bbox 527 2776 650 2819; x_wconf 85' lang='lat' dir='ltr'>Flor.</span> <span class='ocrx_word' id='word_1_236' title='bbox 674 2777 789 2830; x_wconf 84' lang='lat' dir='ltr'>(test.</span> <span class='ocrx_word' id='word_1_237' title='bbox 807 2775 951 2832; x_wconf 87' lang='lat' dir='ltr'>Pich.)</span> 
     </span>
     <span class='ocr_line' id='line_1_46' title="bbox 58 2833 951 2894; baseline 0 -19"><span class='ocrx_word' id='word_1_238' title='bbox 58 2838 169 2894; x_wconf 79' lang='lat' dir='ltr'>Reg.</span> <span class='ocrx_word' id='word_1_239' title='bbox 202 2837 413 2887; x_wconf 84' lang='lat' dir='ltr'>ablatos,</span> <span class='ocrx_word' id='word_1_240' title='bbox 457 2842 500 2876; x_wconf 86' lang='lat' dir='ltr'>et</span> <span class='ocrx_word' id='word_1_241' title='bbox 535 2833 595 2876; x_wconf 86' lang='lat' dir='ltr'>ita</span> <span class='ocrx_word' id='word_1_242' title='bbox 619 2833 734 2875; x_wconf 83' lang='lat' dir='ltr'>Bud.</span> <span class='ocrx_word' id='word_1_243' title='bbox 771 2849 837 2891; x_wconf 82' lang='lat' dir='ltr'>pr.</span> <span class='ocrx_word' id='word_1_244' title='bbox 873 2851 951 2885; x_wconf 85' lang='lat' dir='ltr'>m.,</span> 
     </span>
     <span class='ocr_line' id='line_1_47' title="bbox 59 2889 948 2938; baseline -0.004 0"><span class='ocrx_word' id='word_1_245' title='bbox 59 2895 179 2938; x_wconf 87' lang='lat' dir='ltr'>uude</span> <span class='ocrx_word' id='word_1_246' title='bbox 231 2908 317 2934; x_wconf 82' lang='lat' dir='ltr'>sec.</span> <span class='ocrx_word' id='word_1_247' title='bbox 358 2907 420 2934; x_wconf 84' lang='lat' dir='ltr'>m.</span> <span class='ocrx_word' id='word_1_248' title='bbox 467 2891 531 2933; x_wconf 76' lang='lat' dir='ltr'>ibi</span> <span class='ocrx_word' id='word_1_249' title='bbox 583 2889 691 2934; x_wconf 84' lang='lat' dir='ltr'>fecit</span> <span class='ocrx_word' id='word_1_250' title='bbox 743 2894 948 2934; x_wconf 82' lang='lat' dir='ltr'>adlatos.</span> 
     </span>
     <span class='ocr_line' id='line_1_48' title="bbox 59 2947 947 3004; baseline -0.001 -13"><span class='ocrx_word' id='word_1_251' title='bbox 59 2949 284 2996; x_wconf 84' lang='lat' dir='ltr'>Victorius</span> <span class='ocrx_word' id='word_1_252' title='bbox 309 2950 522 2991; x_wconf 79' lang='lat' dir='ltr'>intactum</span> <span class='ocrx_word' id='word_1_253' title='bbox 546 2947 626 2990; x_wconf 83' lang='lat' dir='ltr'>reli</span> <span class='ocrx_word' id='word_1_254' title='bbox 663 2949 727 2990; x_wconf 85' lang='lat' dir='ltr'>uit</span> <span class='ocrx_word' id='word_1_255' title='bbox 759 2952 947 3004; x_wconf 80' lang='lat' dir='ltr'>allatos,</span> 
     </span>
     <span class='ocr_line' id='line_1_49' title="bbox 59 3005 949 3110; baseline -0.002 -59"><span class='ocrx_word' id='word_1_256' title='bbox 59 3010 180 3110; x_wconf 42' lang='lat' dir='ltr'>&amp;uod</span> <span class='ocrx_word' id='word_1_257' title='bbox 239 3014 303 3048; x_wconf 85' lang='lat' dir='ltr'>est</span> <span class='ocrx_word' id='word_1_258' title='bbox 353 3006 400 3048; x_wconf 88' lang='lat' dir='ltr'>in</span> <span class='ocrx_word' id='word_1_259' title='bbox 455 3013 562 3051; x_wconf 83' lang='lat' dir='ltr'>veu.</span> <span class='ocrx_word' id='word_1_260' title='bbox 614 3021 636 3047; x_wconf 92' lang='lat' dir='ltr'>e</span> <span class='ocrx_word' id='word_1_261' title='bbox 674 3005 719 3048; x_wconf 90' lang='lat' dir='ltr'>d.</span> <span class='ocrx_word' id='word_1_262' title='bbox 765 3016 807 3048; x_wconf 82' lang='lat' dir='ltr'>et</span> <span class='ocrx_word' id='word_1_263' title='bbox 847 3006 949 3049; x_wconf 62' lang='lat' dir='ltr'>MS.</span> 
     </span>
    </p>
   </div>
   <div class='ocr_carea' id='block_1_14' title="bbox 106 3066 210 3109">
    <p class='ocr_par' dir='ltr' id='par_1_15' title="bbox 106 3066 210 3109">
     <span class='ocr_line' id='line_1_50' title="bbox 106 3066 210 3109; baseline -0.029 0"><span class='ocrx_word' id='word_1_264' title='bbox 106 3066 210 3109; x_wconf 87' lang='lat' dir='ltr'>uelf.</span> 
     </span>
    </p>
   </div>
   <div class='ocr_carea' id='block_1_15' title="bbox 59 3118 968 3404">
    <p class='ocr_par' dir='ltr' id='par_1_16' title="bbox 60 3118 955 3235">
     <span class='ocr_line' id='line_1_51' title="bbox 113 3118 955 3179; baseline 0.001 -16"><span class='ocrx_word' id='word_1_265' title='bbox 113 3139 206 3166; x_wconf 86' lang='lat' dir='ltr'>non</span> <span class='ocrx_word' id='word_1_266' title='bbox 248 3122 440 3174; x_wconf 81' lang='lat' dir='ltr'>impetu.</span> <span class='ocrx_word' id='word_1_267' title='bbox 513 3118 615 3163; x_wconf 90' lang='lat' dir='ltr'>MS.</span> <span class='ocrx_word' id='word_1_268' title='bbox 656 3120 767 3179; x_wconf 79' lang='lat' dir='ltr'>Agr.</span> <span class='ocrx_word' id='word_1_269' title='bbox 818 3123 955 3164; x_wconf 81' lang='lat' dir='ltr'>inani</span> 
     </span>
     <span class='ocr_line' id='line_1_52' title="bbox 60 3181 247 3235; baseline -0.011 -12"><span class='ocrx_word' id='word_1_270' title='bbox 60 3181 247 3235; x_wconf 84' lang='lat' dir='ltr'>impetu.</span> 
     </span>
    </p>

    <p class='ocr_par' dir='ltr' id='par_1_17' title="bbox 59 3234 948 3350">
     <span class='ocr_line' id='line_1_53' title="bbox 104 3234 948 3291; baseline -0.001 -12"><span class='ocrx_word' id='word_1_271' title='bbox 104 3246 311 3291; x_wconf 72' lang='lat' dir='ltr'>tempus.</span> <span class='ocrx_word' id='word_1_272' title='bbox 381 3234 480 3278; x_wconf 85' lang='lat' dir='ltr'>Hoc</span> <span class='ocrx_word' id='word_1_273' title='bbox 522 3235 794 3279; x_wconf 77' lang='lat' dir='ltr'>vocabulum</span> <span class='ocrx_word' id='word_1_274' title='bbox 829 3236 948 3279; x_wconf 84' lang='lat' dir='ltr'>deest</span> 
     </span>
     <span class='ocr_line' id='line_1_54' title="bbox 59 3293 344 3350; baseline -0.007 -14"><span class='ocrx_word' id='word_1_275' title='bbox 59 3294 107 3336; x_wconf 84' lang='lat' dir='ltr'>in</span> <span class='ocrx_word' id='word_1_276' title='bbox 133 3295 203 3337; x_wconf 89' lang='lat' dir='ltr'>ed.</span> <span class='ocrx_word' id='word_1_277' title='bbox 227 3293 344 3350; x_wconf 79' lang='lat' dir='ltr'>Spir.</span> 
     </span>
    </p>

    <p class='ocr_par' dir='ltr' id='par_1_18' title="bbox 115 3348 968 3404">
     <span class='ocr_line' id='line_1_55' title="bbox 115 3348 968 3404; baseline 0 -11"><span class='ocrx_word' id='word_1_278' title='bbox 115 3353 421 3404; x_wconf 77' lang='lat' dir='ltr'>impartiebat.</span> <span class='ocrx_word' id='word_1_279' title='bbox 510 3350 584 3392; x_wconf 79' lang='lat' dir='ltr'>Sic</span> <span class='ocrx_word' id='word_1_280' title='bbox 636 3348 768 3392; x_wconf 85' lang='lat' dir='ltr'><strong>MSS.</strong></span> <span class='ocrx_word' id='word_1_281' title='bbox 819 3349 968 3393; x_wconf 51' lang='lat' dir='ltr'>Harlst</span> 
     </span>
    </p>
   </div>
   <div class='ocr_carea' id='block_1_16' title="bbox 58 3405 943 3521">
    <p class='ocr_par' dir='ltr' id='par_1_19' title="bbox 58 3405 943 3521">
     <span class='ocr_line' id='line_1_56' title="bbox 58 3405 943 3450; baseline 0.001 -1"><span class='ocrx_word' id='word_1_282' title='bbox 58 3405 190 3450; x_wconf 85' lang='lat' dir='ltr'>Bodl.</span> <span class='ocrx_word' id='word_1_283' title='bbox 227 3407 306 3450; x_wconf 79' lang='lat' dir='ltr'>les.</span> <span class='ocrx_word' id='word_1_284' title='bbox 347 3406 459 3449; x_wconf 82' lang='lat' dir='ltr'>Bud.</span> <span class='ocrx_word' id='word_1_285' title='bbox 495 3405 646 3450; x_wconf 79' lang='lat' dir='ltr'>Guelf.</span> <span class='ocrx_word' id='word_1_286' title='bbox 690 3408 791 3448; x_wconf 87' lang='lat' dir='ltr'>edd.</span> <span class='ocrx_word' id='word_1_287' title='bbox 839 3416 943 3450; x_wconf 83' lang='lat' dir='ltr'>vett.</span> 
     </span>
     <span class='ocr_line' id='line_1_57' title="bbox 58 3463 940 3521; baseline 0 -14"><span class='ocrx_word' id='word_1_288' title='bbox 58 3479 164 3507; x_wconf 80' lang='lat' dir='ltr'>cum</span> <span class='ocrx_word' id='word_1_289' title='bbox 182 3463 355 3507; x_wconf 79' lang='lat' dir='ltr'>silentio</span> <span class='ocrx_word' id='word_1_290' title='bbox 385 3463 572 3507; x_wconf 79' lang='lat' dir='ltr'>Victorii</span> <span class='ocrx_word' id='word_1_291' title='bbox 592 3494 603 3510; x_wconf 93' lang='lat'>‚</span> <span class='ocrx_word' id='word_1_292' title='bbox 635 3471 676 3505; x_wconf 81' lang='lat' dir='ltr'>et</span> <span class='ocrx_word' id='word_1_293' title='bbox 700 3479 843 3521; x_wconf 85' lang='lat' dir='ltr'>nuper</span> <span class='ocrx_word' id='word_1_294' title='bbox 869 3464 940 3507; x_wconf 91' lang='lat' dir='ltr'>ed.</span> 
     </span>
    </p>
   </div>
   <div class='ocr_carea' id='block_1_17' title="bbox 57 3519 941 3578">
    <p class='ocr_par' dir='ltr' id='par_1_20' title="bbox 57 3519 941 3578">
     <span class='ocr_line' id='line_1_58' title="bbox 57 3519 941 3578; baseline -0.001 -14"><span class='ocrx_word' id='word_1_295' title='bbox 57 3519 247 3564; x_wconf 80' lang='lat' dir='ltr'>Bekker.</span> <span class='ocrx_word' id='word_1_296' title='bbox 276 3520 338 3566; x_wconf 84' lang='lat' dir='ltr'>ef.</span> <span class='ocrx_word' id='word_1_297' title='bbox 362 3530 456 3565; x_wconf 83' lang='lat' dir='ltr'>not.</span> <span class='ocrx_word' id='word_1_298' title='bbox 487 3521 541 3564; x_wconf 86' lang='lat' dir='ltr'>ad</span> <span class='ocrx_word' id='word_1_299' title='bbox 571 3520 635 3572; x_wconf 79' lang='lat'>13,</span> <span class='ocrx_word' id='word_1_300' title='bbox 659 3519 730 3564; x_wconf 78' lang='grc'>87.</span> <span class='ocrx_word' id='word_1_301' title='bbox 794 3519 941 3578; x_wconf 83' lang='lat' dir='ltr'>Vulgo</span> 
     </span>
    </p>
   </div>
   <div class='ocr_carea' id='block_1_18' title="bbox 1014 940 1938 3581">
    <p class='ocr_par' dir='ltr' id='par_1_21' title="bbox 1030 940 1934 1057">
     <span class='ocr_line' id='line_1_59' title="bbox 1038 940 1934 1005; baseline 0.004 -19"><span class='ocrx_word' id='word_1_302' title='bbox 1038 943 1141 987; x_wconf 85' lang='lat' dir='ltr'>edd.</span> <span class='ocrx_word' id='word_1_303' title='bbox 1167 953 1358 988; x_wconf 79' lang='lat' dir='ltr'>recentt.</span> <span class='ocrx_word' id='word_1_304' title='bbox 1378 945 1505 990; x_wconf 74' lang='lat' dir='ltr'>Brot.</span> <span class='ocrx_word' id='word_1_305' title='bbox 1531 943 1692 990; x_wconf 83' lang='lat' dir='ltr'>Oberl.</span> <span class='ocrx_word' id='word_1_306' title='bbox 1715 940 1812 1005; x_wconf 82' lang='lat' dir='ltr'>sqq.</span> <span class='ocrx_word' id='word_1_307' title='bbox 1844 948 1934 990; x_wconf 82' lang='lat' dir='ltr'>im-</span> 
     </span>
     <span class='ocr_line' id='line_1_60' title="bbox 1030 1004 1276 1057; baseline 0.012 -14"><span class='ocrx_word' id='word_1_308' title='bbox 1030 1004 1276 1057; x_wconf 85' lang='lat' dir='ltr'>pertiebat.</span> 
     </span>
    </p>

    <p class='ocr_par' dir='ltr' id='par_1_22' title="bbox 1014 1061 1938 3581">
     <span class='ocr_line' id='line_1_61' title="bbox 1094 1061 1935 1116; baseline 0.002 -15"><span class='ocrx_word' id='word_1_309' title='bbox 1094 1067 1165 1108; x_wconf 81' lang='lat' dir='ltr'>ut,</span> <span class='ocrx_word' id='word_1_310' title='bbox 1207 1075 1325 1116; x_wconf 87' lang='lat' dir='ltr'>quae</span> <span class='ocrx_word' id='word_1_311' title='bbox 1358 1061 1606 1102; x_wconf 84' lang='lat' dir='ltr'>contraria</span> <span class='ocrx_word' id='word_1_312' title='bbox 1636 1064 1935 1113; x_wconf 80' lang='lat' dir='ltr'>adseverant,</span> 
     </span>
     <span class='ocr_line' id='line_1_62' title="bbox 1035 1118 1935 1164; baseline 0.008 -8"><span class='ocrx_word' id='word_1_313' title='bbox 1035 1131 1140 1157; x_wconf 89' lang='lat' dir='ltr'>cum</span> <span class='ocrx_word' id='word_1_314' title='bbox 1182 1119 1417 1160; x_wconf 87' lang='lat' dir='ltr'>discordia</span> <span class='ocrx_word' id='word_1_315' title='bbox 1457 1126 1744 1162; x_wconf 81' lang='lat' dir='ltr'>eruerentur.</span> <span class='ocrx_word' id='word_1_316' title='bbox 1818 1118 1935 1164; x_wconf 87' lang='lat' dir='ltr'>Edd.</span> 
     </span>
     <span class='ocr_line' id='line_1_63' title="bbox 1035 1173 1930 1233; baseline 0.006 -18"><span class='ocrx_word' id='word_1_317' title='bbox 1035 1173 1137 1215; x_wconf 84' lang='lat' dir='ltr'>Put.</span> <span class='ocrx_word' id='word_1_318' title='bbox 1165 1175 1234 1217; x_wconf 88' lang='lat' dir='ltr'>M.</span> <span class='ocrx_word' id='word_1_319' title='bbox 1259 1183 1301 1217; x_wconf 80' lang='lat' dir='ltr'>et</span> <span class='ocrx_word' id='word_1_320' title='bbox 1325 1175 1385 1218; x_wconf 90' lang='lat' dir='ltr'>V.</span> <span class='ocrx_word' id='word_1_321' title='bbox 1419 1185 1557 1230; x_wconf 62' lang='lat' dir='ltr'>utque</span> <span class='ocrx_word' id='word_1_322' title='bbox 1582 1177 1826 1233; x_wconf 76' lang='lat' dir='ltr'>contraria</span> <span class='ocrx_word' id='word_1_323' title='bbox 1847 1192 1930 1220; x_wconf 85' lang='lat' dir='ltr'>as·</span> 
     </span>
     <span class='ocr_line' id='line_1_64' title="bbox 1037 1234 1930 1276; baseline 0.004 -4"><span class='ocrx_word' id='word_1_324' title='bbox 1037 1234 1356 1273; x_wconf 83' lang='lat' dir='ltr'>severantium</span> <span class='ocrx_word' id='word_1_325' title='bbox 1403 1234 1656 1275; x_wconf 78' lang='lat' dir='ltr'>discordiae</span> <span class='ocrx_word' id='word_1_326' title='bbox 1705 1248 1930 1276; x_wconf 86' lang='lat' dir='ltr'>erueren-</span> 
     </span>
     <span class='ocr_line' id='line_1_65' title="bbox 1038 1289 1931 1348; baseline 0.007 -19"><span class='ocrx_word' id='word_1_327' title='bbox 1038 1296 1129 1330; x_wconf 86' lang='lat' dir='ltr'>tur.</span> <span class='ocrx_word' id='word_1_328' title='bbox 1189 1289 1423 1333; x_wconf 77' lang='lat' dir='ltr'>Ed‹l.sser.</span> <span class='ocrx_word' id='word_1_329' title='bbox 1439 1290 1536 1332; x_wconf 83' lang='lat' dir='ltr'>Alc.</span> <span class='ocrx_word' id='word_1_330' title='bbox 1560 1290 1704 1333; x_wconf 81' lang='lat' dir='ltr'>Rhen.</span> <span class='ocrx_word' id='word_1_331' title='bbox 1728 1306 1830 1348; x_wconf 61' lang='lat' dir='ltr'>sqq,</span> <span class='ocrx_word' id='word_1_332' title='bbox 1855 1301 1931 1335; x_wconf 84' lang='lat' dir='ltr'>ut-</span> 
     </span>
     <span class='ocr_line' id='line_1_66' title="bbox 1037 1347 1932 1407; baseline 0.004 -19"><span class='ocrx_word' id='word_1_333' title='bbox 1037 1362 1124 1401; x_wconf 84' lang='lat' dir='ltr'>que</span> <span class='ocrx_word' id='word_1_334' title='bbox 1148 1378 1158 1389; x_wconf 91' lang='lat'><strong>.</strong></span> <span class='ocrx_word' id='word_1_335' title='bbox 1173 1376 1185 1388; x_wconf 82' lang='grc'><strong>.</strong></span> <span class='ocrx_word' id='word_1_336' title='bbox 1200 1378 1235 1391; x_wconf 93' lang='grc'>..</span> <span class='ocrx_word' id='word_1_337' title='bbox 1257 1349 1549 1390; x_wconf 76' lang='lat' dir='ltr'>eruebantur.</span> <span class='ocrx_word' id='word_1_338' title='bbox 1609 1347 1841 1407; x_wconf 83' lang='lat' dir='ltr'>Bipontini</span> <span class='ocrx_word' id='word_1_339' title='bbox 1863 1365 1932 1393; x_wconf 75' lang='lat' dir='ltr'>re·</span> 
     </span>
     <span class='ocr_line' id='line_1_67' title="bbox 1035 1404 1932 1461; baseline 0.006 -16"><span class='ocrx_word' id='word_1_340' title='bbox 1035 1404 1201 1461; x_wconf 76' lang='lat' dir='ltr'>petiere</span> <span class='ocrx_word' id='word_1_341' title='bbox 1245 1413 1543 1456; x_wconf 83' lang='lat' dir='ltr'>eruerentur,</span> <span class='ocrx_word' id='word_1_342' title='bbox 1597 1413 1640 1447; x_wconf 81' lang='lat' dir='ltr'>et</span> <span class='ocrx_word' id='word_1_343' title='bbox 1683 1405 1932 1451; x_wconf 80' lang='lat' dir='ltr'>Oberlinus</span> 
     </span>
     <span class='ocr_line' id='line_1_68' title="bbox 1036 1462 1934 1517; baseline 0.003 -14"><span class='ocrx_word' id='word_1_344' title='bbox 1036 1462 1157 1503; x_wconf 81' lang='lat' dir='ltr'>dedit</span> <span class='ocrx_word' id='word_1_345' title='bbox 1193 1470 1243 1503; x_wconf 86' lang='lat' dir='ltr'>ut</span> <span class='ocrx_word' id='word_1_346' title='bbox 1276 1464 1510 1503; x_wconf 77' lang='lat' dir='ltr'>contraria</span> <span class='ocrx_word' id='word_1_347' title='bbox 1534 1493 1546 1505; x_wconf 92' lang='lat'><strong>.</strong></span> <span class='ocrx_word' id='word_1_348' title='bbox 1568 1493 1579 1505; x_wconf 89' lang='lat'><strong>.</strong></span> <span class='ocrx_word' id='word_1_349' title='bbox 1603 1493 1616 1506; x_wconf 91' lang='lat'><strong>.</strong></span> <span class='ocrx_word' id='word_1_350' title='bbox 1640 1473 1934 1517; x_wconf 87' lang='lat' dir='ltr'>eruerentur,</span> 
     </span>
     <span class='ocr_line' id='line_1_69' title="bbox 1034 1518 1932 1565; baseline 0.006 -5"><span class='ocrx_word' id='word_1_351' title='bbox 1034 1519 1248 1561; x_wconf 87' lang='lat' dir='ltr'>suadente</span> <span class='ocrx_word' id='word_1_352' title='bbox 1289 1518 1479 1561; x_wconf 82' lang='lat' dir='ltr'>Hillero.</span> <span class='ocrx_word' id='word_1_353' title='bbox 1570 1518 1756 1563; x_wconf 82' lang='lat' dir='ltr'>Variant</span> <span class='ocrx_word' id='word_1_354' title='bbox 1798 1522 1932 1565; x_wconf 81' lang='lat' dir='ltr'>etiam</span> 
     </span>
     <span class='ocr_line' id='line_1_70' title="bbox 1036 1575 1933 1637; baseline 0.006 -19"><span class='ocrx_word' id='word_1_355' title='bbox 1036 1576 1194 1619; x_wconf 48' lang='lat' dir='ltr'>MS&amp;</span> <span class='ocrx_word' id='word_1_356' title='bbox 1227 1584 1367 1631; x_wconf 78' lang='lat' dir='ltr'>utque</span> <span class='ocrx_word' id='word_1_357' title='bbox 1392 1585 1456 1619; x_wconf 88' lang='lat' dir='ltr'>est</span> <span class='ocrx_word' id='word_1_358' title='bbox 1480 1576 1524 1618; x_wconf 89' lang='lat' dir='ltr'>in</span> <span class='ocrx_word' id='word_1_359' title='bbox 1538 1575 1659 1621; x_wconf 86' lang='lat' dir='ltr'>Flor.</span> <span class='ocrx_word' id='word_1_360' title='bbox 1675 1577 1933 1637; x_wconf 82' lang='lat' dir='ltr'>Reg.Bod1.</span> 
     </span>
     <span class='ocr_line' id='line_1_71' title="bbox 1034 1633 1932 1692; baseline 0.006 -18"><span class='ocrx_word' id='word_1_361' title='bbox 1034 1633 1119 1688; x_wconf 82' lang='lat' dir='ltr'>(pr.</span> <span class='ocrx_word' id='word_1_362' title='bbox 1148 1635 1227 1685; x_wconf 78' lang='grc' dir='ltr'>ω.)</span> <span class='ocrx_word' id='word_1_363' title='bbox 1254 1636 1363 1690; x_wconf 80' lang='lat' dir='ltr'>Agr.</span> <span class='ocrx_word' id='word_1_364' title='bbox 1378 1634 1490 1676; x_wconf 84' lang='lat' dir='ltr'>Bud.</span> <span class='ocrx_word' id='word_1_365' title='bbox 1518 1637 1626 1690; x_wconf 83' lang='lat' dir='ltr'>(sec.</span> <span class='ocrx_word' id='word_1_366' title='bbox 1652 1637 1756 1691; x_wconf 86' lang='lat' dir='ltr'>m.);</span> <span class='ocrx_word' id='word_1_367' title='bbox 1789 1644 1932 1692; x_wconf 81' lang='lat' dir='ltr'>atque</span> 
     </span>
     <span class='ocr_line' id='line_1_72' title="bbox 1036 1690 1929 1748; baseline 0.008 -16"><span class='ocrx_word' id='word_1_368' title='bbox 1036 1691 1148 1732; x_wconf 81' lang='lat' dir='ltr'>Bud.</span> <span class='ocrx_word' id='word_1_369' title='bbox 1174 1691 1261 1748; x_wconf 81' lang='lat' dir='ltr'>(pr.</span> <span class='ocrx_word' id='word_1_370' title='bbox 1285 1695 1367 1748; x_wconf 79' lang='lat' dir='ltr'>m.)</span> <span class='ocrx_word' id='word_1_371' title='bbox 1391 1690 1522 1733; x_wconf 84' lang='lat' dir='ltr'>Bodl.</span> <span class='ocrx_word' id='word_1_372' title='bbox 1561 1693 1667 1745; x_wconf 79' lang='lat' dir='ltr'>(see.</span> <span class='ocrx_word' id='word_1_373' title='bbox 1693 1696 1775 1744; x_wconf 86' lang='lat' dir='ltr'>m.)</span> <span class='ocrx_word' id='word_1_374' title='bbox 1804 1693 1929 1739; x_wconf 74' lang='lat' dir='ltr'>Harl.</span> 
     </span>
     <span class='ocr_line' id='line_1_73' title="bbox 1038 1747 1931 1796; baseline 0.008 -7"><span class='ocrx_word' id='word_1_375' title='bbox 1038 1747 1122 1791; x_wconf 81' lang='lat' dir='ltr'>les.</span> <span class='ocrx_word' id='word_1_376' title='bbox 1146 1747 1297 1791; x_wconf 86' lang='lat' dir='ltr'>Guelf.</span> <span class='ocrx_word' id='word_1_377' title='bbox 1324 1777 1383 1785; x_wconf 88' lang='lat'>--</span> <span class='ocrx_word' id='word_1_378' title='bbox 1426 1758 1699 1792; x_wconf 86' lang='lat' dir='ltr'>cruerentur</span> <span class='ocrx_word' id='word_1_379' title='bbox 1720 1750 1820 1794; x_wconf 88' lang='lat' dir='ltr'>MS.</span> <span class='ocrx_word' id='word_1_380' title='bbox 1849 1752 1931 1796; x_wconf 82' lang='lat' dir='ltr'>les.</span> 
     </span>
     <span class='ocr_line' id='line_1_74' title="bbox 1035 1805 1932 1862; baseline 0.006 -16"><span class='ocrx_word' id='word_1_381' title='bbox 1035 1805 1124 1862; x_wconf 84' lang='lat' dir='ltr'>(pr.</span> <span class='ocrx_word' id='word_1_382' title='bbox 1142 1807 1223 1859; x_wconf 74' lang='lat' dir='ltr'>ni.)</span> <span class='ocrx_word' id='word_1_383' title='bbox 1237 1823 1249 1859; x_wconf 90' lang='lat'>;</span> <span class='ocrx_word' id='word_1_384' title='bbox 1265 1809 1551 1848; x_wconf 85' lang='lat' dir='ltr'>eruebantur</span> <span class='ocrx_word' id='word_1_385' title='bbox 1564 1806 1667 1851; x_wconf 84' lang='lat' dir='ltr'>MS.</span> <span class='ocrx_word' id='word_1_386' title='bbox 1684 1806 1832 1851; x_wconf 87' lang='lat' dir='ltr'>Guelf.</span> <span class='ocrx_word' id='word_1_387' title='bbox 1848 1809 1932 1854; x_wconf 84' lang='lat' dir='ltr'>Ies.</span> 
     </span>
     <span class='ocr_line' id='line_1_75' title="bbox 1036 1863 1928 1919; baseline 0.008 -16"><span class='ocrx_word' id='word_1_388' title='bbox 1036 1863 1140 1916; x_wconf 84' lang='lat' dir='ltr'>(sec.</span> <span class='ocrx_word' id='word_1_389' title='bbox 1177 1868 1281 1919; x_wconf 79' lang='lat' dir='ltr'>m.);</span> <span class='ocrx_word' id='word_1_390' title='bbox 1326 1864 1582 1906; x_wconf 81' lang='lat' dir='ltr'>discordias</span> <span class='ocrx_word' id='word_1_391' title='bbox 1612 1875 1794 1909; x_wconf 86' lang='lat' dir='ltr'>erueret</span> <span class='ocrx_word' id='word_1_392' title='bbox 1824 1867 1928 1910; x_wconf 88' lang='lat' dir='ltr'>MS.</span> 
     </span>
     <span class='ocr_line' id='line_1_76' title="bbox 1034 1918 1930 1980; baseline 0.004 -18"><span class='ocrx_word' id='word_1_393' title='bbox 1034 1918 1170 1975; x_wconf 67' lang='lat' dir='ltr'>Agr-‚3</span> <span class='ocrx_word' id='word_1_394' title='bbox 1213 1930 1410 1963; x_wconf 81' lang='lat' dir='ltr'>ruerent</span> <span class='ocrx_word' id='word_1_395' title='bbox 1433 1921 1532 1962; x_wconf 90' lang='lat' dir='ltr'>MS.</span> <span class='ocrx_word' id='word_1_396' title='bbox 1557 1921 1664 1978; x_wconf 78' lang='lat' dir='ltr'>Reg.</span> <span class='ocrx_word' id='word_1_397' title='bbox 1690 1922 1758 1964; x_wconf 86' lang='lat' dir='ltr'>ed.</span> <span class='ocrx_word' id='word_1_398' title='bbox 1781 1923 1930 1980; x_wconf 86' lang='lat' dir='ltr'>Spir.;</span> 
     </span>
     <span class='ocr_line' id='line_1_77' title="bbox 1033 1978 1928 2030; baseline 0.008 -12"><span class='ocrx_word' id='word_1_399' title='bbox 1033 1987 1281 2020; x_wconf 85' lang='lat' dir='ltr'>ruerentu‘r</span> <span class='ocrx_word' id='word_1_400' title='bbox 1298 1978 1400 2020; x_wconf 88' lang='lat' dir='ltr'>MS.</span> <span class='ocrx_word' id='word_1_401' title='bbox 1417 1978 1532 2020; x_wconf 86' lang='lat' dir='ltr'>Bud.</span> <span class='ocrx_word' id='word_1_402' title='bbox 1549 1994 1562 2030; x_wconf 89' lang='lat'>;</span> <span class='ocrx_word' id='word_1_403' title='bbox 1593 1988 1809 2022; x_wconf 83' lang='lat' dir='ltr'>rueretur</span> <span class='ocrx_word' id='word_1_404' title='bbox 1823 1982 1928 2026; x_wconf 85' lang='lat' dir='ltr'>MS.</span> 
     </span>
     <span class='ocr_line' id='line_1_78' title="bbox 1032 2032 1929 2094; baseline 0.007 -18"><span class='ocrx_word' id='word_1_405' title='bbox 1032 2032 1158 2078; x_wconf 80' lang='lat' dir='ltr'>Flor.</span> <span class='ocrx_word' id='word_1_406' title='bbox 1181 2036 1298 2090; x_wconf 71' lang='lat' dir='ltr'>(test.</span> <span class='ocrx_word' id='word_1_407' title='bbox 1328 2037 1442 2078; x_wconf 80' lang='lat' dir='ltr'>vict.</span> <span class='ocrx_word' id='word_1_408' title='bbox 1468 2052 1570 2078; x_wconf 86' lang='lat' dir='ltr'>cum</span> <span class='ocrx_word' id='word_1_409' title='bbox 1594 2035 1804 2094; x_wconf 77' lang='lat' dir='ltr'>Ryekio).</span> <span class='ocrx_word' id='word_1_410' title='bbox 1855 2039 1929 2082; x_wconf 85' lang='lat' dir='ltr'>Pi-</span> 
     </span>
     <span class='ocr_line' id='line_1_79' title="bbox 1033 2091 1926 2138; baseline 0.003 -3"><span class='ocrx_word' id='word_1_411' title='bbox 1033 2091 1170 2135; x_wconf 85' lang='lat' dir='ltr'>chena</span> <span class='ocrx_word' id='word_1_412' title='bbox 1190 2092 1293 2135; x_wconf 87' lang='lat' dir='ltr'>inde</span> <span class='ocrx_word' id='word_1_413' title='bbox 1309 2094 1450 2135; x_wconf 81' lang='lat' dir='ltr'>adfert</span> <span class='ocrx_word' id='word_1_414' title='bbox 1469 2101 1637 2137; x_wconf 86' lang='lat' dir='ltr'>rueret.</span> <span class='ocrx_word' id='word_1_415' title='bbox 1651 2121 1709 2130; x_wconf 85' lang='lat'>--</span> <span class='ocrx_word' id='word_1_416' title='bbox 1734 2095 1822 2137; x_wconf 92' lang='lat' dir='ltr'>Pro</span> <span class='ocrx_word' id='word_1_417' title='bbox 1835 2101 1926 2138; x_wconf 85' lang='lat' dir='ltr'>ad-</span> 
     </span>
     <span class='ocr_line' id='line_1_80' title="bbox 1030 2151 1926 2207; baseline 0.007 -15"><span class='ocrx_word' id='word_1_418' title='bbox 1030 2151 1353 2192; x_wconf 84' lang='lat' dir='ltr'>severantium</span> <span class='ocrx_word' id='word_1_419' title='bbox 1386 2151 1484 2193; x_wconf 87' lang='lat' dir='ltr'>MS.</span> <span class='ocrx_word' id='word_1_420' title='bbox 1510 2151 1634 2194; x_wconf 84' lang='lat' dir='ltr'>Flor.</span> <span class='ocrx_word' id='word_1_421' title='bbox 1665 2152 1780 2207; x_wconf 74' lang='lat' dir='ltr'>(test.</span> <span class='ocrx_word' id='word_1_422' title='bbox 1804 2153 1926 2199; x_wconf 82' lang='lat' dir='ltr'>Vict.</span> 
     </span>
     <span class='ocr_line' id='line_1_81' title="bbox 1033 2207 1930 2264; baseline 0.007 -15"><span class='ocrx_word' id='word_1_423' title='bbox 1033 2216 1077 2250; x_wconf 87' lang='lat' dir='ltr'>et</span> <span class='ocrx_word' id='word_1_424' title='bbox 1101 2207 1310 2264; x_wconf 74' lang='lat' dir='ltr'>Pichena)</span> <span class='ocrx_word' id='word_1_425' title='bbox 1338 2207 1471 2249; x_wconf 85' lang='lat' dir='ltr'>habet</span> <span class='ocrx_word' id='word_1_426' title='bbox 1499 2219 1777 2251; x_wconf 75' lang='lat' dir='ltr'>asseverant</span> <span class='ocrx_word' id='word_1_427' title='bbox 1800 2219 1930 2264; x_wconf 87' lang='lat' dir='ltr'>tum;</span> 
     </span>
     <span class='ocr_line' id='line_1_82' title="bbox 1033 2264 1926 2312; baseline 0.006 -5"><span class='ocrx_word' id='word_1_428' title='bbox 1033 2264 1280 2307; x_wconf 76' lang='lat' dir='ltr'>seeundum</span> <span class='ocrx_word' id='word_1_429' title='bbox 1306 2264 1454 2308; x_wconf 80' lang='lat' dir='ltr'>collat.</span> <span class='ocrx_word' id='word_1_430' title='bbox 1482 2268 1569 2309; x_wconf 86' lang='lat' dir='ltr'>lae.</span> <span class='ocrx_word' id='word_1_431' title='bbox 1599 2265 1822 2312; x_wconf 78' lang='lat' dir='ltr'>Gronovii</span> <span class='ocrx_word' id='word_1_432' title='bbox 1845 2284 1926 2312; x_wconf 87' lang='lat' dir='ltr'>as·-</span> 
     </span>
     <span class='ocr_line' id='line_1_83' title="bbox 1030 2323 1927 2369; baseline 0.007 -6"><span class='ocrx_word' id='word_1_433' title='bbox 1030 2329 1253 2363; x_wconf 79' lang='lat' dir='ltr'>severant</span> <span class='ocrx_word' id='word_1_434' title='bbox 1290 2339 1412 2366; x_wconf 89' lang='lat' dir='ltr'>cum.</span> <span class='ocrx_word' id='word_1_435' title='bbox 1482 2323 1584 2365; x_wconf 66' lang='lat' dir='ltr'>Non</span> <span class='ocrx_word' id='word_1_436' title='bbox 1626 2325 1746 2366; x_wconf 84' lang='lat' dir='ltr'>enim</span> <span class='ocrx_word' id='word_1_437' title='bbox 1785 2326 1927 2369; x_wconf 82' lang='lat' dir='ltr'>semel</span> 
     </span>
     <span class='ocr_line' id='line_1_84' title="bbox 1030 2378 1925 2427; baseline 0.007 -7"><span class='ocrx_word' id='word_1_438' title='bbox 1030 2378 1217 2427; x_wconf 84' lang='lat' dir='ltr'>accidit,</span> <span class='ocrx_word' id='word_1_439' title='bbox 1250 2388 1296 2420; x_wconf 84' lang='lat' dir='ltr'>ut</span> <span class='ocrx_word' id='word_1_440' title='bbox 1323 2380 1408 2421; x_wconf 85' lang='lat' dir='ltr'>lac.</span> <span class='ocrx_word' id='word_1_441' title='bbox 1433 2378 1578 2422; x_wconf 86' lang='lat' dir='ltr'>Gron.</span> <span class='ocrx_word' id='word_1_442' title='bbox 1603 2397 1626 2422; x_wconf 91' lang='lat' dir='ltr'>e</span> <span class='ocrx_word' id='word_1_443' title='bbox 1645 2380 1770 2425; x_wconf 85' lang='lat' dir='ltr'>Flor.</span> <span class='ocrx_word' id='word_1_444' title='bbox 1795 2382 1925 2426; x_wconf 73' lang='lat' dir='ltr'>adle-</span> 
     </span>
     <span class='ocr_line' id='line_1_85' title="bbox 1028 2435 1923 2488; baseline 0.009 -12"><span class='ocrx_word' id='word_1_445' title='bbox 1028 2443 1096 2478; x_wconf 86' lang='lat' dir='ltr'>rat</span> <span class='ocrx_word' id='word_1_446' title='bbox 1127 2451 1173 2488; x_wconf 84' lang='lat' dir='ltr'>c,</span> <span class='ocrx_word' id='word_1_447' title='bbox 1218 2436 1293 2477; x_wconf 82' lang='lat' dir='ltr'>ubi</span> <span class='ocrx_word' id='word_1_448' title='bbox 1318 2435 1436 2479; x_wconf 70' lang='lat' dir='ltr'>vict.</span> <span class='ocrx_word' id='word_1_449' title='bbox 1466 2446 1508 2479; x_wconf 83' lang='lat' dir='ltr'>et</span> <span class='ocrx_word' id='word_1_450' title='bbox 1531 2437 1657 2481; x_wconf 77' lang='lat' dir='ltr'>Pieh.</span> <span class='ocrx_word' id='word_1_451' title='bbox 1691 2437 1854 2483; x_wconf 85' lang='lat' dir='ltr'>habent</span> <span class='ocrx_word' id='word_1_452' title='bbox 1887 2449 1923 2484; x_wconf 84' lang='lat' dir='ltr'>t.</span> 
     </span>
     <span class='ocr_line' id='line_1_86' title="bbox 1028 2491 1924 2556; baseline 0.008 -21"><span class='ocrx_word' id='word_1_453' title='bbox 1028 2491 1113 2535; x_wconf 82' lang='lat' dir='ltr'>Ed.</span> <span class='ocrx_word' id='word_1_454' title='bbox 1136 2492 1252 2549; x_wconf 82' lang='lat' dir='ltr'>Spir.</span> <span class='ocrx_word' id='word_1_455' title='bbox 1278 2503 1554 2535; x_wconf 79' lang='lat' dir='ltr'>asseverant</span> <span class='ocrx_word' id='word_1_456' title='bbox 1577 2502 1694 2539; x_wconf 86' lang='lat' dir='ltr'>tum.</span> <span class='ocrx_word' id='word_1_457' title='bbox 1754 2495 1805 2539; x_wconf 84' lang='lat' dir='ltr'>ln</span> <span class='ocrx_word' id='word_1_458' title='bbox 1835 2499 1924 2556; x_wconf 64' lang='lat' dir='ltr'>qua</span> 
     </span>
     <span class='ocr_line' id='line_1_87' title="bbox 1027 2549 1925 2598; baseline 0.007 -6"><span class='ocrx_word' id='word_1_459' title='bbox 1027 2549 1114 2592; x_wconf 88' lang='lat' dir='ltr'>loci</span> <span class='ocrx_word' id='word_1_460' title='bbox 1152 2549 1417 2592; x_wconf 83' lang='lat' dir='ltr'>confusione</span> <span class='ocrx_word' id='word_1_461' title='bbox 1454 2567 1546 2593; x_wconf 90' lang='lat' dir='ltr'>non</span> <span class='ocrx_word' id='word_1_462' title='bbox 1581 2551 1763 2596; x_wconf 86' lang='lat' dir='ltr'>defuere</span> <span class='ocrx_word' id='word_1_463' title='bbox 1797 2555 1925 2598; x_wconf 60' lang='lat' dir='ltr'>viro—</span> 
     </span>
     <span class='ocr_line' id='line_1_88' title="bbox 1027 2606 1919 2656; baseline 0.009 -8"><span class='ocrx_word' id='word_1_464' title='bbox 1027 2623 1130 2649; x_wconf 81' lang='lat' dir='ltr'>rum</span> <span class='ocrx_word' id='word_1_465' title='bbox 1165 2606 1406 2649; x_wconf 77' lang='lat' dir='ltr'>doctorum</span> <span class='ocrx_word' id='word_1_466' title='bbox 1438 2609 1737 2653; x_wconf 78' lang='lat' dir='ltr'>coniecturae.</span> <span class='ocrx_word' id='word_1_467' title='bbox 1795 2610 1919 2656; x_wconf 80' lang='lat' dir='ltr'>Rhe-</span> 
     </span>
     <span class='ocr_line' id='line_1_89' title="bbox 1024 2668 1922 2714; baseline 0.008 -8"><span class='ocrx_word' id='word_1_468' title='bbox 1024 2679 1191 2706; x_wconf 82' lang='lat' dir='ltr'>nanus:</span> <span class='ocrx_word' id='word_1_469' title='bbox 1217 2671 1269 2704; x_wconf 82' lang='lat' dir='ltr'>ut</span> <span class='ocrx_word' id='word_1_470' title='bbox 1288 2668 1527 2707; x_wconf 77' lang='lat' dir='ltr'>contraria</span> <span class='ocrx_word' id='word_1_471' title='bbox 1548 2670 1922 2714; x_wconf 84' lang='lat' dir='ltr'>asseverantium</span> 
     </span>
     <span class='ocr_line' id='line_1_90' title="bbox 1023 2720 1938 2775; baseline 0.011 -13"><span class='ocrx_word' id='word_1_472' title='bbox 1023 2722 1283 2763; x_wconf 81' lang='lat' dir='ltr'>discordiae</span> <span class='ocrx_word' id='word_1_473' title='bbox 1325 2732 1679 2775; x_wconf 80' lang='lat' dir='ltr'>quaererentur.</span> <span class='ocrx_word' id='word_1_474' title='bbox 1761 2726 1821 2770; x_wconf 89' lang='lat' dir='ltr'>D.</span> <span class='ocrx_word' id='word_1_475' title='bbox 1863 2720 1938 2772; x_wconf 43' lang='lat' dir='ltr'>de*</span> 
     </span>
     <span class='ocr_line' id='line_1_91' title="bbox 1023 2777 1918 2834; baseline 0.008 -13"><span class='ocrx_word' id='word_1_476' title='bbox 1023 2777 1242 2821; x_wconf 78' lang='lat' dir='ltr'>Lamalle:</span> <span class='ocrx_word' id='word_1_477' title='bbox 1292 2781 1658 2834; x_wconf 82' lang='lat' dir='ltr'>quaerebantur.</span> <span class='ocrx_word' id='word_1_478' title='bbox 1734 2780 1918 2828; x_wconf 83' lang='lat' dir='ltr'>Frein&#39;s-</span> 
     </span>
     <span class='ocr_line' id='line_1_92' title="bbox 1023 2835 1920 2892; baseline 0.008 -14"><span class='ocrx_word' id='word_1_479' title='bbox 1023 2835 1220 2878; x_wconf 86' lang='lat' dir='ltr'>hemius:</span> <span class='ocrx_word' id='word_1_480' title='bbox 1263 2843 1340 2887; x_wconf 87' lang='lat' dir='ltr'>ut,</span> <span class='ocrx_word' id='word_1_481' title='bbox 1372 2852 1490 2892; x_wconf 86' lang='lat' dir='ltr'>quae</span> <span class='ocrx_word' id='word_1_482' title='bbox 1516 2841 1760 2882; x_wconf 87' lang='lat' dir='ltr'>contraria</span> <span class='ocrx_word' id='word_1_483' title='bbox 1785 2857 1920 2885; x_wconf 86' lang='lat' dir='ltr'>asse-</span> 
     </span>
     <span class='ocr_line' id='line_1_93' title="bbox 1022 2892 1918 2945; baseline 0.01 -11"><span class='ocrx_word' id='word_1_484' title='bbox 1022 2892 1290 2935; x_wconf 81' lang='lat' dir='ltr'>verantium</span> <span class='ocrx_word' id='word_1_485' title='bbox 1311 2893 1565 2945; x_wconf 78' lang='lat' dir='ltr'>discordia,</span> <span class='ocrx_word' id='word_1_486' title='bbox 1598 2906 1796 2942; x_wconf 84' lang='lat' dir='ltr'>erueret.</span> <span class='ocrx_word' id='word_1_487' title='bbox 1836 2899 1918 2942; x_wconf 86' lang='lat' dir='ltr'>Er·</span> 
     </span>
     <span class='ocr_line' id='line_1_94' title="bbox 1022 2950 1919 3006; baseline 0.008 -14"><span class='ocrx_word' id='word_1_488' title='bbox 1022 2950 1212 2993; x_wconf 84' lang='lat' dir='ltr'>nestius:</span> <span class='ocrx_word' id='word_1_489' title='bbox 1246 2959 1386 3006; x_wconf 77' lang='lat' dir='ltr'>utque</span> <span class='ocrx_word' id='word_1_490' title='bbox 1412 2983 1422 2993; x_wconf 89' lang='lat'><strong>.</strong></span> <span class='ocrx_word' id='word_1_491' title='bbox 1439 2982 1452 2995; x_wconf 85' lang='lat'><strong>.</strong></span> <span class='ocrx_word' id='word_1_492' title='bbox 1471 2982 1481 2993; x_wconf 88' lang='lat'><strong>.</strong></span> <span class='ocrx_word' id='word_1_493' title='bbox 1507 2952 1790 2997; x_wconf 84' lang='lat' dir='ltr'>riderentur.</span> <span class='ocrx_word' id='word_1_494' title='bbox 1843 2957 1919 2999; x_wconf 80' lang='lat' dir='ltr'>Bi·</span> 
     </span>
     <span class='ocr_line' id='line_1_95' title="bbox 1021 3007 1916 3065; baseline 0.009 -17"><span class='ocrx_word' id='word_1_495' title='bbox 1021 3007 1225 3065; x_wconf 82' lang='lat' dir='ltr'>pontiui:</span> <span class='ocrx_word' id='word_1_496' title='bbox 1256 3016 1305 3049; x_wconf 88' lang='lat' dir='ltr'>ut</span> <span class='ocrx_word' id='word_1_497' title='bbox 1330 3010 1410 3062; x_wconf 84' lang='lat' dir='ltr'>qui</span> <span class='ocrx_word' id='word_1_498' title='bbox 1426 3024 1461 3052; x_wconf 84' lang='lat' dir='ltr'>c.</span> <span class='ocrx_word' id='word_1_499' title='bbox 1483 3020 1829 3062; x_wconf 78' lang='lat' dir='ltr'>asseverarent,</span> <span class='ocrx_word' id='word_1_500' title='bbox 1865 3016 1916 3056; x_wconf 83' lang='lat' dir='ltr'>in</span> 
     </span>
     <span class='ocr_line' id='line_1_96' title="bbox 1020 3066 1916 3115; baseline 0.01 -9"><span class='ocrx_word' id='word_1_501' title='bbox 1020 3066 1273 3107; x_wconf 78' lang='lat' dir='ltr'>discordias</span> <span class='ocrx_word' id='word_1_502' title='bbox 1299 3073 1507 3109; x_wconf 84' lang='lat' dir='ltr'>ruerent.</span> <span class='ocrx_word' id='word_1_503' title='bbox 1557 3066 1649 3110; x_wconf 75' lang='lat' dir='ltr'>Alii</span> <span class='ocrx_word' id='word_1_504' title='bbox 1675 3069 1777 3112; x_wconf 82' lang='lat' dir='ltr'>alia.</span> <span class='ocrx_word' id='word_1_505' title='bbox 1827 3072 1916 3115; x_wconf 87' lang='lat' dir='ltr'>Sed</span> 
     </span>
     <span class='ocr_line' id='line_1_97' title="bbox 1021 3121 1916 3172; baseline 0.006 -6"><span class='ocrx_word' id='word_1_506' title='bbox 1021 3122 1351 3166; x_wconf 80' lang='lat' dir='ltr'>vehementiore</span> <span class='ocrx_word' id='word_1_507' title='bbox 1418 3121 1640 3167; x_wconf 81' lang='lat' dir='ltr'>medicina</span> <span class='ocrx_word' id='word_1_508' title='bbox 1703 3142 1796 3169; x_wconf 86' lang='lat' dir='ltr'>non</span> <span class='ocrx_word' id='word_1_509' title='bbox 1849 3136 1916 3172; x_wconf 83' lang='lat' dir='ltr'>est</span> 
     </span>
     <span class='ocr_line' id='line_1_98' title="bbox 1021 3179 1917 3236; baseline 0.008 -15"><span class='ocrx_word' id='word_1_510' title='bbox 1021 3195 1160 3236; x_wconf 84' lang='lat' dir='ltr'>opus,</span> <span class='ocrx_word' id='word_1_511' title='bbox 1199 3179 1403 3221; x_wconf 84' lang='lat' dir='ltr'>ut&#39;loeus</span> <span class='ocrx_word' id='word_1_512' title='bbox 1439 3179 1482 3221; x_wconf 90' lang='lat' dir='ltr'>in</span> <span class='ocrx_word' id='word_1_513' title='bbox 1516 3180 1746 3225; x_wconf 77' lang='lat' dir='ltr'>sanitatem</span> <span class='ocrx_word' id='word_1_514' title='bbox 1781 3185 1917 3228; x_wconf 80' lang='lat' dir='ltr'>resti-</span> 
     </span>
     <span class='ocr_line' id='line_1_99' title="bbox 1020 3233 1912 3306; baseline 0.01 -29"><span class='ocrx_word' id='word_1_515' title='bbox 1020 3244 1188 3278; x_wconf 78' lang='lat' dir='ltr'>tuatur.</span> <span class='ocrx_word' id='word_1_516' title='bbox 1264 3237 1437 3290; x_wconf 77' lang='lat' dir='ltr'>thue,</span> <span class='ocrx_word' id='word_1_517' title='bbox 1481 3236 1601 3293; x_wconf 88' lang='lat' dir='ltr'>quod</span> <span class='ocrx_word' id='word_1_518' title='bbox 1638 3233 1819 3306; x_wconf 37' lang='lat' dir='ltr'>obtimis</span> <span class='ocrx_word' id='word_1_519' title='bbox 1853 3242 1912 3285; x_wconf 75' lang='lat' dir='ltr'>li-</span> 
     </span>
     <span class='ocr_line' id='line_1_100' title="bbox 1017 3293 1914 3356; baseline 0.008 -21"><span class='ocrx_word' id='word_1_520' title='bbox 1017 3293 1110 3335; x_wconf 81' lang='lat' dir='ltr'>bris</span> <span class='ocrx_word' id='word_1_521' title='bbox 1152 3293 1290 3344; x_wconf 80' lang='lat' dir='ltr'>inest,</span> <span class='ocrx_word' id='word_1_522' title='bbox 1344 3295 1580 3351; x_wconf 84' lang='lat' dir='ltr'>legendum</span> <span class='ocrx_word' id='word_1_523' title='bbox 1624 3305 1707 3339; x_wconf 79' lang='lat' dir='ltr'>emt</span> <span class='ocrx_word' id='word_1_524' title='bbox 1742 3314 1824 3356; x_wconf 89' lang='lat' dir='ltr'>pro</span> <span class='ocrx_word' id='word_1_525' title='bbox 1860 3308 1914 3344; x_wconf 83' lang='lat' dir='ltr'>ut</span> 
     </span>
     <span class='ocr_line' id='line_1_101' title="bbox 1018 3353 1910 3414; baseline 0.004 -24"><span class='ocrx_word' id='word_1_526' title='bbox 1018 3365 1150 3406; x_wconf 80' lang='lat' dir='ltr'>quae.</span> <span class='ocrx_word' id='word_1_527' title='bbox 1233 3353 1546 3402; x_wconf 82' lang='lat' dir='ltr'>Adscverant,</span> <span class='ocrx_word' id='word_1_528' title='bbox 1609 3354 1732 3410; x_wconf 85' lang='lat' dir='ltr'>quod</span> <span class='ocrx_word' id='word_1_529' title='bbox 1778 3369 1910 3414; x_wconf 74' lang='lat' dir='ltr'>prae-</span> 
     </span>
     <span class='ocr_line' id='line_1_102' title="bbox 1015 3406 1912 3464; baseline 0.009 -14"><span class='ocrx_word' id='word_1_530' title='bbox 1015 3409 1121 3450; x_wconf 80' lang='lat' dir='ltr'>bent</span> <span class='ocrx_word' id='word_1_531' title='bbox 1145 3406 1244 3449; x_wconf 85' lang='lat' dir='ltr'>MS.</span> <span class='ocrx_word' id='word_1_532' title='bbox 1268 3407 1389 3450; x_wconf 85' lang='lat' dir='ltr'>Flor.</span> <span class='ocrx_word' id='word_1_533' title='bbox 1416 3417 1456 3450; x_wconf 84' lang='lat' dir='ltr'>et</span> <span class='ocrx_word' id='word_1_534' title='bbox 1480 3408 1547 3451; x_wconf 89' lang='lat' dir='ltr'>ed.</span> <span class='ocrx_word' id='word_1_535' title='bbox 1571 3424 1664 3464; x_wconf 68' lang='lat' dir='ltr'>pr„</span> <span class='ocrx_word' id='word_1_536' title='bbox 1710 3422 1754 3456; x_wconf 83' lang='lat' dir='ltr'>et</span> <span class='ocrx_word' id='word_1_537' title='bbox 1786 3423 1912 3458; x_wconf 87' lang='lat' dir='ltr'>tem—</span> 
     </span>
     <span class='ocr_line' id='line_1_103' title="bbox 1015 3464 1909 3523; baseline 0.012 -18"><span class='ocrx_word' id='word_1_538' title='bbox 1015 3479 1123 3521; x_wconf 83' lang='lat' dir='ltr'>pore</span> <span class='ocrx_word' id='word_1_539' title='bbox 1144 3471 1186 3506; x_wconf 85' lang='lat' dir='ltr'>et</span> <span class='ocrx_word' id='word_1_540' title='bbox 1206 3464 1343 3507; x_wconf 85' lang='lat' dir='ltr'>modo</span> <span class='ocrx_word' id='word_1_541' title='bbox 1363 3465 1529 3523; x_wconf 75' lang='lat' dir='ltr'>optime</span> <span class='ocrx_word' id='word_1_542' title='bbox 1548 3464 1654 3512; x_wconf 80' lang='lat' dir='ltr'>huic</span> <span class='ocrx_word' id='word_1_543' title='bbox 1674 3469 1776 3514; x_wconf 87' lang='lat' dir='ltr'>loco</span> <span class='ocrx_word' id='word_1_544' title='bbox 1801 3488 1909 3515; x_wconf 88' lang='lat' dir='ltr'>con·</span> 
     </span>
     <span class='ocr_line' id='line_1_104' title="bbox 1014 3519 1908 3581; baseline 0.015 -19"><span class='ocrx_word' id='word_1_545' title='bbox 1014 3521 1136 3566; x_wconf 73' lang='lat' dir='ltr'>venit</span> <span class='ocrx_word' id='word_1_546' title='bbox 1169 3535 1220 3564; x_wconf 85' lang='lat' dir='ltr'>ex</span> <span class='ocrx_word' id='word_1_547' title='bbox 1246 3519 1390 3566; x_wconf 77' lang='lat' dir='ltr'>Taciti</span> <span class='ocrx_word' id='word_1_548' title='bbox 1423 3520 1639 3581; x_wconf 82' lang='lat' dir='ltr'>loquendi</span> <span class='ocrx_word' id='word_1_549' title='bbox 1670 3542 1772 3572; x_wconf 82' lang='lat' dir='ltr'>usu.</span> <span class='ocrx_word' id='word_1_550' title='bbox 1829 3530 1908 3578; x_wconf 74' lang='lat' dir='ltr'>Sic</span> 
     </span>
    </p>
   </div>
  </div>
 </body>
</html>
