2216 4010
150 909 161 923 ι
230 882 705 946 cognomentum.

158 2820 162 2827 “
232 2813 305 2858 ed'.
337 2811 453 2870 Spir.
522 2817 574 2852 ot
617 2821 762 2850 causa
805 2807 959 2857 necis,

324 68 337 97 t

235 215 314 274 10

894 209 1409 275 ANNALIUM

1773 209 1828 246 Α.
1847 211 1898 248 U.
1912 211 2002 254 8⁰0.

1773 254 1825 290 A.
1845 254 1891 292 c,
1935 256 2004 298 47,

231 347 423 417 deret,
475 363 655 403 venas
703 343 982 414 exsolvit,
1038 341 1166 398 viso
1209 352 1407 400 tamen
1452 355 1589 402 ante
1627 363 1771 419 rogo
1809 347 2086 425 iussoque

229 430 538 490 transferri
586 441 815 507 partem
855 424 924 486 in
967 427 1172 496 aliam,
1241 447 1316 484 ne
1359 430 1615 505 opacitas
1659 432 1940 490 arborum
1979 453 2090 498 xta-2

227 530 383 593 pore
420 515 575 591 ignis
617 515 1000 573 minueretur.

230 602 378 661 sime
418 602 551 661 fuit.

1097 521 1327 569 tantum
1374 514 1468 571 illi
1518 516 1844 573 securitatis
1885 517 2086 575 novis—

284 761 286 763 ,
398 698 504 761 IV.
557 697 864 756 Vocantur
907 706 1042 773 post
1082 690 1227 751 haec
1279 707 1471 770 patres
1515 700 1819 778 pergitque
1857 670 2104 760 Suilius,

232 785 448 845 addere
492 804 624 842 reos
672 785 894 862 equites
935 780 1242 839 Romanos
1285 781 1595 856 inlustre5‚
1659 787 1874 862 quibus
1911 785 2087 845 Petra

833 880 893 925 at
940 886 1113 923 causa
1166 865 1324 922 necis
1376 887 1444 923 ex
1501 889 1567 926 eo
1624 873 1783 948 quod
1841 873 2087 929 domum

228 977 398 1016 suam
442 955 671 1015 Valerii
729 965 787 1012 et
825 952 1133 1029 Poppaeae
1198 953 1602 1026 congressibus
1662 957 2086 1032 praebuissent.

288 1193 499 1238 exsolvit.
556 1189 634 1235 Sic
655 1188 756 1232 MS.
772 1189 894 1232 Flor.
918 1187 968 1243 (t.
984 1185 1121 1243 vict.)

231 1251 334 1295 edd.
370 1251 489 1309 Lips.
533 1265 629 1307 sqq.
673 1276 732 1284 --
806 1246 981 1289 exolvit
1022 1244 1124 1287 MS.

231 1307 384 1353 Guelf.
409 1309 512 1352 edd.
534 1307 637 1350 Put.
661 1304 729 1348 M.
753 1313 796 1347 et
818 1305 873 1345 V.
911 1302 1122 1345 Beroald.

229 1367 333 1412 Alc.
358 1365 502 1409 Rhen.
527 1363 635 1408 Ald.
667 1387 721 1397 —
767 1362 901 1405 solvit
926 1358 1125 1417 ed.Spir.

288 1436 556 1482 novissime.
606 1433 681 1477 Sic
695 1428 969 1476 MSS.F101·.
996 1429 1125 1486 (t.V.)

231 1494 384 1539 Guelf.
400 1494 500 1536 edd.
518 1492 753 1552 Spir.Ber.
770 1490 869 1533 Ale.
908 1488 1060 1539 Recte,
1083 1496 1125 1530 et

229 1552 472 1609 elegantius
497 1566 632 1610 quam
664 1550 966 1595 novissimae,
1002 1545 1125 1602 quod

228 1610 395 1655 habent
417 1608 517 1651 edd.
544 1607 647 1649 Put.
670 1606 738 1647 M.
762 1614 806 1647 et
829 1605 883 1646 V.
924 1601 1126 1644 Rhenan.

229 1683 328 1727 sqq.
380 1666 592 1709 ·lnvenio
618 1671 678 1706 ret
716 1659 991 1718 Kiesslingio
1033 1658 1126 1717 pla-

231 1727 378 1771 cuisse
404 1723 673 1765 novissime.

289 1794 404 1839 CAP.
434 1795 477 1837 4.
538 1793 776 1834 inlustres.
849 1787 967 1832 Edd.
1005 1786 1124 1844 Spir.

231 1854 336 1898 Put.
357 1852 428 1896 M.
451 1859 494 1894 et
516 1851 572 1892 V.
619 1847 828 1890 Beroald.
854 1846 955 1888 Alc.
982 1844 1125 1887 Rhen-

229 1911 338 1958 Ald.
373 1926 414 1954 c.
444 1908 549 1952 MS.
584 1905 735 1950 Guelf.
772 1905 994 1946 illustres.
1070 1902 1124 1943 In

230 1969 327 2014 aliis
367 1966 481 2010 locis
511 1963 744 2008 Victorius
788 1977 811 2004 e
854 1958 957 2002 MS.
997 1957 1123 2001 Flor.

162 2066 175 2073 -
230 2032 492 2072 constanter
539 2020 732 2066 correxit
773 2020 988 2069 inluso-,5
1039 2015 1128 2059 hoc

228 2093 383 2128 tamen
418 2081 521 2124 loco
552 2082 755 2122 illustres
780 2077 828 2119 in
861 2091 945 2118 suo
982 2089 1126 2116 exem-

265 2140 346 2184 lari
391 2136 603 2182 Beroald.
654 2136 875 2178 intactum
925 2129 1125 2189 reliquit.

229 2158 302 2244 Be
344 2198 571 2254 equitibus
601 2194 743 2238 Rom.
785 2192 972 2234 inlustr.
1064 2187 1124 2232 cf.

229 2264 326 2301 not.
349 2255 404 2302 ad
423 2255 472 2306 2,
490 2254 562 2296 59.

285 2317 435 2370 Petra
459 2327 835 2378 cognomentum.
894 2316 971 2361 Sic
991 2314 1127 2360 MSS.

228 2383 437 2428 Vaticani
461 2397 630 2432 omnes,
654 2377 807 2421 Guelf.
829 2374 1046 2419 edd.Put.
1059 2373 1127 2418 M.

231 2430 346 2486 etV.
377 2441 482 2484 Ber.
505 2441 563 2495 (c.
591 2437 660 2482 sil.
687 2435 829 2493 Viet.)
860 2433 958 2476 Alc.
985 2431 1127 2474 Rhen.

230 2514 329 2569 sqq.
383 2505 577 2555 praeter
609 2494 869 2549 cognomen
892 2489 994 2532 MS.
1019 2489 1128 2547 Reg.

227 2578 309 2627 pet
330 2581 582 2625 cognomen
606 2564 675 2608 ed.
700 2563 819 2620 Spir-

229 2671 232 2675 -
289 2647 343 2685 at
367 2653 510 2682 causa
539 2636 666 2679 necis
698 2649 761 2676 ex
794 2649 847 2677 eo
882 2635 1007 2691 quod
1041 2639 1125 2676 etc.

227 2696 308 2744 Sic
341 2694 477 2740 MSS.
516 2688 640 2738 Flor.
685 2700 716 2734 t.
753 2692 870 2736 Vict.
914 2690 1127 2746 (Pichena

231 2753 435 2817 prodidit
454 2752 516 2796 ibi
543 2767 635 2795 esse
659 2765 713 2792 ac
745 2766 829 2808 pro
863 2751 951 2805 at.)
1009 2747 1130 2846 Βυόάξ

1009 2821 1095 2862 quo

231 2869 337 2915 MS.
367 2865 525 2921 ›Guelfi
557 2865 657 2909 edd.
692 2864 868 2908 Puteol.
898 2863 967 2906 M.
999 2870 1042 2906 et
1069 2863 1126 2904 V.

232 2925 443 2973 Beroald.
495 2923 603 2968 Ale·
639 2922 838 2966 Rhenan.
889 2920 990 2964 Ald.
1026 2935 1125 2978 sqq.

233 2986 328 3031 Pro
367 2991 422 3026 at
462 2980 693 3028 Acidalius
736 2979 915 3024 volebat
964 2984 1009 3020 et
1054 2984 1129 3019 aut

233 3043 367 3103 plane
396 3039 443 3083 id
477 3038 720 3084 delendum
758 3037 981 3082 censebat.
1049 3034 1129 3076 Er·

234 3098 407 3146 nestius
477 3096 702 3141 malebat:
772 3099 1128 3149 cognomentum

238 3162 359 3202 erat.
420 3153 575 3196 Causa
609 3162 693 3196 etc.
738 3195 741 3197 ,
777 3152 871 3195 Pro
916 3158 970 3192 at
1010 3148 1127 3192 haud

236 3211 546 3276 pugnaverim.
599 3210 973 3253 Additamentum
998 3220 1127 3250 exeo

239 3267 498 3330 genuinum
521 3274 602 3310 est.
679 3268 737 3310 cf.
770 3268 845 3317 16,
882 3266 949 3308 15.
987 3277 1129 3306 causa

225 3325 497 3388 festinandi
531 3338 594 3366 ex
637 3340 690 3368 eo
733 3325 970 3366 oriebatur
1010 3322 1132 3378 quod

238 3394 327 3432 etc·
385 3381 452 3426 lta
471 3389 513 3425 et
533 3389 689 3425 nostro
715 3380 818 3424 loco
832 3381 1011 3425 Tacitus
1036 3393 1131 3421 non

236 3441 350 3488 dicit
383 3438 506 3483 illam
536 3438 672 3482 fuisse
702 3452 892 3480 causam
923 3438 1043 3480 necis
1075 3434 1131 3478 ab

241 3505 503 3545 accusatore
535 3494 803 3546 adhibitam,
843 3495 919 3537 sed
953 3507 1130 3539 causam

240 3555 366 3603 necis
413 3552 518 3598 inde
571 3553 733 3612 ortam.
823 3550 882 3597 cf.
915 3559 974 3600 et.
1010 3553 1058 3603 1,
1090 3549 1130 3595 5.

1194 1199 1411 1242 spemque
1445 1199 1508 1227 ex
1539 1200 1616 1237 eo,
1642 1186 1785 1243 fore,
1820 1196 1872 1231 ut
1898 1197 2005 1240 εἰς-..ς
2049 1189 2088 1241 1,

1200 1245 1268 1288 13.
1316 1257 1452 1297 spem
1497 1257 1597 1285 esse
1640 1261 1703 1288 ex
1743 1260 1794 1287 eo
1831 1277 1846 1290 .
1867 1278 1880 1290 .
1905 1278 1917 1290 .
1949 1250 2090 1303 quod.

1195 1302 1307 1345 Hist.
1337 1302 1378 1352 2,
1402 1301 1444 1342 2.
1477 1303 1664 1344 nullum
1707 1318 1770 1345 ex
1799 1319 1852 1346 eo
1889 1305 2086 1359 impedi—

1197 1368 1425 1403 mentum.
1487 1357 1724 1404 Consentit
1744 1360 2053 1420 Kiesslingius.

1258 1460 1456 1504 Valerii.
1517 1458 1595 1502 Sic
1622 1459 1758 1503 MSS.
1792 1459 1945 1504 Guelf.
1975 1459 2087 1519 Agr.

1195 1518 1320 1561 Harl.
1357 1516 1489 1559 Bodl.
1522 1517 1603 1559 Ies.
1644 1517 1788 1573 (ssud.
1829 1519 1876 1561 in
1917 1534 2015 1562 mar
2047 1521 2087 1574 .)

1198 1576 1297 1618 edd.
1331 1574 1453 1631 Spir.
1485 1575 1587 1617 Put.
1622 1575 1687 1617 M.
1713 1584 1754 1618 et
1779 1577 1832 1617 V.
1877 1575 2022 1618 Beroa
2044 1577 2089 1619 d.

1198 1635 1258 1686 (c.
1293 1632 1361 1674 sil.
1390 1630 1598 1687 Victorii)
1634 1632 1735 1676 Alc.
1797 1633 1963 1678 Contra
1986 1632 2088 1676 MS.

1197 1689 1315 1732 Bud.
1340 1690 1586 1731 mnesteris
1602 1689 1669 1732 vel
1692 1692 1739 1731 in
1757 1691 1958 1732 nesteris
1977 1690 2091 1745 (non

1197 1746 1422 1797 nestoris,
1471 1754 1520 1788 ut
1550 1745 1752 1790 Rhenan.
1793 1747 2089 1804 prodiderat).

1197 1803 1398 1846 Eandem
1447 1803 1715 1860 scripturam
1766 1814 1808 1847 et
1848 1803 2021 1862 Lipsius
2066 1800 2091 1848 c

1197 1859 1322 1904 libris
1343 1860 1521 1915 scriptis
1545 1861 1710 1911 adfert,
1739 1877 1762 1902 e
1785 1861 1967 1919 quibus,
1995 1877 2091 1904 non

1200 1918 1361 1960 diserte
1398 1917 1535 1960 addit.
1597 1916 1700 1960 MS.
1726 1917 1835 1975 Reg.
1862 1917 2090 1962 Vesteris.

1197 1975 1316 2017 Hine
1337 1974 1577 2017 Rhenanus
1608 1991 1690 2032 pro
1717 1975 1905 2018 Valerii
1931 1974 2092 2019 substi·
2157 2007 2160 2010 -

1197 2040 1342 2075 tuerat
1375 2032 1437 2074 M.
1465 2033 1698 2083 Nestoris;
1738 2031 1915 2091 Lipsius
1956 2033 2092 2076 edidit

1197 2090 1450 2134 Mnesteris
1479 2089 1557 2143 (cf.
1585 2089 1734 2147 036),
1764 2105 1951 2149 eamque
1985 2090 2092 2135 scri-

1198 2157 1378 2206 pturam
1420 2148 1645 2189 retinuere
1688 2163 1829 2203 usque
1865 2147 1919 2190 ad
1953 2146 2092 2190 Erne-

1198 2205 1346 2255 stium,
1371 2204 1447 2262 qui
1469 2213 1668 2249 veterem
1696 2205 1906 2249 restituit.
1938 2203 2092 2249 Recte.

1198 2262 1314 2304 Nam
1355 2261 1534 2304 infirma
1567 2263 1788 2305 librorum
1807 2262 2092 2306 *auctoritate

1197 2320 1357 2362 nititur
1389 2319 1654 2363 Mnesteris,
1727 2320 1799 2362 De
1827 2319 1968 2364 MSS.
2006 2318 2092 2363 Va·

1199 2376 1303 2420 tice.
1334 2375 1591 2429 Broterius,
1630 2385 1680 2420 ut
1710 2377 1988 2436 saepissime,
2027 2384 2091 2420 ta·
2135 2382 2139 2391 ’

1200 2442 1284 2478 cet.
1850 2445 1854 2458 '

1691 2516 1791 2561 MS.
1844 2517 1996 2563 Guelf.
2048 2528 2093 2565 et

1200 2573 1351 2618 Oxon.
1382 2575 1488 2628 (lac.
1514 2574 1758 2630 Gronovii)
1779 2578 2091 2630 praebuisset.

1199 2633 1403 2675 Probant
1450 2631 1483 2673 I.
1526 2631 1788 2676 Grono'vius
1837 2641 1880 2675 et
1919 2634 2092 2678 Strom-

1198 2688 1384 2733 beckius
1415 2697 1619 2746 putantes
1649 2690 1714 2732 sic
1739 2689 1924 2746 singulis
1939 2690 2093 2737 fratri·

1199 2749 1281 2791 bus
1316 2746 1489 2804 singula
1522 2746 1710 2790 crimina
1745 2747 1989 2798 obiectari,
2032 2749 2092 2792 aL

1199 2803 1307 2855 teri,
1341 2803 1462 2860 quod
1492 2803 1681 2849 domum
1709 2820 1834 2847 suam
1867 2806 2093 2864 praebuis-

1199 2869 1288 2908 set,
1330 2861 1452 2903 alteri
1482 2861 1605 2918 quod
1632 2862 1809 2905 vidisset
1832 2870 1922 2906 etc.
1973 2864 2093 2908 Fatsi

1201 2927 1319 2962 sunt.
1368 2917 1482 2962 Nam
1508 2935 1557 2961 ex
1581 2935 1681 2961 vera
1704 2918 1780 2961 illa
1801 2935 1949 2972 causa,
1969 2921 2092 2979 quod

1202 2977 1390 3018 domum
1422 3007 1434 3019 .
1461 3007 1472 3019 .
1496 3006 1509 3019 .
1538 2976 1875 3033 praebuissent,
1932 2986 2094 3021 neuter

1200 3032 1391 3076 fratrum
1415 3041 1648 3077 accusatus
1677 3043 1770 3086 est·,
1799 3034 1888 3078 boc
1917 3034 2092 3080 silentio

1201 3091 1468 3149 premebant
1527 3100 1823 3134 accusatores.
1918 3093 2093 3135 Verum

1202 3157 1454 3191 nocturnae
1490 3147 1651 3206 quietis
1691 3147 1884 3206 speciem
1918 3151 2093 3194 obiece-

1198 3213 1329 3256 runt3
1371 3213 1413 3247 et
1439 3204 1624 3248 Tacitus
1650 3221 1755 3248 mox
1793 3205 1966 3250 disertis
1998 3222 2094 3249 ver-

1199 3263 1268 3305 bis
1303 3261 1435 3305 dicit:
1483 3262 1612 3305 Illud
1655 3266 1784 3306 haud
1825 3265 2096 3318 ambigitur,

1203 3321 1509 3379 qualicunque
1533 3322 1764 3363 insomnio
1795 3321 1888 3374 ipsi
1905 3320 2090 3376 sratm'-

1202 3392 1288 3433 que
1319 3379 1574 3431 petniciem
1603 3381 1834 3421 adlatam.
1894 3378 2098 3421 Alterius

1203 3434 1338 3491 igitur
1370 3434 1520 3479 fratris
1552 3435 1778 3479 damnatio
1818 3435 2007 3478 alterum
2045 3436 2094 3479 in

1203 3491 1452 3558 perniciem
1481 3493 1639 3536 traxit:
1670 3494 1808 3537 ambo
1835 3507 1924 3536 una
1956 3493 2095 3537 domo

1204 3564 1272 3593 usa
1297 3557 1421 3594 sunt.

1252 2517 1593 2572 praebuissent.
