2164 3990
1747 191 1798 226 A.
1819 187 1868 228 U.
1883 194 1966 230 815.

1747 233 1867 270 .A.(L
1907 237 1963 272 62

203 192 329 252 282
883 183 1386 246 ANNALIUM

204 331 398 390 vectas
444 315 854 377 Romanorum
906 315 1240 389 cupidineS‚
1310 329 1378 376 ut
1421 339 1546 377 non
1593 342 1873 400 corpora,
1942 349 2051 388 nec

203 415 493 463 senectam
547 404 787 480 quidem
846 412 948 458 aut
1001 399 1398 472 virginitatem
1446 405 1820 482 impollutam
1865 414 2052 471 relin-

201 500 404 567 quant.
489 485 710 547 Adesse
749 498 946 543 tamen
982 487 1122 541 deos
1153 485 1337 544 iustae
1369 489 1680 553 vindictae.
1777 499 2050 556 cecidisse

198 575 520 650 legionem,
564 594 712 650 quae
749 570 1043 645 proelium
1066 590 1205 627 ausa
1231 572 1333 630 sit:
1377 586 1597 633 ceteros
1621 581 1822 637 castris
1851 585 2052 641 occul-

196 661 311 720 tari
348 672 450 717 aut
478 662 676 732 fugam
711 655 1172 731 circumspicere.
1257 654 1346 714 Ne
1374 662 1679 736 strepitum
1716 667 1955 742 quidem
1994 680 2051 726 et

195 747 512 804 clamorem
538 754 627 800 tot
650 741 939 811 millium,
979 742 1200 797 nedum
1232 741 1484 818 impetus
1517 758 1574 804 et
1610 770 1820 808 manus
1854 755 2051 828 perla-

191 843 374 892 turos,
460 829 528 888 Si
565 826 762 902 copias
796 837 1185 896 armatorum,
1228 827 1279 883 si
1312 848 1511 886 causas
1543 831 1687 890 belli
1719 855 1915 894 secum
1949 859 2050 896 ex-

192 918 550 994 penderent,
594 913 955 969 vincendum
980 913 1081 968 illa
1106 912 1226 968 acie
1262 913 1357 969 vel
1394 915 1721 975 cadendum
1757 941 1897 982 esse.

190 1001 428 1060 mulieri
451 997 834 1056 destinatum:
876 997 1145 1054 viverent
1169 997 1285 1053 viri
1305 1009 1361 1055 et
1383 1001 1690 1064 servirent.

360 1081 643 1144 XXXVI.
694 1081 783 1142 Ne
804 1081 1121 1141 Suetonius
1146 1083 1388 1158 quidem
1413 1085 1478 1140 in
1509 1097 1672 1145 tanto
1706 1090 2047 1149 discrimine

193 1173 426 1231 silebat:
510 1169 617 1246 qui
662 1189 1000 1247 quanquam
1039 1169 1356 1226 confideret
1403 1170 1640 1243 virtuti,
1712 1186 1909 1232 tamen
1948 1197 2049 1234 ex·-

191 1255 557 1316 bortationes
605 1267 662 1313 et
704 1275 906 1330 preces
947 1254 1256 1323 miscebat,
1320 1267 1388 1312 ut
1423 1271 1765 1332 spernerent
1804 1281 2044 1318 sonores

134 1348 135 1353 ’
189 1343 582 1405 barbarorum
609 1353 665 1398 et
691 1339 897 1396 inanes
920 1340 1126 1398 minaS.
1183 1339 1316 1413 plus
1341 1340 1464 1397 illic
1486 1344 1841 1402 feminarum
1866 1368 2045 1423 quam

190 1428 516 1486 iuventutis
552 1426 751 1501 aspici.
849 1425 1144 1493 imbelles,
1197 1425 1477 1496 inermeS,
1533 1449 1794 1487 cessuros
1828 1432 2043 1502 statim,

183 1514 293 1574 ubi
314 1515 536 1572 ferrum
561 1512 956 1587 virtutemque
977 1509 1344 1567 vincentium
1378 1511 1591 1568 totiens
1624 1516 1739 1571 fusi
1771 1517 2043 1590 agnovis-

184 1612 333 1659 sent.
453 1599 631 1665 etiam
673 1597 739 1652 in
785 1596 988 1654 multis
1037 1595 1371 1670 legionibus
1413 1617 1631 1671 paucos
1674 1601 1778 1676 qui
1819 1603 2041 1676 proelia

185 1686 594 1765 profligarent:
660 1683 997 1763 gloriaeque
1047 1701 1253 1739 eorum
1297 1701 1664 1740 accessurum
1710 1687 1869 1762 quod
1911 1693 2042 1743 mo—

186 1773 319 1831 dica
374 1789 585 1829 manus
640 1767 903 1825 universi
959 1767 1243 1825 exercitus
1297 1767 1513 1824 famam
1558 1770 2039 1846 adipiscerentur.

1984 924 2048 980 id

1150 2009 1260 2068 tiose
1285 2023 1368 2065 pro
1383 2023 1546 2063 preces
1569 2010 1641 2051 dat
1657 2026 1864 2064 preceps.
1928 2010 2038 2055 Cor-

189 2015 356 2075 syllaba
379 2013 568 2063 omissa,
598 2019 646 2054 ut
681 2026 825 2069 saepe.
886 2010 944 2054 cf.
980 2019 1078 2054 not.

1149 2074 1321 2108 rectum
1350 2082 1371 2107 a
1399 2066 1599 2109 Victor-io
1626 2084 1647 2110 e
1670 2068 1771 2111 MS.
1801 2070 1920 2110 Flor.

186 2076 241 2116 ad
280 2075 318 2120 1,
349 2074 422 2119 20.
491 2071 591 2114 MS.
626 2067 762 2111 Corb.
799 2076 1078 2112 contactam.

183 2131 294 2174 Mox
316 2130 419 2174 MS.
443 2126 595 2171 Guels.
622 2134 666 2168 et
690 2142 772 2184 pro
797 2143 863 2169 eo.

240 2217 326 2244 nec
347 2207 585 2244 senectam
611 2198 813 2254 quidem.
873 2196 950 2241 Sic
974 2197 1076 2240 edd.

183 2268 313 2310 vett„
373 2257 494 2316 quod
543 2255 856 2312 reponendum
909 2255 1077 2298 censui·

185 2316 250 2361 cf·
288 2314 476 2359 not.sad
509 2314 552 2363 4,
582 2313 654 2357 35.
744 2312 858 2357 Edd.
892 2311 1072 2355 Ernest.

183 2375 361 2419 Broter.
391 2388 486 2430 sqq.
507 2387 579 2427 'ne
613 2378 853 2412 semotam
877 2373 1075 2426 quidem,

182 2433 307 2476 nulla
342 2439 391 2474 ut
418 2429 599 2475 videtur
632 2428 850 2470 librorum
883 2428 1075 2472 auctori-

181 2498 284 2533 tate.
344 2489 446 2533 MS.
473 2486 627 2530 Guelf.
648 2501 742 2528 non
764 2494 1016 2530 senectam.

237 2568 307 2603 tot
328 2561 546 2605 millium.
584 2592 587 2604 .
605 2558 681 2602 Sic
701 2557 804 2599 edd.
826 2556 944 2615 Lips.
973 2573 1071 2614 sqq.

179 2616 386 2676 Namque
418 2617 507 2661 Dio
531 2618 600 2668 62,
621 2617 665 2658 2.
689 2611 870 2658 δώδεκα
902 2613 1072 2673 μυριά-

179 2678 265 2726 δας
286 2675 422 2719 fuisse
442 2673 688 2719 adnotavit.
747 2673 862 2720 Edd.
884 2682 991 2716 vett.
1017 2675 1072 2727 (c.

180 2734 326 2781 silent.
355 2733 497 2785 Viet.)
536 2740 578 2774 et
612 2730 746 2773 MSS.
781 2731 898 2778 Bud.
919 2730 1071 2776 Guels.

180 2790 304 2838 Harl.
330 2790 462 2835 Bodl.
490 2791 570 2834 les.
595 2789 705 2846 Reg.
729 2795 796 2830 tot
818 2789 1036 2832 militum.

239 2865 515 2906 cadendum.
584 2861 683 2904 MS.
716 2858 865 2903 Guelf.
897 2875 1068 2903 caven-

176 2926 309 2966 dum.

237 2993 349 3037 CAP.
373 2990 447 3037 36.
498 2991 580 3048 qui
596 3004 887 3047 quanquam.
932 2987 1068 3031 MSS.

179 3050 289 3107 Reg.
319 3048 431 3092 Bud.
454 3047 592 3091 Corb.
614 3047 686 3090 ed.
711 3047 828 3104 Spir.
855 3045 1070 3088 omittunt

180 3109 278 3165 qui,
308 3106 430 3166 quod
455 3115 604 3149 tamen
627 3113 809 3148 tuentur
836 3103 936 3170 edd.
963 3103 1066 3145 Put.

181 3182 279 3264 {23'
314 3161 916 3265 ΞῗῗῖιρῗιῑῗζϋῗεεῖζῗζῖΓἚή
966 3160 1069 3260 {viesd

181 3254 310 3323 Fldr.
351 3295 444 3321 esse
491 3293 636 3335 quam
675 3294 758 3335 pro
800 3276 880 3332 qui
916 3290 1067 3331 qnan-

181 3352 341 3394 quam.
425 3336 554 3391 Quae
588 3335 795 3378 confusio
835 3331 1067 3391 quomodo

180 3394 240 3441 sit
286 3399 383 3436 orta
438 3394 569 3436 docet
613 3392 767 3436 Guelf.
818 3390 894 3449 qui
945 3405 1068 3433 com-

183 3451 349 3511 pendio
396 3450 549 3494 habet:
600 3472 638 3524 ᾳ
674 3452 711 3522 ᾇ
748 3452 785 3521 ᾇ
833 3450 876 3492 h.
919 3464 956 3491 e.
992 3445 1074 3504 qui

186 3535 474 3585 quanquam.
544 3521 651 3566 Mox
674 3520 746 3570 ed.
769 3517 980 3584 Beroald.
1006 3516 1069 3565 vi·

1205 2138 1410 2166 sonores,
1483 2123 1559 2166 Sic
1588 2124 1723 2168 MSS.
1756 2126 1878 2168 Flor.
1916 2130 2035 2181 (test.

1149 2180 1298 2230 Pieh.)
1322 2180 1464 2224 Vatic.
1487 2180 1643 2238 (Lips.)
1665 2181 1775 2240 Reg.
1798 2183 1913 2228 Bud.
1938 2185 2037 2228 edd.

1151 2237 1269 2295 Spir.
1292 2237 1477 2281 Pichen.
1498 2237 1632 2281 Grul.
1658 2255 1752 2299 sqq.
1816 2240 1874 2282 cf.
1902 2241 1943 2291 4,
1966 2242 2035 2284 48.

1149 2309 1371 2337 sonorem
1413 2297 1614 2338 alterius
1651 2299 1843 2350 proelia}
1895 2301 1934 2350 1,
1962 2299 2032 2341 65.

1149 2354 1271 2395 truci
1304 2367 1488 2395 sonore.
1581 2353 1683 2397 MS.
1728 2353 1883 2398 Guelf.
1931 2356 2032 2399 edd.

1148 2411 1250 2453 Pul.
1283 2411 1349 2451 M.
1385 2420 1426 2452 et
1458 2410 1512 2453 V.
1547 2411 1750 2454 Beroald.
1789 2413 1847 2468 (c.
1883 2412 2032 2457 silent.

1147 2467 1286 2524 vict.)
1310 2468 1411 2510 Ale.
1434 2468 1575 2511 Rhen.
1595 2485 1689 2526 sqq.
1715 2484 1926 2513 sonoros.

1197 2528 1311 2580 plus
1334 2526 1437 2568 illic.
1495 2525 1578 2568 Ed.
1598 2527 1716 2585 Spir.
1745 2535 1786 2569 et
1806 2527 1906 2570 MS.
1926 2528 2036 2586 Reg-

1144 2583 1359 2626 omittunt
1386 2584 1492 2626 illic.

1200 2640 1495 2682 vincentium.
1557 2640 1656 2683 MS.
1691 2639 1843 2684 Guelf.
1881 2642 2030 2685 vicen-

1144 2699 1277 2740 tium.
1339 2696 1463 2739 Idem
1493 2714 1593 2739 mox
1617 2706 1662 2740 et
1690 2713 1771 2756 pro
1795 2701 1954 2741 etiam.

1195 2769 1369 2810 paucos
1405 2756 1499 2810 qui.
1558 2755 1635 2797 Sic
1659 2756 1795 2798 MSS.
1824 2757 1948 2799 Flor.
1982 2759 2030 2812 (t.

1145 2812 1283 2868 Vict.)
1307 2811 1416 2870 Reg.
1443 2810 1583 2855 Corb.
1603 2813 1715 2856 Bud.
1739 2813 1807 2855 ed.
1830 2814 1948 2879 Spir.
1974 2844 2030 2851 --

1135 2884 1314 2925 paucos
1351 2883 1447 2911 esse
1480 2872 1558 2926 qui
1591 2871 1688 2914 MS.
1730 2869 1881 2914 Guell.
1925 2872 2028 2915 edd.

1142 2927 1241 2970 Put.
1262 2927 1328 2973 M.
1362 2935 1405 2968 el
1426 2927 1482 2970 V.
1513 2927 1719 2972 Beroald.
1753 2927 1854 2972 Aic.
1888 2928 2031 2974 Rhen.

1139 3000 1508 3084 sqilzccessurum.

1140 3105 1324 3143 serunt.

1195 3169 1382 3211 modica
1406 3183 1588 3212 manuS.
1648 3168 1725 3212 Sic
1751 3169 1883 3213 MSS.
1900 3169 2026 3215 Flor.

1141 3226 1328 3282 (scilicet
1360 3227 1420 3269 ibi
1461 3236 1526 3271 est
1559 3242 1691 3277 mam
1751 3243 1839 3272 sec.
1877 3227 2026 3272 collat.

1141 3286 1224 3328 lac.
1249 3283 1477 3337 Gronov.)
1511 3285 1618 3342 Reg.
1650 3284 1770 3327 Harl.
1795 3284 1924 3326 Bodl.
1946 3284 2025 3328 les.

1141 3341 1256 3385 Bud.
1284 3341 1388 3384 cdd.
1412 3342 1530 3401 Spir.
1559 3340 1701 3399 Ryck.
1728 3341 1903 3384 Ernest.
1924 3358 2024 3399 sqq.

1141 3427 1199 3436 ..-
1231 3400 1412 3443 modica
1449 3415 1596 3442 'nanu
1628 3399 1728 3441 edd.
1758 3398 1860 3440 Put.
1893 3399 1956 3441 M.
1983 3408 2027 3443 et

1140 3456 1198 3499 V.
1222 3456 1429 3501 Beroald.
1454 3461 1576 3512 (cum
1598 3455 1740 3499 silent.
1769 3453 1902 3512 Viet.)
1923 3455 2025 3500 Alc.

1141 3513 1287 3561 Rhen.
1311 3530 1406 3576 sqq.
1473 3514 1618 3559 Etiam
1651 3510 1874 3578 inNGuelf.
1903 3529 2027 3562 nunc.

1598 3041 1680 3087 Ed.
1713 3041 1831 3100 Spir.
1872 3058 2026 3086 acces-
