<?xml version="1.0" encoding="UTF-8"?>
<!DOCTYPE html PUBLIC "-//W3C//DTD XHTML 1.0 Transitional//EN"
    "http://www.w3.org/TR/xhtml1/DTD/xhtml1-transitional.dtd">
<html xmlns="http://www.w3.org/1999/xhtml" xml:lang="en" lang="en">
 <head>
  <title>
</title>
<meta http-equiv="Content-Type" content="text/html;charset=utf-8" />
  <meta name='ocr-system' content='tesseract 3.04.00' />
  <meta name='ocr-capabilities' content='ocr_page ocr_carea ocr_par ocr_line ocrx_word'/>
</head>
<body>
  <div class='ocr_page' id='page_1' title='image "./operarecensuitet02taciuoft/operarecensuitet02taciuoft_0221.png"; bbox 0 0 2164 3990; ppageno 0'>
   <div class='ocr_carea' id='block_1_1' title="bbox 640 228 1957 341">
    <p class='ocr_par' dir='ltr' id='par_1_1' title="bbox 640 228 1957 341">
     <span class='ocr_line' id='line_1_1' title="bbox 640 228 1957 341; baseline 0.009 -12"><span class='ocrx_word' id='word_1_1' title='bbox 640 267 815 332; x_wconf 84' lang='lat' dir='ltr'><strong>LIB.</strong></span> <span class='ocrx_word' id='word_1_2' title='bbox 847 267 1018 331; x_wconf 81' lang='lat' dir='ltr'><strong>xm.</strong></span> <span class='ocrx_word' id='word_1_3' title='bbox 1095 265 1292 332; x_wconf 77' lang='lat' dir='ltr'><strong>CAP.</strong></span> <span class='ocrx_word' id='word_1_4' title='bbox 1313 228 1430 332; x_wconf 56' lang='lat'><strong>⁹46.</strong></span> <span class='ocrx_word' id='word_1_5' title='bbox 1834 281 1957 341; x_wconf 76' lang='lat'><strong>211</strong></span> 
     </span>
    </p>
   </div>
   <div class='ocr_carea' id='block_1_2' title="bbox 28 396 1959 1073">
    <p class='ocr_par' dir='ltr' id='par_1_2' title="bbox 28 396 1959 1073">
     <span class='ocr_line' id='line_1_2' title="bbox 105 396 1958 478; baseline 0.001 -19"><span class='ocrx_word' id='word_1_6' title='bbox 105 420 302 478; x_wconf 17' lang='lat' dir='ltr'><strong>genus*</strong></span> <span class='ocrx_word' id='word_1_7' title='bbox 325 400 510 469; x_wconf 89' lang='lat' dir='ltr'><strong>vitae,</strong></span> <span class='ocrx_word' id='word_1_8' title='bbox 552 399 727 476; x_wconf 87' lang='lat' dir='ltr'><strong>quod</strong></span> <span class='ocrx_word' id='word_1_9' title='bbox 762 417 936 454; x_wconf 89' lang='lat' dir='ltr'><strong>nemo</strong></span> <span class='ocrx_word' id='word_1_10' title='bbox 973 399 1344 476; x_wconf 86' lang='lat' dir='ltr'><strong>adaequaret.</strong></span> <span class='ocrx_word' id='word_1_11' title='bbox 1452 396 1633 456; x_wconf 90' lang='lat' dir='ltr'><strong>Illum</strong></span> <span class='ocrx_word' id='word_1_12' title='bbox 1665 403 1863 464; x_wconf 83' lang='lat' dir='ltr'><strong>animo</strong></span> <span class='ocrx_word' id='word_1_13' title='bbox 1901 422 1958 470; x_wconf 83' lang='lat' dir='ltr'><strong>et</strong></span> 
     </span>
     <span class='ocr_line' id='line_1_3' title="bbox 105 482 1953 562; baseline 0.005 -20"><span class='ocrx_word' id='word_1_14' title='bbox 105 487 267 545; x_wconf 90' lang='lat' dir='ltr'><strong>cultu</strong></span> <span class='ocrx_word' id='word_1_15' title='bbox 310 483 714 562; x_wconf 84' lang='lat' dir='ltr'><strong>magnificum:</strong></span> <span class='ocrx_word' id='word_1_16' title='bbox 780 482 868 539; x_wconf 89' lang='lat' dir='ltr'><strong>ibi</strong></span> <span class='ocrx_word' id='word_1_17' title='bbox 906 501 965 538; x_wconf 92' lang='lat' dir='ltr'><strong>se</strong></span> <span class='ocrx_word' id='word_1_18' title='bbox 1007 502 1234 540; x_wconf 89' lang='lat' dir='ltr'><strong>summa</strong></span> <span class='ocrx_word' id='word_1_19' title='bbox 1265 485 1502 540; x_wconf 80' lang='lat' dir='ltr'><strong>fortuna</strong></span> <span class='ocrx_word' id='word_1_20' title='bbox 1538 485 1716 560; x_wconf 84' lang='lat' dir='ltr'><strong>digna</strong></span> <span class='ocrx_word' id='word_1_21' title='bbox 1750 490 1953 557; x_wconf 83' lang='lat' dir='ltr'><strong>visere.</strong></span> 
     </span>
     <span class='ocr_line' id='line_1_4' title="bbox 103 567 1955 645; baseline 0.004 -17"><span class='ocrx_word' id='word_1_22' title='bbox 103 583 164 630; x_wconf 89' lang='lat' dir='ltr'><strong>at</strong></span> <span class='ocrx_word' id='word_1_23' title='bbox 179 569 475 629; x_wconf 85' lang='lat' dir='ltr'><strong>Neronem</strong></span> <span class='ocrx_word' id='word_1_24' title='bbox 490 569 519 626; x_wconf 82' lang='lat'><strong>?</strong></span> <span class='ocrx_word' id='word_1_25' title='bbox 557 568 828 645; x_wconf 87' lang='lat' dir='ltr'><strong>pellicem</strong></span> <span class='ocrx_word' id='word_1_26' title='bbox 853 567 1127 625; x_wconf 83' lang='lat' dir='ltr'>ancillam</span> <span class='ocrx_word' id='word_1_27' title='bbox 1157 579 1214 626; x_wconf 89' lang='lat' dir='ltr'><strong>et</strong></span> <span class='ocrx_word' id='word_1_28' title='bbox 1239 567 1624 626; x_wconf 81' lang='lat' dir='ltr'><strong>adsuetudine</strong></span> <span class='ocrx_word' id='word_1_29' title='bbox 1647 567 1822 632; x_wconf 86' lang='lat' dir='ltr'><strong>Actes</strong></span> <span class='ocrx_word' id='word_1_30' title='bbox 1849 579 1955 635; x_wconf 82' lang='lat' dir='ltr'><strong>de-</strong></span> 
     </span>
     <span class='ocr_line' id='line_1_5' title="bbox 102 651 1955 720; baseline 0.004 -8"><span class='ocrx_word' id='word_1_31' title='bbox 102 655 367 714; x_wconf 87' lang='lat' dir='ltr'><strong>vinctum</strong></span> <span class='ocrx_word' id='word_1_32' title='bbox 399 654 488 710; x_wconf 88' lang='lat' dir='ltr'><strong>nil</strong></span> <span class='ocrx_word' id='word_1_33' title='bbox 521 674 551 709; x_wconf 89' lang='lat' dir='ltr'><strong>e</strong></span> <span class='ocrx_word' id='word_1_34' title='bbox 585 651 973 710; x_wconf 88' lang='lat' dir='ltr'><strong>contubernio</strong></span> <span class='ocrx_word' id='word_1_35' title='bbox 1001 653 1200 709; x_wconf 83' lang='lat' dir='ltr'><strong>servili</strong></span> <span class='ocrx_word' id='word_1_36' title='bbox 1226 652 1343 709; x_wconf 87' lang='lat' dir='ltr'><strong>nisi</strong></span> <span class='ocrx_word' id='word_1_37' title='bbox 1367 653 1656 711; x_wconf 87' lang='lat' dir='ltr'><strong>abiectum</strong></span> <span class='ocrx_word' id='word_1_38' title='bbox 1681 669 1737 715; x_wconf 92' lang='lat' dir='ltr'><strong>et</strong></span> <span class='ocrx_word' id='word_1_39' title='bbox 1761 663 1955 720; x_wconf 89' lang='lat' dir='ltr'><strong>sordi-</strong></span> 
     </span>
     <span class='ocr_line' id='line_1_6' title="bbox 28 736 1958 816; baseline -0.001 -18"><span class='ocrx_word' id='word_1_40' title='bbox 28 811 33 815; x_wconf 59' lang='lat'><em>„</em></span> <span class='ocrx_word' id='word_1_41' title='bbox 64 812 71 815; x_wconf 24' lang='lat'>=</span> <span class='ocrx_word' id='word_1_42' title='bbox 103 742 247 799; x_wconf 89' lang='lat' dir='ltr'><strong>dum</strong></span> <span class='ocrx_word' id='word_1_43' title='bbox 282 739 540 798; x_wconf 83' lang='lat' dir='ltr'><strong>traxisse.</strong></span> <span class='ocrx_word' id='word_1_44' title='bbox 635 736 926 796; x_wconf 86' lang='lat' dir='ltr'><strong>Deiicitur</strong></span> <span class='ocrx_word' id='word_1_45' title='bbox 956 737 1352 794; x_wconf 77' lang='lat' dir='ltr'><strong>familiaritate</strong></span> <span class='ocrx_word' id='word_1_46' title='bbox 1386 750 1578 810; x_wconf 84' lang='lat' dir='ltr'><strong>sueta,</strong></span> <span class='ocrx_word' id='word_1_47' title='bbox 1637 754 1771 816; x_wconf 91' lang='lat' dir='ltr'><strong>post</strong></span> <span class='ocrx_word' id='word_1_48' title='bbox 1812 767 1958 805; x_wconf 73' lang='lat' dir='ltr'><strong>con-</strong></span> 
     </span>
     <span class='ocr_line' id='line_1_7' title="bbox 101 818 1958 900; baseline 0.005 -18"><span class='ocrx_word' id='word_1_49' title='bbox 101 844 301 900; x_wconf 87' lang='lat' dir='ltr'><strong>gressu</strong></span> <span class='ocrx_word' id='word_1_50' title='bbox 329 834 387 882; x_wconf 90' lang='lat' dir='ltr'><strong>et</strong></span> <span class='ocrx_word' id='word_1_51' title='bbox 417 823 696 881; x_wconf 88' lang='lat' dir='ltr'><strong>comitatu</strong></span> <span class='ocrx_word' id='word_1_52' title='bbox 726 818 921 891; x_wconf 84' lang='lat' dir='ltr'><strong>Otho,</strong></span> <span class='ocrx_word' id='word_1_53' title='bbox 971 834 1028 880; x_wconf 89' lang='lat' dir='ltr'><strong>et</strong></span> <span class='ocrx_word' id='word_1_54' title='bbox 1061 823 1136 878; x_wconf 91' lang='lat' dir='ltr'><strong>ad</strong></span> <span class='ocrx_word' id='word_1_55' title='bbox 1171 834 1558 897; x_wconf 87' lang='lat' dir='ltr'><strong>postremum,</strong></span> <span class='ocrx_word' id='word_1_56' title='bbox 1599 846 1676 883; x_wconf 90' lang='lat' dir='ltr'><strong>ne</strong></span> <span class='ocrx_word' id='word_1_57' title='bbox 1708 828 1774 886; x_wconf 90' lang='lat' dir='ltr'><strong>in</strong></span> <span class='ocrx_word' id='word_1_58' title='bbox 1809 834 1958 891; x_wconf 89' lang='lat' dir='ltr'><strong>urbe</strong></span> 
     </span>
     <span class='ocr_line' id='line_1_8' title="bbox 100 905 1959 985; baseline 0.001 -17"><span class='ocrx_word' id='word_1_59' title='bbox 100 909 426 968; x_wconf 88' lang='lat' dir='ltr'><strong>aemulatus</strong></span> <span class='ocrx_word' id='word_1_60' title='bbox 456 919 682 983; x_wconf 87' lang='lat' dir='ltr'><strong>ageret,</strong></span> <span class='ocrx_word' id='word_1_61' title='bbox 723 907 1063 984; x_wconf 89' lang='lat' dir='ltr'><strong>provinciae</strong></span> <span class='ocrx_word' id='word_1_62' title='bbox 1081 905 1420 964; x_wconf 87' lang='lat' dir='ltr'><strong>Lusitaniae</strong></span> <span class='ocrx_word' id='word_1_63' title='bbox 1446 910 1808 985; x_wconf 86' lang='lat' dir='ltr'><strong>praeficitur,</strong></span> <span class='ocrx_word' id='word_1_64' title='bbox 1849 919 1959 976; x_wconf 86' lang='lat' dir='ltr'><strong>uhi</strong></span> 
     </span>
     <span class='ocr_line' id='line_1_9' title="bbox 99 991 1956 1073; baseline -0.002 -19"><span class='ocrx_word' id='word_1_65' title='bbox 99 1014 286 1073; x_wconf 89' lang='lat' dir='ltr'><strong>usque</strong></span> <span class='ocrx_word' id='word_1_66' title='bbox 322 995 398 1053; x_wconf 92' lang='lat' dir='ltr'><strong>ad</strong></span> <span class='ocrx_word' id='word_1_67' title='bbox 438 993 636 1052; x_wconf 91' lang='lat' dir='ltr'><strong>civilia</strong></span> <span class='ocrx_word' id='word_1_68' title='bbox 677 1012 839 1051; x_wconf 89' lang='lat' dir='ltr'><strong>arma</strong></span> <span class='ocrx_word' id='word_1_69' title='bbox 883 1011 1007 1048; x_wconf 84' lang='lat' dir='ltr'><strong>non</strong></span> <span class='ocrx_word' id='word_1_70' title='bbox 1043 1012 1109 1048; x_wconf 84' lang='lat' dir='ltr'><strong>ex</strong></span> <span class='ocrx_word' id='word_1_71' title='bbox 1151 991 1350 1067; x_wconf 89' lang='lat' dir='ltr'><strong>priore</strong></span> <span class='ocrx_word' id='word_1_72' title='bbox 1393 993 1667 1066; x_wconf 86' lang='lat' dir='ltr'><strong>infamia,</strong></span> <span class='ocrx_word' id='word_1_73' title='bbox 1720 1001 1822 1057; x_wconf 90' lang='lat' dir='ltr'><strong>sed</strong></span> <span class='ocrx_word' id='word_1_74' title='bbox 1858 1001 1956 1061; x_wconf 73' lang='lat' dir='ltr'><strong>in-</strong></span> 
     </span>
    </p>
   </div>
   <div class='ocr_carea' id='block_1_3' title="bbox 120 242 423 365">
    <p class='ocr_par' dir='ltr' id='par_1_3' title="bbox 120 242 423 365">
     <span class='ocr_line' id='line_1_10' title="bbox 191 242 423 306; baseline -0.026 0"><span class='ocrx_word' id='word_1_75' title='bbox 191 269 244 306; x_wconf 78' lang='lat' dir='ltr'><strong>A.</strong></span> <span class='ocrx_word' id='word_1_76' title='bbox 264 267 319 306; x_wconf 78' lang='grc' dir='ltr'><strong>υ.</strong></span> <span class='ocrx_word' id='word_1_77' title='bbox 336 242 423 302; x_wconf 63' lang='lat' dir='ltr'><strong>812ss</strong></span> 
     </span>
     <span class='ocr_line' id='line_1_11' title="bbox 120 309 422 365; baseline 0.003 -22"><span class='ocrx_word' id='word_1_78' title='bbox 120 315 141 343; x_wconf 59' lang='lat' dir='ltr'><strong>s</strong></span> <span class='ocrx_word' id='word_1_79' title='bbox 163 360 167 365; x_wconf 86' lang='lat'><strong>.</strong></span> <span class='ocrx_word' id='word_1_80' title='bbox 188 316 244 350; x_wconf 67' lang='grc' dir='ltr'><strong>Δ.</strong></span> <span class='ocrx_word' id='word_1_81' title='bbox 263 311 310 349; x_wconf 86' lang='lat' dir='ltr'><strong>C.</strong></span> <span class='ocrx_word' id='word_1_82' title='bbox 362 309 422 345; x_wconf 85' lang='grc'><strong>59.</strong></span> 
     </span>
    </p>
   </div>
   <div class='ocr_carea' id='block_1_4' title="bbox 564 1235 991 1281">
    <p class='ocr_par' dir='ltr' id='par_1_4' title="bbox 564 1235 991 1281">
     <span class='ocr_line' id='line_1_12' title="bbox 564 1235 991 1281; baseline -0.005 0"><span class='ocrx_word' id='word_1_83' title='bbox 564 1236 700 1281; x_wconf 85' lang='lat' dir='ltr'><strong>MSS.</strong></span> <span class='ocrx_word' id='word_1_84' title='bbox 735 1235 859 1280; x_wconf 84' lang='lat' dir='ltr'><strong>Harl.</strong></span> <span class='ocrx_word' id='word_1_85' title='bbox 905 1235 991 1280; x_wconf 85' lang='lat' dir='ltr'><strong>Ies.</strong></span> 
     </span>
    </p>
   </div>
   <div class='ocr_carea' id='block_1_5' title="bbox 103 1241 556 1352">
    <p class='ocr_par' dir='ltr' id='par_1_5' title="bbox 103 1241 556 1352">
     <span class='ocr_line' id='line_1_13' title="bbox 103 1241 556 1352; baseline -0.011 -9"><span class='ocrx_word' id='word_1_86' title='bbox 103 1256 269 1342; x_wconf 53' lang='lat' dir='ltr'><strong>(31:1de</strong></span> <span class='ocrx_word' id='word_1_87' title='bbox 269 1241 538 1352; x_wconf 53' lang='lat' dir='ltr'><strong>nrizfiacgt&#39;iistco</strong></span> <span class='ocrx_word' id='word_1_88' title='bbox 543 1325 556 1338; x_wconf 93' lang='lat'><strong>.</strong></span> 
     </span>
    </p>
   </div>
   <div class='ocr_carea' id='block_1_6' title="bbox 156 1362 993 1422">
    <p class='ocr_par' dir='ltr' id='par_1_6' title="bbox 156 1362 993 1422">
     <span class='ocr_line' id='line_1_14' title="bbox 156 1362 993 1422; baseline -0.006 -12"><span class='ocrx_word' id='word_1_89' title='bbox 156 1367 318 1421; x_wconf 81' lang='lat' dir='ltr'><strong>digna.</strong></span> <span class='ocrx_word' id='word_1_90' title='bbox 378 1366 456 1410; x_wconf 84' lang='lat' dir='ltr'><strong>Sic</strong></span> <span class='ocrx_word' id='word_1_91' title='bbox 489 1363 590 1408; x_wconf 87' lang='lat' dir='ltr'><strong>edd.</strong></span> <span class='ocrx_word' id='word_1_92' title='bbox 612 1362 731 1422; x_wconf 85' lang='lat' dir='ltr'><strong>Spir.</strong></span> <span class='ocrx_word' id='word_1_93' title='bbox 763 1370 808 1406; x_wconf 83' lang='lat' dir='ltr'><strong>et</strong></span> <span class='ocrx_word' id='word_1_94' title='bbox 838 1377 993 1406; x_wconf 89' lang='lat' dir='ltr'><strong>recen·</strong></span> 
     </span>
    </p>
   </div>
   <div class='ocr_carea' id='block_1_7' title="bbox 99 1420 994 1584">
    <p class='ocr_par' dir='ltr' id='par_1_7' title="bbox 99 1420 994 1584">
     <span class='ocr_line' id='line_1_15' title="bbox 99 1420 994 1468; baseline -0.006 0"><span class='ocrx_word' id='word_1_95' title='bbox 99 1424 238 1468; x_wconf 84' lang='lat' dir='ltr'><strong>tiores</strong></span> <span class='ocrx_word' id='word_1_96' title='bbox 271 1432 317 1467; x_wconf 86' lang='lat' dir='ltr'><strong>et</strong></span> <span class='ocrx_word' id='word_1_97' title='bbox 345 1423 411 1468; x_wconf 89' lang='lat' dir='ltr'><strong>sic</strong></span> <span class='ocrx_word' id='word_1_98' title='bbox 443 1423 547 1465; x_wconf 89' lang='lat' dir='ltr'><strong>MS.</strong></span> <span class='ocrx_word' id='word_1_99' title='bbox 576 1420 695 1464; x_wconf 91' lang='lat' dir='ltr'><strong>Bud.</strong></span> <span class='ocrx_word' id='word_1_100' title='bbox 727 1435 815 1464; x_wconf 89' lang='lat' dir='ltr'><strong>sec.</strong></span> <span class='ocrx_word' id='word_1_101' title='bbox 843 1436 905 1463; x_wconf 86' lang='lat' dir='ltr'><strong>m.</strong></span> <span class='ocrx_word' id='word_1_102' title='bbox 935 1443 994 1454; x_wconf 92' lang='lat'><strong>—-</strong></span> 
     </span>
     <span class='ocr_line' id='line_1_16' title="bbox 99 1475 991 1538; baseline -0.006 -14"><span class='ocrx_word' id='word_1_103' title='bbox 99 1484 290 1538; x_wconf 79' lang='lat' dir='ltr'><strong>dignam</strong></span> <span class='ocrx_word' id='word_1_104' title='bbox 331 1480 467 1526; x_wconf 88' lang='lat' dir='ltr'><strong>MSS.</strong></span> <span class='ocrx_word' id='word_1_105' title='bbox 501 1479 617 1522; x_wconf 91' lang='lat' dir='ltr'><strong>Bud.</strong></span> <span class='ocrx_word' id='word_1_106' title='bbox 650 1494 717 1535; x_wconf 88' lang='lat' dir='ltr'><strong>pr.</strong></span> <span class='ocrx_word' id='word_1_107' title='bbox 751 1493 812 1520; x_wconf 90' lang='lat' dir='ltr'><strong>m.</strong></span> <span class='ocrx_word' id='word_1_108' title='bbox 855 1475 991 1521; x_wconf 85' lang='lat' dir='ltr'><strong>Bodl.</strong></span> 
     </span>
     <span class='ocr_line' id='line_1_17' title="bbox 100 1534 992 1584; baseline -0.009 -1"><span class='ocrx_word' id='word_1_109' title='bbox 100 1537 189 1583; x_wconf 82' lang='lat' dir='ltr'><strong>les.</strong></span> <span class='ocrx_word' id='word_1_110' title='bbox 215 1538 367 1582; x_wconf 87' lang='lat' dir='ltr'><strong>Guelf.</strong></span> <span class='ocrx_word' id='word_1_111' title='bbox 399 1538 501 1581; x_wconf 85' lang='lat' dir='ltr'><strong>edd.</strong></span> <span class='ocrx_word' id='word_1_112' title='bbox 526 1536 629 1584; x_wconf 82' lang='lat' dir='ltr'><strong>Put.</strong></span> <span class='ocrx_word' id='word_1_113' title='bbox 653 1536 721 1579; x_wconf 89' lang='lat' dir='ltr'><strong>M.</strong></span> <span class='ocrx_word' id='word_1_114' title='bbox 746 1543 790 1577; x_wconf 84' lang='lat' dir='ltr'><strong>et</strong></span> <span class='ocrx_word' id='word_1_115' title='bbox 811 1534 866 1579; x_wconf 90' lang='lat' dir='ltr'><strong>V.</strong></span> <span class='ocrx_word' id='word_1_116' title='bbox 888 1535 992 1579; x_wconf 89' lang='lat' dir='ltr'><strong>Ber.</strong></span> 
     </span>
    </p>
   </div>
   <div class='ocr_carea' id='block_1_8' title="bbox 99 1591 1016 1651">
    <p class='ocr_par' dir='ltr' id='par_1_8' title="bbox 99 1591 1016 1651">
     <span class='ocr_line' id='line_1_18' title="bbox 99 1591 1016 1651; baseline -0.008 -10"><span class='ocrx_word' id='word_1_117' title='bbox 99 1597 223 1651; x_wconf 86' lang='lat' dir='ltr'><strong>(cum</strong></span> <span class='ocrx_word' id='word_1_118' title='bbox 244 1597 388 1639; x_wconf 83' lang='lat' dir='ltr'><strong>silent.</strong></span> <span class='ocrx_word' id='word_1_119' title='bbox 413 1594 553 1648; x_wconf 81' lang='lat' dir='ltr'><strong>Viet.)</strong></span> <span class='ocrx_word' id='word_1_120' title='bbox 578 1592 681 1636; x_wconf 84' lang='lat' dir='ltr'><strong>Ale.</strong></span> <span class='ocrx_word' id='word_1_121' title='bbox 709 1591 854 1635; x_wconf 87' lang='lat' dir='ltr'><strong>Rhen.</strong></span> <span class='ocrx_word' id='word_1_122' title='bbox 879 1607 1016 1648; x_wconf 46' lang='lat' dir='ltr'><strong>sqq.,ae=</strong></span> 
     </span>
    </p>
   </div>
   <div class='ocr_carea' id='block_1_9' title="bbox 98 1649 991 1951">
    <p class='ocr_par' dir='ltr' id='par_1_9' title="bbox 98 1649 991 1885">
     <span class='ocr_line' id='line_1_19' title="bbox 102 1649 990 1711; baseline -0.006 -16"><span class='ocrx_word' id='word_1_123' title='bbox 102 1654 180 1711; x_wconf 88' lang='lat' dir='ltr'><strong>qui</strong></span> <span class='ocrx_word' id='word_1_124' title='bbox 210 1662 360 1697; x_wconf 86' lang='lat' dir='ltr'><strong>tamen</strong></span> <span class='ocrx_word' id='word_1_125' title='bbox 385 1651 629 1695; x_wconf 82' lang='lat' dir='ltr'><strong>Rhenanus</strong></span> <span class='ocrx_word' id='word_1_126' title='bbox 660 1649 707 1692; x_wconf 88' lang='lat' dir='ltr'><strong>in</strong></span> <span class='ocrx_word' id='word_1_127' title='bbox 741 1649 990 1706; x_wconf 82' lang='lat' dir='ltr'><strong>castigatio·</strong></span> 
     </span>
     <span class='ocr_line' id='line_1_20' title="bbox 98 1706 991 1769; baseline -0.007 -15"><span class='ocrx_word' id='word_1_128' title='bbox 98 1711 232 1754; x_wconf 87' lang='lat' dir='ltr'><strong>nibus</strong></span> <span class='ocrx_word' id='word_1_129' title='bbox 253 1709 438 1769; x_wconf 82' lang='lat' dir='ltr'><strong>corrigit</strong></span> <span class='ocrx_word' id='word_1_130' title='bbox 458 1709 630 1763; x_wconf 77' lang='lat' dir='ltr'><strong>digna,</strong></span> <span class='ocrx_word' id='word_1_131' title='bbox 659 1706 795 1764; x_wconf 91' lang='lat' dir='ltr'><strong>idque</strong></span> <span class='ocrx_word' id='word_1_132' title='bbox 816 1707 920 1749; x_wconf 90' lang='lat' dir='ltr'><strong>dein</strong></span> <span class='ocrx_word' id='word_1_133' title='bbox 943 1706 991 1748; x_wconf 87' lang='lat' dir='ltr'><strong>in</strong></span> 
     </span>
     <span class='ocr_line' id='line_1_21' title="bbox 101 1763 989 1825; baseline -0.006 -14"><span class='ocrx_word' id='word_1_134' title='bbox 101 1776 359 1812; x_wconf 82' lang='lat' dir='ltr'><strong>contextum</strong></span> <span class='ocrx_word' id='word_1_135' title='bbox 399 1774 630 1825; x_wconf 87' lang='lat' dir='ltr'><strong>receptum</strong></span> <span class='ocrx_word' id='word_1_136' title='bbox 677 1773 742 1808; x_wconf 84' lang='lat' dir='ltr'><strong>est</strong></span> <span class='ocrx_word' id='word_1_137' title='bbox 782 1778 808 1806; x_wconf 84' lang='lat' dir='ltr'><strong>a</strong></span> <span class='ocrx_word' id='word_1_138' title='bbox 840 1763 989 1821; x_wconf 87' lang='lat' dir='ltr'><strong>Lipsio</strong></span> 
     </span>
     <span class='ocr_line' id='line_1_22' title="bbox 100 1840 198 1885; baseline 0 -16"><span class='ocrx_word' id='word_1_139' title='bbox 100 1840 198 1885; x_wconf 84' lang='lat' dir='ltr'><strong>sqq.</strong></span> 
     </span>
    </p>

    <p class='ocr_par' dir='ltr' id='par_1_10' title="bbox 157 1904 989 1951">
     <span class='ocr_line' id='line_1_23' title="bbox 157 1904 989 1951; baseline -0.006 0"><span class='ocrx_word' id='word_1_140' title='bbox 157 1909 316 1951; x_wconf 85' lang='lat' dir='ltr'><strong>visere.</strong></span> <span class='ocrx_word' id='word_1_141' title='bbox 370 1906 470 1951; x_wconf 86' lang='lat' dir='ltr'><strong>MS.</strong></span> <span class='ocrx_word' id='word_1_142' title='bbox 486 1905 624 1951; x_wconf 88' lang='lat' dir='ltr'><strong>Corb.</strong></span> <span class='ocrx_word' id='word_1_143' title='bbox 646 1907 804 1950; x_wconf 82' lang='lat' dir='ltr'><strong>videri.</strong></span> <span class='ocrx_word' id='word_1_144' title='bbox 854 1904 989 1948; x_wconf 86' lang='lat' dir='ltr'><strong>Grae·</strong></span> 
     </span>
    </p>
   </div>
   <div class='ocr_carea' id='block_1_10' title="bbox 43 1961 990 2012">
    <p class='ocr_par' dir='ltr' id='par_1_11' title="bbox 43 1961 990 2012">
     <span class='ocr_line' id='line_1_24' title="bbox 43 1961 990 2012; baseline -0.003 -5"><span class='ocrx_word' id='word_1_145' title='bbox 43 1964 47 1970; x_wconf 79' lang='grc'><strong>’</strong></span> <span class='ocrx_word' id='word_1_146' title='bbox 100 1966 195 2009; x_wconf 83' lang='lat' dir='ltr'><strong>vius</strong></span> <span class='ocrx_word' id='word_1_147' title='bbox 220 1964 395 2008; x_wconf 86' lang='lat' dir='ltr'><strong>volebat</strong></span> <span class='ocrx_word' id='word_1_148' title='bbox 415 1967 579 2008; x_wconf 85' lang='lat' dir='ltr'><strong>videre.</strong></span> <span class='ocrx_word' id='word_1_149' title='bbox 637 1963 726 2008; x_wconf 90' lang='lat' dir='ltr'><strong>Sed</strong></span> <span class='ocrx_word' id='word_1_150' title='bbox 751 1962 812 2007; x_wconf 82' lang='lat' dir='ltr'><strong>cf.</strong></span> <span class='ocrx_word' id='word_1_151' title='bbox 836 1961 990 2012; x_wconf 60' lang='lat'><strong>1236.</strong></span> 
     </span>
    </p>
   </div>
   <div class='ocr_carea' id='block_1_11' title="bbox 95 2022 991 2193">
    <p class='ocr_par' dir='ltr' id='par_1_12' title="bbox 95 2022 991 2193">
     <span class='ocr_line' id='line_1_25' title="bbox 99 2022 991 2078; baseline -0.004 -12"><span class='ocrx_word' id='word_1_152' title='bbox 99 2024 392 2078; x_wconf 80' lang='lat' dir='ltr'><strong>avebantque</strong></span> <span class='ocrx_word' id='word_1_153' title='bbox 424 2023 596 2070; x_wconf 85' lang='lat' dir='ltr'><strong>visere,</strong></span> <span class='ocrx_word' id='word_1_154' title='bbox 633 2022 732 2078; x_wconf 82' lang='lat' dir='ltr'><strong>quis</strong></span> <span class='ocrx_word' id='word_1_155' title='bbox 763 2022 840 2063; x_wconf 87' lang='lat' dir='ltr'><strong>ille</strong></span> <span class='ocrx_word' id='word_1_156' title='bbox 873 2029 991 2070; x_wconf 88' lang='lat' dir='ltr'><strong>etc.;</strong></span> 
     </span>
     <span class='ocr_line' id='line_1_26' title="bbox 100 2079 990 2137; baseline -0.006 -13"><span class='ocrx_word' id='word_1_157' title='bbox 100 2080 168 2132; x_wconf 72' lang='lat'><strong>12,</strong></span> <span class='ocrx_word' id='word_1_158' title='bbox 189 2079 261 2123; x_wconf 87' lang='lat'><strong>56.</strong></span> <span class='ocrx_word' id='word_1_159' title='bbox 285 2095 373 2137; x_wconf 87' lang='lat' dir='ltr'><strong>quo</strong></span> <span class='ocrx_word' id='word_1_160' title='bbox 395 2079 743 2135; x_wconf 76' lang='lat' dir='ltr'><strong>magnificentia</strong></span> <span class='ocrx_word' id='word_1_161' title='bbox 775 2079 926 2133; x_wconf 84' lang='lat' dir='ltr'><strong>operis</strong></span> <span class='ocrx_word' id='word_1_162' title='bbox 957 2092 990 2119; x_wconf 91' lang='lat' dir='ltr'><strong>a</strong></span> 
     </span>
     <span class='ocr_line' id='line_1_27' title="bbox 95 2138 574 2193; baseline -0.004 -11"><span class='ocrx_word' id='word_1_163' title='bbox 95 2139 302 2193; x_wconf 83' lang='lat' dir='ltr'><strong>pluribus</strong></span> <span class='ocrx_word' id='word_1_164' title='bbox 330 2138 574 2180; x_wconf 83' lang='lat' dir='ltr'><strong>viseretur.</strong></span> 
     </span>
    </p>
   </div>
   <div class='ocr_carea' id='block_1_12' title="bbox 98 2219 992 2909">
    <p class='ocr_par' dir='ltr' id='par_1_13' title="bbox 98 2219 992 2623">
     <span class='ocr_line' id='line_1_28' title="bbox 153 2219 990 2276; baseline -0.004 -12"><span class='ocrx_word' id='word_1_165' title='bbox 153 2228 206 2264; x_wconf 78' lang='lat' dir='ltr'><strong>at</strong></span> <span class='ocrx_word' id='word_1_166' title='bbox 225 2221 498 2264; x_wconf 83' lang='lat' dir='ltr'><strong>Neronem?</strong></span> <span class='ocrx_word' id='word_1_167' title='bbox 520 2219 733 2276; x_wconf 80' lang='lat' dir='ltr'><strong>pellicem</strong></span> <span class='ocrx_word' id='word_1_168' title='bbox 764 2219 990 2262; x_wconf 82' lang='lat' dir='ltr'><strong>ancillam</strong></span> 
     </span>
     <span class='ocr_line' id='line_1_29' title="bbox 99 2276 991 2335; baseline -0.003 -13"><span class='ocrx_word' id='word_1_169' title='bbox 99 2287 144 2322; x_wconf 86' lang='lat' dir='ltr'><strong>et</strong></span> <span class='ocrx_word' id='word_1_170' title='bbox 167 2279 471 2323; x_wconf 81' lang='lat' dir='ltr'><strong>adsuetudine</strong></span> <span class='ocrx_word' id='word_1_171' title='bbox 493 2286 578 2320; x_wconf 86' lang='lat' dir='ltr'><strong>etc.</strong></span> <span class='ocrx_word' id='word_1_172' title='bbox 654 2276 805 2335; x_wconf 84' lang='lat' dir='ltr'><strong>Vulgo</strong></span> <span class='ocrx_word' id='word_1_173' title='bbox 831 2276 991 2319; x_wconf 73' lang='lat' dir='ltr'><strong>edunte</strong></span> 
     </span>
     <span class='ocr_line' id='line_1_30' title="bbox 98 2336 991 2388; baseline -0.006 -9"><span class='ocrx_word' id='word_1_174' title='bbox 98 2343 151 2379; x_wconf 85' lang='lat' dir='ltr'><strong>at</strong></span> <span class='ocrx_word' id='word_1_175' title='bbox 167 2337 430 2384; x_wconf 83' lang='lat' dir='ltr'><strong>Neronem,</strong></span> <span class='ocrx_word' id='word_1_176' title='bbox 455 2336 616 2388; x_wconf 80' lang='lat' dir='ltr'><strong>pellice</strong></span> <span class='ocrx_word' id='word_1_177' title='bbox 640 2337 814 2376; x_wconf 88' lang='lat' dir='ltr'><strong>ancilla</strong></span> <span class='ocrx_word' id='word_1_178' title='bbox 835 2341 878 2374; x_wconf 85' lang='lat' dir='ltr'><strong>et</strong></span> <span class='ocrx_word' id='word_1_179' title='bbox 900 2337 991 2374; x_wconf 87' lang='lat' dir='ltr'><strong>ad-</strong></span> 
     </span>
     <span class='ocr_line' id='line_1_31' title="bbox 99 2390 992 2450; baseline -0.006 -12"><span class='ocrx_word' id='word_1_180' title='bbox 99 2401 216 2438; x_wconf 81' lang='lat' dir='ltr'><strong>suet.</strong></span> <span class='ocrx_word' id='word_1_181' title='bbox 241 2396 323 2436; x_wconf 79' lang='lat' dir='ltr'><strong>etc.</strong></span> <span class='ocrx_word' id='word_1_182' title='bbox 352 2409 465 2450; x_wconf 91' lang='lat' dir='ltr'><strong>quae</strong></span> <span class='ocrx_word' id='word_1_183' title='bbox 485 2401 588 2434; x_wconf 83' lang='lat' dir='ltr'><strong>sunt</strong></span> <span class='ocrx_word' id='word_1_184' title='bbox 611 2391 659 2434; x_wconf 91' lang='lat' dir='ltr'><strong>in</strong></span> <span class='ocrx_word' id='word_1_185' title='bbox 686 2390 907 2434; x_wconf 86' lang='lat' dir='ltr'><strong>edd.Put.</strong></span> <span class='ocrx_word' id='word_1_186' title='bbox 924 2391 992 2433; x_wconf 90' lang='lat' dir='ltr'><strong>M.</strong></span> 
     </span>
     <span class='ocr_line' id='line_1_32' title="bbox 100 2448 989 2504; baseline -0.004 -10"><span class='ocrx_word' id='word_1_187' title='bbox 100 2460 143 2494; x_wconf 82' lang='lat' dir='ltr'><strong>et</strong></span> <span class='ocrx_word' id='word_1_188' title='bbox 169 2449 230 2494; x_wconf 87' lang='lat' dir='ltr'><strong>V.</strong></span> <span class='ocrx_word' id='word_1_189' title='bbox 271 2449 482 2493; x_wconf 86' lang='lat' dir='ltr'><strong>Beroald.</strong></span> <span class='ocrx_word' id='word_1_190' title='bbox 519 2449 619 2492; x_wconf 86' lang='lat' dir='ltr'><strong>Ale.</strong></span> <span class='ocrx_word' id='word_1_191' title='bbox 654 2448 855 2491; x_wconf 87' lang='lat' dir='ltr'><strong>Rhenau.</strong></span> <span class='ocrx_word' id='word_1_192' title='bbox 892 2463 989 2504; x_wconf 88' lang='lat' dir='ltr'><strong>sqq.</strong></span> 
     </span>
     <span class='ocr_line' id='line_1_33' title="bbox 99 2505 988 2564; baseline -0.003 -14"><span class='ocrx_word' id='word_1_193' title='bbox 99 2507 250 2550; x_wconf 81' lang='lat' dir='ltr'><strong>Miror</strong></span> <span class='ocrx_word' id='word_1_194' title='bbox 283 2508 573 2564; x_wconf 77' lang='lat' dir='ltr'><strong>interpretes,</strong></span> <span class='ocrx_word' id='word_1_195' title='bbox 631 2505 752 2563; x_wconf 92' lang='lat' dir='ltr'><strong>quod</strong></span> <span class='ocrx_word' id='word_1_196' title='bbox 791 2513 881 2548; x_wconf 84' lang='lat' dir='ltr'><strong>tam</strong></span> <span class='ocrx_word' id='word_1_197' title='bbox 923 2505 988 2547; x_wconf 90' lang='lat' dir='ltr'><strong>in·</strong></span> 
     </span>
     <span class='ocr_line' id='line_1_34' title="bbox 100 2561 985 2623; baseline -0.005 -16"><span class='ocrx_word' id='word_1_198' title='bbox 100 2573 244 2623; x_wconf 82' lang='lat' dir='ltr'><strong>eptam</strong></span> <span class='ocrx_word' id='word_1_199' title='bbox 257 2564 428 2607; x_wconf 84' lang='lat' dir='ltr'><strong>tautolo</strong></span> <span class='ocrx_word' id='word_1_200' title='bbox 462 2563 826 2606; x_wconf 77' lang='lat' dir='ltr'><strong>iarntolerarunt.</strong></span> <span class='ocrx_word' id='word_1_201' title='bbox 871 2561 985 2603; x_wconf 86' lang='lat' dir='ltr'><strong>Nam</strong></span> 
     </span>
    </p>

    <p class='ocr_par' dir='ltr' id='par_1_14' title="bbox 99 2617 989 2909">
     <span class='ocr_line' id='line_1_35' title="bbox 132 2617 989 2688; baseline -0.004 -24"><span class='ocrx_word' id='word_1_202' title='bbox 132 2638 214 2665; x_wconf 90' lang='lat' dir='ltr'><strong>uae</strong></span> <span class='ocrx_word' id='word_1_203' title='bbox 249 2629 314 2664; x_wconf 91' lang='lat' dir='ltr'><strong>est</strong></span> <span class='ocrx_word' id='word_1_204' title='bbox 354 2621 423 2688; x_wconf 86' lang='lat' dir='ltr'><strong>pel</strong></span> <span class='ocrx_word' id='word_1_205' title='bbox 447 2637 495 2664; x_wconf 87' lang='lat' dir='ltr'><strong>ex</strong></span> <span class='ocrx_word' id='word_1_206' title='bbox 535 2619 729 2663; x_wconf 78' lang='lat' dir='ltr'><strong>ancilla?</strong></span> <span class='ocrx_word' id='word_1_207' title='bbox 805 2617 989 2662; x_wconf 81' lang='lat' dir='ltr'><strong>Scilicet</strong></span> 
     </span>
     <span class='ocr_line' id='line_1_36' title="bbox 100 2639 987 2737; baseline -0.007 -13"><span class='ocrx_word' id='word_1_208' title='bbox 100 2639 224 2724; x_wconf 49' lang='lat' dir='ltr'><strong>gete.</strong></span> <span class='ocrx_word' id='word_1_209' title='bbox 303 2680 445 2737; x_wconf 73' lang='lat' dir='ltr'><strong>Igitur</strong></span> <span class='ocrx_word' id='word_1_210' title='bbox 475 2677 594 2720; x_wconf 82' lang='lat' dir='ltr'><strong>Nero</strong></span> <span class='ocrx_word' id='word_1_211' title='bbox 631 2675 790 2735; x_wconf 85' lang='lat' dir='ltr'><strong>pellice</strong></span> <span class='ocrx_word' id='word_1_212' title='bbox 824 2673 987 2719; x_wconf 88' lang='lat' dir='ltr'><strong>ancilla</strong></span> 
     </span>
     <span class='ocr_line' id='line_1_37' title="bbox 99 2733 989 2789; baseline -0.004 -10"><span class='ocrx_word' id='word_1_213' title='bbox 99 2737 143 2786; x_wconf 75' lang='lat' dir='ltr'><strong>h,</strong></span> <span class='ocrx_word' id='word_1_214' title='bbox 165 2753 204 2779; x_wconf 88' lang='lat' dir='ltr'><strong>e.</strong></span> <span class='ocrx_word' id='word_1_215' title='bbox 220 2734 340 2789; x_wconf 58' lang='lat' dir='ltr'><strong>,Acte</strong></span> <span class='ocrx_word' id='word_1_216' title='bbox 364 2743 406 2778; x_wconf 87' lang='lat' dir='ltr'><strong>et</strong></span> <span class='ocrx_word' id='word_1_217' title='bbox 431 2736 718 2778; x_wconf 76' lang='lat' dir='ltr'><strong>adsuetudine</strong></span> <span class='ocrx_word' id='word_1_218' title='bbox 730 2733 865 2777; x_wconf 82' lang='lat' dir='ltr'><strong>Actes</strong></span> <span class='ocrx_word' id='word_1_219' title='bbox 893 2733 989 2776; x_wconf 88' lang='lat' dir='ltr'><strong>b.e.</strong></span> 
     </span>
     <span class='ocr_line' id='line_1_38' title="bbox 100 2790 987 2850; baseline -0.006 -14"><span class='ocrx_word' id='word_1_220' title='bbox 100 2792 267 2850; x_wconf 88' lang='lat' dir='ltr'><strong>pellicis</strong></span> <span class='ocrx_word' id='word_1_221' title='bbox 307 2791 493 2836; x_wconf 88' lang='lat' dir='ltr'><strong>ancillae</strong></span> <span class='ocrx_word' id='word_1_222' title='bbox 539 2791 771 2834; x_wconf 80' lang='lat' dir='ltr'><strong>devinctus</strong></span> <span class='ocrx_word' id='word_1_223' title='bbox 808 2790 987 2833; x_wconf 88' lang='lat' dir='ltr'><strong>dicitur.</strong></span> 
     </span>
     <span class='ocr_line' id='line_1_39' title="bbox 102 2847 988 2909; baseline -0.006 -15"><span class='ocrx_word' id='word_1_224' title='bbox 102 2850 231 2909; x_wconf 81' lang='lat' dir='ltr'><strong>Quae</strong></span> <span class='ocrx_word' id='word_1_225' title='bbox 256 2850 389 2894; x_wconf 74' lang='lat' dir='ltr'><strong>verba</strong></span> <span class='ocrx_word' id='word_1_226' title='bbox 412 2850 446 2891; x_wconf 88' lang='lat' dir='ltr'><strong>si</strong></span> <span class='ocrx_word' id='word_1_227' title='bbox 477 2858 582 2891; x_wconf 89' lang='lat' dir='ltr'><strong>sunt</strong></span> <span class='ocrx_word' id='word_1_228' title='bbox 603 2864 743 2897; x_wconf 67' lang='lat' dir='ltr'><strong>sana,</strong></span> <span class='ocrx_word' id='word_1_229' title='bbox 776 2857 868 2891; x_wconf 88' lang='lat' dir='ltr'><strong>arte</strong></span> <span class='ocrx_word' id='word_1_230' title='bbox 901 2847 988 2890; x_wconf 88' lang='lat' dir='ltr'><strong>cri-</strong></span> 
     </span>
    </p>
   </div>
   <div class='ocr_carea' id='block_1_13' title="bbox 30 2904 987 2963">
    <p class='ocr_par' dir='ltr' id='par_1_15' title="bbox 30 2904 987 2963">
     <span class='ocr_line' id='line_1_40' title="bbox 30 2904 987 2963; baseline -0.007 -11"><span class='ocrx_word' id='word_1_231' title='bbox 30 2936 34 2940; x_wconf 82' lang='lat'><em>-</em></span> <span class='ocrx_word' id='word_1_232' title='bbox 99 2908 186 2952; x_wconf 86' lang='lat' dir='ltr'><strong>tica</strong></span> <span class='ocrx_word' id='word_1_233' title='bbox 216 2922 354 2963; x_wconf 88' lang='lat' dir='ltr'><strong>porro</strong></span> <span class='ocrx_word' id='word_1_234' title='bbox 384 2905 778 2963; x_wconf 86' lang='lat' dir='ltr'><strong>supersedebimus.</strong></span> <span class='ocrx_word' id='word_1_235' title='bbox 840 2904 987 2946; x_wconf 88' lang='lat' dir='ltr'><strong>lmmo</strong></span> 
     </span>
    </p>
   </div>
   <div class='ocr_carea' id='block_1_14' title="bbox 100 2962 989 3649">
    <p class='ocr_par' dir='ltr' id='par_1_16' title="bbox 100 2962 989 3649">
     <span class='ocr_line' id='line_1_41' title="bbox 100 2962 988 3020; baseline -0.005 -13"><span class='ocrx_word' id='word_1_236' title='bbox 100 2962 288 3007; x_wconf 78' lang='lat' dir='ltr'><strong>meliora</strong></span> <span class='ocrx_word' id='word_1_237' title='bbox 309 2963 474 3006; x_wconf 88' lang='lat' dir='ltr'><strong>suntin</strong></span> <span class='ocrx_word' id='word_1_238' title='bbox 498 2962 600 3005; x_wconf 87' lang='lat' dir='ltr'><strong>MS.</strong></span> <span class='ocrx_word' id='word_1_239' title='bbox 627 2962 750 3005; x_wconf 89' lang='lat' dir='ltr'><strong>Flor.</strong></span> <span class='ocrx_word' id='word_1_240' title='bbox 779 2962 852 3020; x_wconf 90' lang='lat' dir='ltr'><strong>qui</strong></span> <span class='ocrx_word' id='word_1_241' title='bbox 878 2969 988 3004; x_wconf 83' lang='lat' dir='ltr'><strong>teste</strong></span> 
     </span>
     <span class='ocr_line' id='line_1_42' title="bbox 100 3019 987 3078; baseline -0.002 -16"><span class='ocrx_word' id='word_1_242' title='bbox 100 3019 305 3064; x_wconf 84' lang='lat' dir='ltr'><strong>Victorio</strong></span> <span class='ocrx_word' id='word_1_243' title='bbox 339 3036 420 3078; x_wconf 87' lang='lat' dir='ltr'><strong>pro</strong></span> <span class='ocrx_word' id='word_1_244' title='bbox 446 3022 608 3075; x_wconf 73' lang='lat' dir='ltr'><strong>pellice</strong></span> <span class='ocrx_word' id='word_1_245' title='bbox 635 3021 804 3062; x_wconf 88' lang='lat' dir='ltr'><strong>ancilla</strong></span> <span class='ocrx_word' id='word_1_246' title='bbox 832 3035 987 3077; x_wconf 85' lang='lat' dir='ltr'><strong>suppe-</strong></span> 
     </span>
     <span class='ocr_line' id='line_1_43' title="bbox 103 3076 988 3130; baseline -0.005 -10"><span class='ocrx_word' id='word_1_247' title='bbox 103 3078 210 3121; x_wconf 81' lang='lat' dir='ltr'><strong>ditat</strong></span> <span class='ocrx_word' id='word_1_248' title='bbox 235 3079 426 3130; x_wconf 80' lang='lat' dir='ltr'><strong>pellicen</strong></span> <span class='ocrx_word' id='word_1_249' title='bbox 456 3079 695 3119; x_wconf 78' lang='lat' dir='ltr'><strong>ancillam.</strong></span> <span class='ocrx_word' id='word_1_250' title='bbox 754 3076 988 3120; x_wconf 88' lang='lat' dir='ltr'><strong>Consentit</strong></span> 
     </span>
     <span class='ocr_line' id='line_1_44' title="bbox 100 3133 988 3192; baseline -0.003 -15"><span class='ocrx_word' id='word_1_251' title='bbox 100 3135 195 3178; x_wconf 75' lang='lat' dir='ltr'><strong>sere</strong></span> <span class='ocrx_word' id='word_1_252' title='bbox 238 3135 308 3177; x_wconf 92' lang='lat' dir='ltr'><strong>ed.</strong></span> <span class='ocrx_word' id='word_1_253' title='bbox 347 3133 492 3188; x_wconf 88' lang='lat' dir='ltr'><strong>Spir.,</strong></span> <span class='ocrx_word' id='word_1_254' title='bbox 552 3133 599 3176; x_wconf 85' lang='lat' dir='ltr'><strong>in</strong></span> <span class='ocrx_word' id='word_1_255' title='bbox 646 3149 733 3191; x_wconf 87' lang='lat' dir='ltr'><strong>qua</strong></span> <span class='ocrx_word' id='word_1_256' title='bbox 775 3133 988 3192; x_wconf 83' lang='lat' dir='ltr'><strong>leguntur</strong></span> 
     </span>
     <span class='ocr_line' id='line_1_45' title="bbox 101 3190 985 3245; baseline -0.006 -10"><span class='ocrx_word' id='word_1_257' title='bbox 101 3191 235 3235; x_wconf 79' lang='lat' dir='ltr'><strong>haec:</strong></span> <span class='ocrx_word' id='word_1_258' title='bbox 286 3199 336 3233; x_wconf 74' lang='lat' dir='ltr'><strong>at</strong></span> <span class='ocrx_word' id='word_1_259' title='bbox 367 3191 566 3234; x_wconf 83' lang='lat' dir='ltr'><strong>Neronis</strong></span> <span class='ocrx_word' id='word_1_260' title='bbox 601 3191 796 3245; x_wconf 78' lang='lat' dir='ltr'><strong>pelicem</strong></span> <span class='ocrx_word' id='word_1_261' title='bbox 835 3190 985 3232; x_wconf 87' lang='lat' dir='ltr'><strong>ancil-</strong></span> 
     </span>
     <span class='ocr_line' id='line_1_46' title="bbox 103 3247 985 3291; baseline -0.002 -1"><span class='ocrx_word' id='word_1_262' title='bbox 103 3250 204 3290; x_wconf 85' lang='lat' dir='ltr'><strong>lam</strong></span> <span class='ocrx_word' id='word_1_263' title='bbox 242 3256 286 3290; x_wconf 84' lang='lat' dir='ltr'><strong>et</strong></span> <span class='ocrx_word' id='word_1_264' title='bbox 320 3249 622 3291; x_wconf 84' lang='lat' dir='ltr'><strong>assuetudine</strong></span> <span class='ocrx_word' id='word_1_265' title='bbox 655 3254 742 3291; x_wconf 91' lang='lat' dir='ltr'><strong>etc.</strong></span> <span class='ocrx_word' id='word_1_266' title='bbox 816 3247 985 3290; x_wconf 86' lang='lat' dir='ltr'><strong>Verum</strong></span> 
     </span>
     <span class='ocr_line' id='line_1_47' title="bbox 104 3303 989 3364; baseline -0.001 -17"><span class='ocrx_word' id='word_1_267' title='bbox 104 3303 293 3348; x_wconf 84' lang='lat' dir='ltr'><strong>Neronis</strong></span> <span class='ocrx_word' id='word_1_268' title='bbox 335 3305 474 3364; x_wconf 80' lang='lat' dir='ltr'><strong>pellex</strong></span> <span class='ocrx_word' id='word_1_269' title='bbox 507 3304 580 3348; x_wconf 86' lang='lat' dir='ltr'><strong>hic</strong></span> <span class='ocrx_word' id='word_1_270' title='bbox 612 3319 704 3346; x_wconf 88' lang='lat' dir='ltr'><strong>non</strong></span> <span class='ocrx_word' id='word_1_271' title='bbox 743 3305 989 3362; x_wconf 85' lang='lat' dir='ltr'><strong>opponitur</strong></span> 
     </span>
     <span class='ocr_line' id='line_1_48' title="bbox 106 3361 988 3427; baseline 0 -25"><span class='ocrx_word' id='word_1_272' title='bbox 106 3361 280 3404; x_wconf 69' lang='lat' dir='ltr'><strong>alterius</strong></span> <span class='ocrx_word' id='word_1_273' title='bbox 310 3361 481 3420; x_wconf 87' lang='lat' dir='ltr'><strong>pellici,</strong></span> <span class='ocrx_word' id='word_1_274' title='bbox 521 3371 569 3404; x_wconf 86' lang='lat' dir='ltr'><strong>ut</strong></span> <span class='ocrx_word' id='word_1_275' title='bbox 595 3376 776 3427; x_wconf 75' lang='lat' dir='ltr'><strong>pergas:</strong></span> <span class='ocrx_word' id='word_1_276' title='bbox 819 3369 870 3402; x_wconf 86' lang='lat' dir='ltr'><strong>at</strong></span> <span class='ocrx_word' id='word_1_277' title='bbox 890 3363 988 3404; x_wconf 89' lang='lat' dir='ltr'><strong>Ne-</strong></span> 
     </span>
     <span class='ocr_line' id='line_1_49' title="bbox 105 3414 988 3476; baseline 0.002 -19"><span class='ocrx_word' id='word_1_278' title='bbox 105 3417 231 3459; x_wconf 83' lang='lat' dir='ltr'><strong>ronis</strong></span> <span class='ocrx_word' id='word_1_279' title='bbox 247 3420 453 3471; x_wconf 75' lang='lat' dir='ltr'><strong>pellicem</strong></span> <span class='ocrx_word' id='word_1_280' title='bbox 466 3437 481 3471; x_wconf 84' lang='lat'><strong>,-</strong></span> <span class='ocrx_word' id='word_1_281' title='bbox 509 3418 586 3462; x_wconf 90' lang='lat' dir='ltr'><strong>sed</strong></span> <span class='ocrx_word' id='word_1_282' title='bbox 606 3427 754 3475; x_wconf 74' lang='lat' dir='ltr'><strong>potius</strong></span> <span class='ocrx_word' id='word_1_283' title='bbox 767 3414 988 3476; x_wconf 51' lang='lat' dir='ltr'><strong>Poppassa,</strong></span> 
     </span>
     <span class='ocr_line' id='line_1_50' title="bbox 107 3475 985 3531; baseline 0.001 -16"><span class='ocrx_word' id='word_1_284' title='bbox 107 3481 339 3531; x_wconf 85' lang='lat' dir='ltr'><strong>postquam</strong></span> <span class='ocrx_word' id='word_1_285' title='bbox 373 3476 500 3518; x_wconf 64' lang='lat' dir='ltr'><strong>dixin</strong></span> <span class='ocrx_word' id='word_1_286' title='bbox 529 3477 660 3518; x_wconf 89' lang='lat' dir='ltr'><strong>illum</strong></span> <span class='ocrx_word' id='word_1_287' title='bbox 685 3506 744 3518; x_wconf 91' lang='lat'><strong>...</strong></span> <span class='ocrx_word' id='word_1_288' title='bbox 768 3475 985 3531; x_wconf 82' lang='lat' dir='ltr'><strong>magnifi-</strong></span> 
     </span>
     <span class='ocr_line' id='line_1_51' title="bbox 106 3531 985 3590; baseline 0.005 -19"><span class='ocrx_word' id='word_1_289' title='bbox 106 3546 234 3579; x_wconf 86' lang='lat' dir='ltr'><strong>cum,</strong></span> <span class='ocrx_word' id='word_1_290' title='bbox 283 3531 504 3589; x_wconf 79' lang='lat' dir='ltr'><strong>aptissime</strong></span> <span class='ocrx_word' id='word_1_291' title='bbox 546 3532 713 3590; x_wconf 82' lang='lat' dir='ltr'><strong>pergit:</strong></span> <span class='ocrx_word' id='word_1_292' title='bbox 758 3542 809 3575; x_wconf 82' lang='lat' dir='ltr'><strong>at</strong></span> <span class='ocrx_word' id='word_1_293' title='bbox 835 3533 985 3575; x_wconf 81' lang='lat' dir='ltr'><strong>Nero·</strong></span> 
     </span>
     <span class='ocr_line' id='line_1_52' title="bbox 106 3588 983 3649; baseline 0.001 -20"><span class='ocrx_word' id='word_1_294' title='bbox 106 3590 246 3630; x_wconf 77' lang='lat' dir='ltr'><strong>nem?</strong></span> <span class='ocrx_word' id='word_1_295' title='bbox 277 3604 377 3632; x_wconf 88' lang='lat' dir='ltr'><strong>cum</strong></span> <span class='ocrx_word' id='word_1_296' title='bbox 409 3588 631 3634; x_wconf 82' lang='lat' dir='ltr'><strong>irrisione.</strong></span> <span class='ocrx_word' id='word_1_297' title='bbox 702 3588 983 3649; x_wconf 75' lang='lat' dir='ltr'><strong>Respondet:</strong></span> 
     </span>
    </p>
   </div>
   <div class='ocr_carea' id='block_1_15' title="bbox 1044 2363 1327 2408">
    <p class='ocr_par' dir='ltr' id='par_1_17' title="bbox 1044 2363 1327 2408">
     <span class='ocr_line' id='line_1_53' title="bbox 1044 2363 1327 2408; baseline 0.004 -1"><span class='ocrx_word' id='word_1_298' title='bbox 1044 2404 1053 2407; x_wconf 79' lang='grc'><strong>.,</strong></span> <span class='ocrx_word' id='word_1_299' title='bbox 1063 2363 1131 2406; x_wconf 87' lang='grc'><strong>18.</strong></span> <span class='ocrx_word' id='word_1_300' title='bbox 1159 2363 1231 2406; x_wconf 75' lang='lat'><strong>27.</strong></span> <span class='ocrx_word' id='word_1_301' title='bbox 1255 2365 1327 2408; x_wconf 89' lang='lat'><strong>40.</strong></span> 
     </span>
    </p>
   </div>
   <div class='ocr_carea' id='block_1_16' title="bbox 1059 1236 1952 1294">
    <p class='ocr_par' dir='ltr' id='par_1_18' title="bbox 1059 1236 1952 1294">
     <span class='ocr_line' id='line_1_54' title="bbox 1059 1236 1952 1294; baseline 0.018 -17"><span class='ocrx_word' id='word_1_302' title='bbox 1059 1237 1275 1291; x_wconf 81' lang='lat' dir='ltr'><strong>pellicem</strong></span> <span class='ocrx_word' id='word_1_303' title='bbox 1296 1236 1522 1279; x_wconf 82' lang='lat' dir='ltr'><strong>ancillam</strong></span> <span class='ocrx_word' id='word_1_304' title='bbox 1544 1252 1608 1280; x_wconf 87' lang='lat' dir='ltr'><strong>sc.</strong></span> <span class='ocrx_word' id='word_1_305' title='bbox 1635 1255 1742 1287; x_wconf 88' lang='lat' dir='ltr'><strong>esse.</strong></span> <span class='ocrx_word' id='word_1_306' title='bbox 1802 1243 1952 1294; x_wconf 83' lang='lat' dir='ltr'><strong>Guelf.</strong></span> 
     </span>
    </p>
   </div>
   <div class='ocr_carea' id='block_1_17' title="bbox 1063 1293 1955 1396">
    <p class='ocr_par' dir='ltr' id='par_1_19' title="bbox 1063 1293 1955 1396">
     <span class='ocr_line' id='line_1_55' title="bbox 1063 1293 1955 1350; baseline 0.011 -14"><span class='ocrx_word' id='word_1_307' title='bbox 1063 1293 1218 1336; x_wconf 85' lang='lat' dir='ltr'><strong>habet:</strong></span> <span class='ocrx_word' id='word_1_308' title='bbox 1269 1309 1323 1336; x_wconf 89' lang='lat' dir='ltr'><strong>ac</strong></span> <span class='ocrx_word' id='word_1_309' title='bbox 1363 1307 1544 1337; x_wconf 83' lang='lat' dir='ltr'><strong>nerone</strong></span> <span class='ocrx_word' id='word_1_310' title='bbox 1580 1299 1742 1349; x_wconf 86' lang='lat' dir='ltr'><strong>pellice</strong></span> <span class='ocrx_word' id='word_1_311' title='bbox 1778 1307 1955 1350; x_wconf 77' lang='lat' dir='ltr'><strong>ancilla</strong></span> 
     </span>
     <span class='ocr_line' id='line_1_56' title="bbox 1066 1351 1555 1396; baseline 0.002 -3"><span class='ocrx_word' id='word_1_312' title='bbox 1066 1359 1121 1393; x_wconf 84' lang='lat' dir='ltr'><strong>et</strong></span> <span class='ocrx_word' id='word_1_313' title='bbox 1151 1351 1448 1393; x_wconf 80' lang='lat' dir='ltr'><strong>assuetudine</strong></span> <span class='ocrx_word' id='word_1_314' title='bbox 1470 1361 1555 1396; x_wconf 85' lang='lat' dir='ltr'><strong>etc.</strong></span> 
     </span>
    </p>
   </div>
   <div class='ocr_carea' id='block_1_18' title="bbox 1060 1421 2003 1879">
    <p class='ocr_par' dir='ltr' id='par_1_20' title="bbox 1060 1421 2003 1879">
     <span class='ocr_line' id='line_1_57' title="bbox 1121 1421 1954 1478; baseline 0.014 -16"><span class='ocrx_word' id='word_1_315' title='bbox 1121 1421 1444 1465; x_wconf 85' lang='lat' dir='ltr'><strong>adsuetudine.</strong></span> <span class='ocrx_word' id='word_1_316' title='bbox 1502 1422 1579 1467; x_wconf 87' lang='lat' dir='ltr'><strong>Sic</strong></span> <span class='ocrx_word' id='word_1_317' title='bbox 1599 1425 1645 1467; x_wconf 81' lang='lat' dir='ltr'><strong>M</strong></span> <span class='ocrx_word' id='word_1_318' title='bbox 1653 1427 1698 1472; x_wconf 89' lang='lat' dir='ltr'><strong>S.</strong></span> <span class='ocrx_word' id='word_1_319' title='bbox 1713 1425 1835 1472; x_wconf 81' lang='lat' dir='ltr'><strong>Flor.</strong></span> <span class='ocrx_word' id='word_1_320' title='bbox 1856 1437 1954 1478; x_wconf 78' lang='lat' dir='ltr'><strong>test.</strong></span> 
     </span>
     <span class='ocr_line' id='line_1_58' title="bbox 1064 1476 1956 1532; baseline 0.018 -15"><span class='ocrx_word' id='word_1_321' title='bbox 1064 1476 1189 1521; x_wconf 76' lang='lat' dir='ltr'><strong>Viet.</strong></span> <span class='ocrx_word' id='word_1_322' title='bbox 1263 1481 1569 1522; x_wconf 83' lang='lat' dir='ltr'><strong>assuetudine</strong></span> <span class='ocrx_word' id='word_1_323' title='bbox 1613 1484 1715 1528; x_wconf 89' lang='lat' dir='ltr'><strong>edd.</strong></span> <span class='ocrx_word' id='word_1_324' title='bbox 1756 1495 1864 1532; x_wconf 83' lang='lat' dir='ltr'><strong>vett.</strong></span> <span class='ocrx_word' id='word_1_325' title='bbox 1896 1513 1956 1525; x_wconf 88' lang='lat'><strong>—-</strong></span> 
     </span>
     <span class='ocr_line' id='line_1_59' title="bbox 1063 1534 1954 1600; baseline 0.017 -24"><span class='ocrx_word' id='word_1_326' title='bbox 1063 1534 1156 1577; x_wconf 89' lang='lat' dir='ltr'><strong>Pro</strong></span> <span class='ocrx_word' id='word_1_327' title='bbox 1180 1535 1321 1577; x_wconf 85' lang='lat' dir='ltr'><strong>Actes</strong></span> <span class='ocrx_word' id='word_1_328' title='bbox 1344 1535 1447 1578; x_wconf 91' lang='lat' dir='ltr'><strong>MS.</strong></span> <span class='ocrx_word' id='word_1_329' title='bbox 1471 1535 1621 1583; x_wconf 86' lang='lat' dir='ltr'><strong>Guelf.</strong></span> <span class='ocrx_word' id='word_1_330' title='bbox 1648 1542 1714 1585; x_wconf 90' lang='lat' dir='ltr'><strong>ed.</strong></span> <span class='ocrx_word' id='word_1_331' title='bbox 1737 1543 1855 1600; x_wconf 90' lang='lat' dir='ltr'><strong>Spir.</strong></span> <span class='ocrx_word' id='word_1_332' title='bbox 1878 1545 1954 1591; x_wconf 88' lang='lat' dir='ltr'><strong>ha·</strong></span> 
     </span>
     <span class='ocr_line' id='line_1_60' title="bbox 1063 1591 2003 1661; baseline 0.015 -28"><span class='ocrx_word' id='word_1_333' title='bbox 1063 1591 1172 1634; x_wconf 87' lang='lat' dir='ltr'><strong>bent</strong></span> <span class='ocrx_word' id='word_1_334' title='bbox 1192 1594 1320 1643; x_wconf 77' lang='lat' dir='ltr'><strong>actt&#39;s,</strong></span> <span class='ocrx_word' id='word_1_335' title='bbox 1352 1600 1395 1634; x_wconf 83' lang='lat' dir='ltr'><strong>et</strong></span> <span class='ocrx_word' id='word_1_336' title='bbox 1417 1593 1856 1653; x_wconf 82' lang='lat' dir='ltr'><strong>ed.Spir.devictum</strong></span> <span class='ocrx_word' id='word_1_337' title='bbox 1868 1619 1954 1661; x_wconf 79' lang='lat' dir='ltr'><strong>pro</strong></span> <span class='ocrx_word' id='word_1_338' title='bbox 1998 1636 2003 1637; x_wconf 21' lang='grc' dir='ltr'><em>ν</em></span> 
     </span>
     <span class='ocr_line' id='line_1_61' title="bbox 1062 1650 1953 1719; baseline 0.015 -28"><span class='ocrx_word' id='word_1_339' title='bbox 1062 1650 1346 1702; x_wconf 80' lang='lat' dir='ltr'><strong>devinctum,</strong></span> <span class='ocrx_word' id='word_1_340' title='bbox 1383 1659 1481 1693; x_wconf 80' lang='lat' dir='ltr'><strong>uter</strong></span> <span class='ocrx_word' id='word_1_341' title='bbox 1516 1669 1571 1695; x_wconf 92' lang='lat' dir='ltr'><strong>ue</strong></span> <span class='ocrx_word' id='word_1_342' title='bbox 1596 1654 1710 1698; x_wconf 89' lang='lat' dir='ltr'><strong>liber</strong></span> <span class='ocrx_word' id='word_1_343' title='bbox 1731 1660 1850 1701; x_wconf 80' lang='lat' dir='ltr'><strong>nihil</strong></span> <span class='ocrx_word' id='word_1_344' title='bbox 1867 1677 1953 1719; x_wconf 88' lang='lat' dir='ltr'><strong>pro</strong></span> 
     </span>
     <span class='ocr_line' id='line_1_62' title="bbox 1061 1706 1948 1768; baseline 0.017 -22"><span class='ocrx_word' id='word_1_345' title='bbox 1061 1706 1145 1747; x_wconf 88' lang='lat' dir='ltr'><strong>nil.</strong></span> <span class='ocrx_word' id='word_1_346' title='bbox 1208 1706 1374 1749; x_wconf 89' lang='lat' dir='ltr'><strong>Eadem</strong></span> <span class='ocrx_word' id='word_1_347' title='bbox 1404 1708 1472 1751; x_wconf 90' lang='lat' dir='ltr'><strong>ed.</strong></span> <span class='ocrx_word' id='word_1_348' title='bbox 1526 1710 1611 1768; x_wconf 90' lang='lat' dir='ltr'><strong>pir.</strong></span> <span class='ocrx_word' id='word_1_349' title='bbox 1648 1722 1751 1756; x_wconf 83' lang='lat' dir='ltr'><strong>ante</strong></span> <span class='ocrx_word' id='word_1_350' title='bbox 1789 1727 1948 1761; x_wconf 84' lang='lat' dir='ltr'><strong>contu-</strong></span> 
     </span>
     <span class='ocr_line' id='line_1_63' title="bbox 1060 1764 1947 1826; baseline 0.017 -22"><span class='ocrx_word' id='word_1_351' title='bbox 1060 1764 1217 1805; x_wconf 82' lang='lat' dir='ltr'><strong>bernio</strong></span> <span class='ocrx_word' id='word_1_352' title='bbox 1266 1764 1432 1808; x_wconf 84' lang='lat' dir='ltr'><strong>omittit</strong></span> <span class='ocrx_word' id='word_1_353' title='bbox 1481 1770 1857 1826; x_wconf 85' lang='lat' dir='ltr'><strong>praepositionem</strong></span> <span class='ocrx_word' id='word_1_354' title='bbox 1904 1791 1947 1820; x_wconf 86' lang='lat' dir='ltr'><strong>e.</strong></span> 
     </span>
     <span class='ocr_line' id='line_1_64' title="bbox 1060 1820 1955 1879; baseline 0.016 -18"><span class='ocrx_word' id='word_1_355' title='bbox 1060 1820 1239 1863; x_wconf 79' lang='lat' dir='ltr'><strong>Deinde</strong></span> <span class='ocrx_word' id='word_1_356' title='bbox 1261 1837 1346 1879; x_wconf 89' lang='lat' dir='ltr'><strong>pro</strong></span> <span class='ocrx_word' id='word_1_357' title='bbox 1369 1837 1622 1877; x_wconf 76' lang='lat' dir='ltr'><strong>congressu</strong></span> <span class='ocrx_word' id='word_1_358' title='bbox 1652 1835 1698 1869; x_wconf 81' lang='lat' dir='ltr'><strong>et</strong></span> <span class='ocrx_word' id='word_1_359' title='bbox 1726 1832 1955 1875; x_wconf 79' lang='lat' dir='ltr'><strong>comitatu</strong></span> 
     </span>
    </p>
   </div>
   <div class='ocr_carea' id='block_1_19' title="bbox 1059 1876 1940 1978">
    <p class='ocr_par' dir='ltr' id='par_1_21' title="bbox 1059 1876 1940 1978">
     <span class='ocr_line' id='line_1_65' title="bbox 1059 1876 1940 1976; baseline 0.016 -56"><span class='ocrx_word' id='word_1_360' title='bbox 1059 1876 1137 1976; x_wconf 54' lang='lat' dir='ltr'><strong>itu}</strong></span> <span class='ocrx_word' id='word_1_361' title='bbox 1157 1878 1411 1936; x_wconf 82' lang='lat' dir='ltr'><strong>suppeditat</strong></span> <span class='ocrx_word' id='word_1_362' title='bbox 1433 1895 1728 1936; x_wconf 82' lang='lat' dir='ltr'><strong>congressum</strong></span> <span class='ocrx_word' id='word_1_363' title='bbox 1746 1895 1794 1930; x_wconf 88' lang='lat' dir='ltr'><strong>et</strong></span> <span class='ocrx_word' id='word_1_364' title='bbox 1808 1891 1940 1934; x_wconf 85' lang='lat' dir='ltr'><strong>comi·</strong></span> 
     </span>
     <span class='ocr_line' id='line_1_66' title="bbox 1082 1950 1232 1978; baseline 0.013 -2"><span class='ocrx_word' id='word_1_365' title='bbox 1082 1951 1113 1976; x_wconf 88' lang='lat' dir='ltr'><strong>a</strong></span> <span class='ocrx_word' id='word_1_366' title='bbox 1137 1950 1232 1978; x_wconf 89' lang='lat' dir='ltr'><strong>um.</strong></span> 
     </span>
    </p>
   </div>
   <div class='ocr_carea' id='block_1_20' title="bbox 1059 2022 1954 2542">
    <p class='ocr_par' dir='ltr' id='par_1_22' title="bbox 1059 2022 1954 2542">
     <span class='ocr_line' id='line_1_67' title="bbox 1120 2022 1951 2076; baseline 0.019 -16"><span class='ocrx_word' id='word_1_367' title='bbox 1120 2027 1166 2061; x_wconf 79' lang='lat' dir='ltr'><strong>et</strong></span> <span class='ocrx_word' id='word_1_368' title='bbox 1203 2022 1269 2061; x_wconf 88' lang='lat' dir='ltr'><strong>ad</strong></span> <span class='ocrx_word' id='word_1_369' title='bbox 1299 2029 1614 2075; x_wconf 87' lang='lat' dir='ltr'><strong>postremum.</strong></span> <span class='ocrx_word' id='word_1_370' title='bbox 1701 2026 1779 2073; x_wconf 88' lang='lat' dir='ltr'><strong>Sic</strong></span> <span class='ocrx_word' id='word_1_371' title='bbox 1813 2030 1951 2076; x_wconf 90' lang='lat' dir='ltr'><strong>MSS.</strong></span> 
     </span>
     <span class='ocr_line' id='line_1_68' title="bbox 1061 2076 1952 2146; baseline 0.017 -28"><span class='ocrx_word' id='word_1_372' title='bbox 1061 2076 1184 2120; x_wconf 89' lang='lat' dir='ltr'><strong>Flor.</strong></span> <span class='ocrx_word' id='word_1_373' title='bbox 1210 2077 1537 2131; x_wconf 73' lang='lat' dir='ltr'><strong>(secundum-I.</strong></span> <span class='ocrx_word' id='word_1_374' title='bbox 1553 2080 1757 2127; x_wconf 85' lang='lat' dir='ltr'><strong>Gronov.</strong></span> <span class='ocrx_word' id='word_1_375' title='bbox 1783 2086 1952 2146; x_wconf 83' lang='lat' dir='ltr'><strong>collat.)</strong></span> 
     </span>
     <span class='ocr_line' id='line_1_69' title="bbox 1059 2133 1952 2199; baseline 0.018 -24"><span class='ocrx_word' id='word_1_376' title='bbox 1059 2133 1184 2199; x_wconf 71' lang='lat' dir='ltr'><strong>Harl.</strong></span> <span class='ocrx_word' id='word_1_377' title='bbox 1219 2133 1351 2178; x_wconf 87' lang='lat' dir='ltr'><strong>Bodl.</strong></span> <span class='ocrx_word' id='word_1_378' title='bbox 1382 2137 1462 2180; x_wconf 87' lang='lat' dir='ltr'><strong>les.</strong></span> <span class='ocrx_word' id='word_1_379' title='bbox 1499 2135 1608 2197; x_wconf 86' lang='lat' dir='ltr'><strong>Reg.</strong></span> <span class='ocrx_word' id='word_1_380' title='bbox 1649 2139 1800 2189; x_wconf 84' lang='lat' dir='ltr'><strong>Guelf.</strong></span> <span class='ocrx_word' id='word_1_381' title='bbox 1848 2146 1952 2192; x_wconf 82' lang='lat' dir='ltr'><strong>edd.</strong></span> 
     </span>
     <span class='ocr_line' id='line_1_70' title="bbox 1061 2189 1954 2252; baseline 0.019 -20"><span class='ocrx_word' id='word_1_382' title='bbox 1061 2192 1181 2248; x_wconf 82' lang='lat' dir='ltr'><strong>Splr.</strong></span> <span class='ocrx_word' id='word_1_383' title='bbox 1204 2189 1307 2235; x_wconf 79' lang='lat' dir='ltr'><strong>Put.</strong></span> <span class='ocrx_word' id='word_1_384' title='bbox 1335 2192 1403 2236; x_wconf 91' lang='lat' dir='ltr'><strong>M.</strong></span> <span class='ocrx_word' id='word_1_385' title='bbox 1426 2203 1469 2237; x_wconf 89' lang='lat' dir='ltr'><strong>et</strong></span> <span class='ocrx_word' id='word_1_386' title='bbox 1494 2194 1547 2238; x_wconf 90' lang='lat' dir='ltr'><strong>V.</strong></span> <span class='ocrx_word' id='word_1_387' title='bbox 1606 2196 1667 2240; x_wconf 88' lang='lat' dir='ltr'><strong>cf.</strong></span> <span class='ocrx_word' id='word_1_388' title='bbox 1683 2198 1795 2245; x_wconf 70' lang='lat' dir='ltr'><strong>Hist.</strong></span> <span class='ocrx_word' id='word_1_389' title='bbox 1819 2203 1861 2252; x_wconf 72' lang='grc'><strong>2,</strong></span> <span class='ocrx_word' id='word_1_390' title='bbox 1882 2204 1954 2250; x_wconf 71' lang='grc'><strong>27.</strong></span> 
     </span>
     <span class='ocr_line' id='line_1_71' title="bbox 1063 2248 1951 2307; baseline 0.017 -18"><span class='ocrx_word' id='word_1_391' title='bbox 1063 2257 1107 2291; x_wconf 91' lang='lat' dir='ltr'><strong>et</strong></span> <span class='ocrx_word' id='word_1_392' title='bbox 1126 2248 1168 2300; x_wconf 81' lang='lat'><strong>4,</strong></span> <span class='ocrx_word' id='word_1_393' title='bbox 1193 2249 1258 2292; x_wconf 88' lang='lat'><strong>16.</strong></span> <span class='ocrx_word' id='word_1_394' title='bbox 1285 2274 1344 2282; x_wconf 90' lang='lat'>-</span> <span class='ocrx_word' id='word_1_395' title='bbox 1393 2259 1439 2294; x_wconf 81' lang='lat' dir='ltr'><strong>et</strong></span> <span class='ocrx_word' id='word_1_396' title='bbox 1456 2259 1695 2306; x_wconf 84' lang='lat' dir='ltr'><strong>postremo</strong></span> <span class='ocrx_word' id='word_1_397' title='bbox 1721 2259 1822 2302; x_wconf 91' lang='lat' dir='ltr'><strong>edd.</strong></span> <span class='ocrx_word' id='word_1_398' title='bbox 1846 2261 1951 2307; x_wconf 90' lang='lat' dir='ltr'><strong>Ber.</strong></span> 
     </span>
     <span class='ocr_line' id='line_1_72' title="bbox 1062 2304 1951 2368; baseline 0.017 -20"><span class='ocrx_word' id='word_1_399' title='bbox 1062 2304 1163 2348; x_wconf 57' lang='lat' dir='ltr'><strong>&#39;Ala</strong></span> <span class='ocrx_word' id='word_1_400' title='bbox 1183 2304 1386 2351; x_wconf 87' lang='lat' dir='ltr'><strong>Rhenan.</strong></span> <span class='ocrx_word' id='word_1_401' title='bbox 1414 2325 1514 2368; x_wconf 86' lang='lat' dir='ltr'><strong>sqq.</strong></span> <span class='ocrx_word' id='word_1_402' title='bbox 1574 2311 1631 2356; x_wconf 89' lang='lat' dir='ltr'><strong>cf.</strong></span> <span class='ocrx_word' id='word_1_403' title='bbox 1657 2314 1695 2364; x_wconf 88' lang='lat'><strong>1,</strong></span> <span class='ocrx_word' id='word_1_404' title='bbox 1714 2315 1756 2357; x_wconf 75' lang='grc'><strong>2.</strong></span> <span class='ocrx_word' id='word_1_405' title='bbox 1782 2318 1851 2360; x_wconf 84' lang='grc'><strong>10.</strong></span> <span class='ocrx_word' id='word_1_406' title='bbox 1879 2318 1951 2364; x_wconf 87' lang='grc'><strong>16.</strong></span> 
     </span>
     <span class='ocr_line' id='line_1_73' title="bbox 1400 2364 1953 2418; baseline 0.022 -11"><span class='ocrx_word' id='word_1_407' title='bbox 1400 2364 1722 2412; x_wconf 85' lang='lat' dir='ltr'><strong>Recentiorum</strong></span> <span class='ocrx_word' id='word_1_408' title='bbox 1757 2373 1831 2416; x_wconf 90' lang='lat' dir='ltr'><strong>alii</strong></span> <span class='ocrx_word' id='word_1_409' title='bbox 1861 2374 1953 2418; x_wconf 87' lang='lat' dir='ltr'><strong>edi·</strong></span> 
     </span>
     <span class='ocr_line' id='line_1_74' title="bbox 1063 2419 1953 2480; baseline 0.008 -19"><span class='ocrx_word' id='word_1_410' title='bbox 1063 2419 1167 2462; x_wconf 89' lang='lat' dir='ltr'><strong>dere</strong></span> <span class='ocrx_word' id='word_1_411' title='bbox 1199 2428 1244 2462; x_wconf 84' lang='lat' dir='ltr'><strong>et</strong></span> <span class='ocrx_word' id='word_1_412' title='bbox 1273 2425 1339 2463; x_wconf 91' lang='lat' dir='ltr'><strong>ad</strong></span> <span class='ocrx_word' id='word_1_413' title='bbox 1354 2434 1432 2476; x_wconf 83' lang='lat' dir='ltr'><strong>p.‚</strong></span> <span class='ocrx_word' id='word_1_414' title='bbox 1474 2431 1522 2466; x_wconf 86' lang='lat' dir='ltr'><strong>ut</strong></span> <span class='ocrx_word' id='word_1_415' title='bbox 1545 2424 1801 2480; x_wconf 84' lang='lat' dir='ltr'><strong>Broterius,</strong></span> <span class='ocrx_word' id='word_1_416' title='bbox 1838 2431 1953 2475; x_wconf 78' lang='lat' dir='ltr'><strong>Bek-</strong></span> 
     </span>
     <span class='ocr_line' id='line_1_75' title="bbox 1062 2475 1951 2542; baseline 0.018 -26"><span class='ocrx_word' id='word_1_417' title='bbox 1062 2475 1225 2529; x_wconf 83' lang='lat' dir='ltr'><strong>kerus·‚</strong></span> <span class='ocrx_word' id='word_1_418' title='bbox 1280 2477 1354 2520; x_wconf 83' lang='lat' dir='ltr'><strong>alii</strong></span> <span class='ocrx_word' id='word_1_419' title='bbox 1386 2479 1584 2524; x_wconf 88' lang='lat' dir='ltr'><strong>maluere</strong></span> <span class='ocrx_word' id='word_1_420' title='bbox 1616 2490 1661 2524; x_wconf 88' lang='lat' dir='ltr'><strong>et</strong></span> <span class='ocrx_word' id='word_1_421' title='bbox 1698 2495 1951 2542; x_wconf 85' lang='lat' dir='ltr'><strong>postremo,</strong></span> 
     </span>
    </p>
   </div>
   <div class='ocr_carea' id='block_1_21' title="bbox 1058 2532 1947 2637">
    <p class='ocr_par' dir='ltr' id='par_1_23' title="bbox 1058 2532 1947 2637">
     <span class='ocr_line' id='line_1_76' title="bbox 1060 2532 1947 2601; baseline 0.018 -26"><span class='ocrx_word' id='word_1_422' title='bbox 1060 2541 1109 2575; x_wconf 85' lang='lat' dir='ltr'><strong>ut</strong></span> <span class='ocrx_word' id='word_1_423' title='bbox 1134 2532 1341 2600; x_wconf 70' lang='lat' dir='ltr'><strong>Oberlin.</strong></span> <span class='ocrx_word' id='word_1_424' title='bbox 1366 2545 1410 2579; x_wconf 90' lang='lat' dir='ltr'><strong>et</strong></span> <span class='ocrx_word' id='word_1_425' title='bbox 1432 2537 1506 2594; x_wconf 90' lang='lat' dir='ltr'><strong>qui</strong></span> <span class='ocrx_word' id='word_1_426' title='bbox 1528 2536 1659 2582; x_wconf 88' lang='lat' dir='ltr'><strong>illum</strong></span> <span class='ocrx_word' id='word_1_427' title='bbox 1685 2555 1947 2601; x_wconf 87' lang='lat' dir='ltr'><strong>sequuntur.</strong></span> 
     </span>
     <span class='ocr_line' id='line_1_77' title="bbox 1058 2589 1888 2637; baseline 0.012 -5"><span class='ocrx_word' id='word_1_428' title='bbox 1058 2589 1224 2633; x_wconf 84' lang='lat' dir='ltr'><strong>Parum</strong></span> <span class='ocrx_word' id='word_1_429' title='bbox 1247 2599 1445 2637; x_wconf 83' lang='lat' dir='ltr'><strong>mterest.</strong></span> <span class='ocrx_word' id='word_1_430' title='bbox 1885 2619 1888 2622; x_wconf 62' lang='lat'><strong><em>¹</em></strong></span> 
     </span>
    </p>
   </div>
   <div class='ocr_carea' id='block_1_22' title="bbox 1057 2675 2005 3643">
    <p class='ocr_par' dir='ltr' id='par_1_24' title="bbox 1057 2675 2005 3643">
     <span class='ocr_line' id='line_1_78' title="bbox 1113 2675 1948 2739; baseline 0.019 -24"><span class='ocrx_word' id='word_1_431' title='bbox 1113 2688 1172 2716; x_wconf 91' lang='lat' dir='ltr'><strong>ne</strong></span> <span class='ocrx_word' id='word_1_432' title='bbox 1221 2675 1270 2717; x_wconf 85' lang='lat' dir='ltr'><strong>in</strong></span> <span class='ocrx_word' id='word_1_433' title='bbox 1318 2677 1430 2717; x_wconf 86' lang='lat' dir='ltr'><strong>urbe</strong></span> <span class='ocrx_word' id='word_1_434' title='bbox 1469 2681 1736 2724; x_wconf 84' lang='lat' dir='ltr'><strong>aemulatus</strong></span> <span class='ocrx_word' id='word_1_435' title='bbox 1773 2695 1948 2739; x_wconf 81' lang='lat' dir='ltr'><strong>ageret.</strong></span> 
     </span>
     <span class='ocr_line' id='line_1_79' title="bbox 1060 2731 1948 2800; baseline 0.015 -26"><span class='ocrx_word' id='word_1_436' title='bbox 1060 2731 1175 2775; x_wconf 83' lang='lat' dir='ltr'><strong>Sunt</strong></span> <span class='ocrx_word' id='word_1_437' title='bbox 1201 2731 1276 2789; x_wconf 87' lang='lat' dir='ltr'><strong>qui</strong></span> <span class='ocrx_word' id='word_1_438' title='bbox 1307 2734 1577 2777; x_wconf 82' lang='lat' dir='ltr'><strong>aemulatus</strong></span> <span class='ocrx_word' id='word_1_439' title='bbox 1613 2738 1834 2797; x_wconf 85' lang='lat' dir='ltr'><strong>accipiant</strong></span> <span class='ocrx_word' id='word_1_440' title='bbox 1863 2759 1948 2800; x_wconf 84' lang='lat' dir='ltr'><strong>pro</strong></span> 
     </span>
     <span class='ocr_line' id='line_1_80' title="bbox 1059 2788 1948 2844; baseline 0.015 -14"><span class='ocrx_word' id='word_1_441' title='bbox 1059 2789 1308 2832; x_wconf 78' lang='lat' dir='ltr'><strong>accusativo</strong></span> <span class='ocrx_word' id='word_1_442' title='bbox 1331 2788 1448 2844; x_wconf 89' lang='lat' dir='ltr'><strong>plur.</strong></span> <span class='ocrx_word' id='word_1_443' title='bbox 1475 2806 1600 2835; x_wconf 86' lang='lat' dir='ltr'><strong>num.</strong></span> <span class='ocrx_word' id='word_1_444' title='bbox 1615 2825 1627 2844; x_wconf 96' lang='lat'>‚</span> <span class='ocrx_word' id='word_1_445' title='bbox 1660 2804 1707 2838; x_wconf 81' lang='lat' dir='ltr'><strong>ut</strong></span> <span class='ocrx_word' id='word_1_446' title='bbox 1729 2803 1948 2843; x_wconf 88' lang='lat' dir='ltr'><strong>aemula-</strong></span> 
     </span>
     <span class='ocr_line' id='line_1_81' title="bbox 1060 2847 1951 2900; baseline 0.017 -14"><span class='ocrx_word' id='word_1_447' title='bbox 1060 2853 1133 2887; x_wconf 87' lang='lat' dir='ltr'><strong>tus</strong></span> <span class='ocrx_word' id='word_1_448' title='bbox 1155 2861 1293 2898; x_wconf 80' lang='lat' dir='ltr'><strong>agere</strong></span> <span class='ocrx_word' id='word_1_449' title='bbox 1313 2847 1809 2896; x_wconf 79' lang='lat' dir='ltr'><strong>sithbenbulzlereien</strong></span> <span class='ocrx_word' id='word_1_450' title='bbox 1832 2860 1951 2900; x_wconf 84' lang='lat' dir='ltr'><strong>trei-</strong></span> 
     </span>
     <span class='ocr_line' id='line_1_82' title="bbox 1058 2903 1949 2959; baseline 0.016 -15"><span class='ocrx_word' id='word_1_451' title='bbox 1058 2905 1167 2953; x_wconf 84' lang='lat' dir='ltr'><strong>ben,</strong></span> <span class='ocrx_word' id='word_1_452' title='bbox 1219 2903 1497 2947; x_wconf 87' lang='lat' dir='ltr'><strong>horrendum</strong></span> <span class='ocrx_word' id='word_1_453' title='bbox 1547 2905 1684 2952; x_wconf 85' lang='lat' dir='ltr'><strong>dictu.</strong></span> <span class='ocrx_word' id='word_1_454' title='bbox 1778 2913 1949 2959; x_wconf 83' lang='lat' dir='ltr'><strong>Verum</strong></span> 
     </span>
     <span class='ocr_line' id='line_1_83' title="bbox 1060 2961 1948 3023; baseline 0.014 -22"><span class='ocrx_word' id='word_1_455' title='bbox 1060 2961 1323 3002; x_wconf 83' lang='lat' dir='ltr'><strong>aemulatus</strong></span> <span class='ocrx_word' id='word_1_456' title='bbox 1372 2969 1436 3002; x_wconf 86' lang='lat' dir='ltr'><strong>est</strong></span> <span class='ocrx_word' id='word_1_457' title='bbox 1486 2963 1770 3023; x_wconf 85' lang='lat' dir='ltr'><strong>participium</strong></span> <span class='ocrx_word' id='word_1_458' title='bbox 1818 2972 1948 3016; x_wconf 84' lang='lat' dir='ltr'><strong>verbi</strong></span> 
     </span>
     <span class='ocr_line' id='line_1_84' title="bbox 1058 3017 1948 3088; baseline 0.016 -30"><span class='ocrx_word' id='word_1_459' title='bbox 1058 3019 1297 3060; x_wconf 85' lang='lat' dir='ltr'><strong>aemulari</strong></span> <span class='ocrx_word' id='word_1_460' title='bbox 1331 3017 1640 3076; x_wconf 83' lang='lat' dir='ltr'><strong>significatque</strong></span> <span class='ocrx_word' id='word_1_461' title='bbox 1684 3039 1813 3075; x_wconf 87' lang='lat' dir='ltr'><strong>eum,</strong></span> <span class='ocrx_word' id='word_1_462' title='bbox 1869 3030 1948 3088; x_wconf 89' lang='lat' dir='ltr'><strong>qui</strong></span> 
     </span>
     <span class='ocr_line' id='line_1_85' title="bbox 1059 3074 1949 3134; baseline 0.013 -17"><span class='ocrx_word' id='word_1_463' title='bbox 1059 3074 1258 3117; x_wconf 85' lang='lat' dir='ltr'><strong>aemulus</strong></span> <span class='ocrx_word' id='word_1_464' title='bbox 1282 3074 1364 3116; x_wconf 79' lang='lat' dir='ltr'><strong>fuit</strong></span> <span class='ocrx_word' id='word_1_465' title='bbox 1385 3107 1398 3126; x_wconf 92' lang='lat'>,</span> <span class='ocrx_word' id='word_1_466' title='bbox 1434 3084 1476 3117; x_wconf 88' lang='lat' dir='ltr'><strong>et</strong></span> <span class='ocrx_word' id='word_1_467' title='bbox 1511 3093 1707 3134; x_wconf 85' lang='lat' dir='ltr'><strong>quocum</strong></span> <span class='ocrx_word' id='word_1_468' title='bbox 1733 3082 1787 3124; x_wconf 88' lang='lat' dir='ltr'><strong>de</strong></span> <span class='ocrx_word' id='word_1_469' title='bbox 1811 3098 1949 3131; x_wconf 83' lang='lat' dir='ltr'><strong>uxore</strong></span> 
     </span>
     <span class='ocr_line' id='line_1_86' title="bbox 1059 3131 1947 3185; baseline 0.012 -11"><span class='ocrx_word' id='word_1_470' title='bbox 1059 3132 1366 3175; x_wconf 82' lang='lat' dir='ltr'><strong>contenderat.</strong></span> <span class='ocrx_word' id='word_1_471' title='bbox 1425 3131 1719 3180; x_wconf 84' lang='lat' dir='ltr'><strong>Germanice:</strong></span> <span class='ocrx_word' id='word_1_472' title='bbox 1753 3144 1849 3182; x_wconf 85' lang='lat' dir='ltr'><strong>und</strong></span> <span class='ocrx_word' id='word_1_473' title='bbox 1863 3145 1947 3185; x_wconf 89' lang='lat' dir='ltr'><strong>da·</strong></span> 
     </span>
     <span class='ocr_line' id='line_1_87' title="bbox 1059 3189 1948 3244; baseline 0.018 -16"><span class='ocrx_word' id='word_1_474' title='bbox 1059 3189 1145 3230; x_wconf 83' lang='lat' dir='ltr'><strong>mit</strong></span> <span class='ocrx_word' id='word_1_475' title='bbox 1160 3193 1246 3230; x_wconf 87' lang='lat' dir='ltr'><strong>der</strong></span> <span class='ocrx_word' id='word_1_476' title='bbox 1261 3190 1482 3243; x_wconf 79' lang='lat' dir='ltr'><strong>bislzerige</strong></span> <span class='ocrx_word' id='word_1_477' title='bbox 1492 3191 1812 3239; x_wconf 79' lang='lat' dir='ltr'><strong>Nebenbuhler</strong></span> <span class='ocrx_word' id='word_1_478' title='bbox 1823 3200 1948 3244; x_wconf 80' lang='lat' dir='ltr'><strong>nicht</strong></span> 
     </span>
     <span class='ocr_line' id='line_1_88' title="bbox 1057 3247 1947 3302; baseline 0.018 -18"><span class='ocrx_word' id='word_1_479' title='bbox 1057 3248 1104 3289; x_wconf 80' lang='lat' dir='ltr'><strong>in</strong></span> <span class='ocrx_word' id='word_1_480' title='bbox 1134 3249 1221 3287; x_wconf 83' lang='lat' dir='ltr'><strong>der</strong></span> <span class='ocrx_word' id='word_1_481' title='bbox 1242 3247 1382 3288; x_wconf 83' lang='lat' dir='ltr'><strong>Stadt</strong></span> <span class='ocrx_word' id='word_1_482' title='bbox 1413 3248 1529 3289; x_wconf 82' lang='lat' dir='ltr'><strong>lebte</strong></span> <span class='ocrx_word' id='word_1_483' title='bbox 1555 3256 1640 3292; x_wconf 88' lang='lat' dir='ltr'><strong>etc.</strong></span> <span class='ocrx_word' id='word_1_484' title='bbox 1707 3251 1779 3295; x_wconf 91' lang='lat' dir='ltr'><strong>De</strong></span> <span class='ocrx_word' id='word_1_485' title='bbox 1846 3257 1947 3302; x_wconf 87' lang='lat' dir='ltr'><strong>arti-</strong></span> 
     </span>
     <span class='ocr_line' id='line_1_89' title="bbox 1060 3302 1947 3367; baseline 0.017 -24"><span class='ocrx_word' id='word_1_486' title='bbox 1060 3302 1180 3360; x_wconf 89' lang='lat' dir='ltr'><strong>cipio</strong></span> <span class='ocrx_word' id='word_1_487' title='bbox 1213 3305 1483 3345; x_wconf 84' lang='lat' dir='ltr'><strong>aemulatus</strong></span> <span class='ocrx_word' id='word_1_488' title='bbox 1515 3304 1574 3347; x_wconf 85' lang='lat' dir='ltr'><strong>cf.</strong></span> <span class='ocrx_word' id='word_1_489' title='bbox 1607 3305 1720 3352; x_wconf 84' lang='lat' dir='ltr'><strong>Hist.</strong></span> <span class='ocrx_word' id='word_1_490' title='bbox 1742 3309 1785 3360; x_wconf 79' lang='lat'><strong>3,</strong></span> <span class='ocrx_word' id='word_1_491' title='bbox 1838 3314 1877 3357; x_wconf 78' lang='lat' dir='ltr'><strong>l.</strong></span> <span class='ocrx_word' id='word_1_492' title='bbox 1906 3315 1947 3367; x_wconf 81' lang='lat'><strong>3,</strong></span> 
     </span>
     <span class='ocr_line' id='line_1_90' title="bbox 1058 3358 1945 3414; baseline 0.018 -16"><span class='ocrx_word' id='word_1_493' title='bbox 1058 3361 1130 3403; x_wconf 85' lang='grc'><strong>66.</strong></span> <span class='ocrx_word' id='word_1_494' title='bbox 1191 3358 1311 3400; x_wconf 86' lang='lat' dir='ltr'><strong>Ann.</strong></span> <span class='ocrx_word' id='word_1_495' title='bbox 1337 3359 1379 3411; x_wconf 71' lang='lat'><strong>2,</strong></span> <span class='ocrx_word' id='word_1_496' title='bbox 1405 3360 1474 3402; x_wconf 87' lang='lat'><strong>56.</strong></span> <span class='ocrx_word' id='word_1_497' title='bbox 1503 3360 1546 3413; x_wconf 82' lang='grc'><strong>3,</strong></span> <span class='ocrx_word' id='word_1_498' title='bbox 1565 3363 1635 3406; x_wconf 75' lang='grc'><strong>30.</strong></span> <span class='ocrx_word' id='word_1_499' title='bbox 1704 3365 1781 3411; x_wconf 88' lang='lat' dir='ltr'><strong>Sic</strong></span> <span class='ocrx_word' id='word_1_500' title='bbox 1813 3370 1945 3414; x_wconf 85' lang='lat' dir='ltr'><strong>etiam</strong></span> 
     </span>
     <span class='ocr_line' id='line_1_91' title="bbox 1059 3416 2005 3482; baseline 0.017 -25"><span class='ocrx_word' id='word_1_501' title='bbox 1059 3418 1163 3460; x_wconf 89' lang='lat' dir='ltr'><strong>insr.</strong></span> <span class='ocrx_word' id='word_1_502' title='bbox 1188 3416 1253 3463; x_wconf 85' lang='lat'><strong>15,</strong></span> <span class='ocrx_word' id='word_1_503' title='bbox 1276 3416 1344 3458; x_wconf 90' lang='grc'><strong>71.</strong></span> <span class='ocrx_word' id='word_1_504' title='bbox 1368 3418 1563 3470; x_wconf 83' lang='lat' dir='ltr'><strong>pellitur</strong></span> <span class='ocrx_word' id='word_1_505' title='bbox 1581 3421 1746 3478; x_wconf 80' lang='lat' dir='ltr'><strong>Rufius</strong></span> <span class='ocrx_word' id='word_1_506' title='bbox 1773 3425 1939 3482; x_wconf 85' lang='lat' dir='ltr'><strong>Crispi-</strong></span> <span class='ocrx_word' id='word_1_507' title='bbox 2003 3463 2005 3465; x_wconf 89' lang='lat'>-</span> 
     </span>
     <span class='ocr_line' id='line_1_92' title="bbox 1058 3476 1945 3534; baseline 0.016 -19"><span class='ocrx_word' id='word_1_508' title='bbox 1058 3488 1147 3516; x_wconf 87' lang='lat' dir='ltr'><strong>nus</strong></span> <span class='ocrx_word' id='word_1_509' title='bbox 1182 3476 1418 3516; x_wconf 86' lang='lat' dir='ltr'><strong>occasione</strong></span> <span class='ocrx_word' id='word_1_510' title='bbox 1454 3479 1799 3534; x_wconf 68' lang='lat' dir='ltr'><strong>comitr-ationis,</strong></span> <span class='ocrx_word' id='word_1_511' title='bbox 1859 3490 1945 3528; x_wconf 84' lang='lat' dir='ltr'><strong>sed</strong></span> 
     </span>
     <span class='ocr_line' id='line_1_93' title="bbox 1059 3531 1945 3594; baseline 0.016 -23"><span class='ocrx_word' id='word_1_512' title='bbox 1059 3532 1241 3574; x_wconf 79' lang='lat' dir='ltr'><strong>Neroni</strong></span> <span class='ocrx_word' id='word_1_513' title='bbox 1271 3531 1470 3582; x_wconf 85' lang='lat' dir='ltr'><strong>invisus,</strong></span> <span class='ocrx_word' id='word_1_514' title='bbox 1519 3539 1643 3590; x_wconf 83' lang='lat' dir='ltr'><strong>quod</strong></span> <span class='ocrx_word' id='word_1_515' title='bbox 1673 3537 1945 3594; x_wconf 80' lang='lat' dir='ltr'><strong>Poppaeam</strong></span> 
     </span>
     <span class='ocr_line' id='line_1_94' title="bbox 1060 3590 1873 3643; baseline 0.014 -14"><span class='ocrx_word' id='word_1_516' title='bbox 1060 3591 1296 3643; x_wconf 80' lang='lat' dir='ltr'><strong>quondum</strong></span> <span class='ocrx_word' id='word_1_517' title='bbox 1321 3590 1511 3633; x_wconf 81' lang='lat' dir='ltr'><strong>matrim</strong></span> <span class='ocrx_word' id='word_1_518' title='bbox 1519 3595 1635 3635; x_wconf 68' lang='lat' dir='ltr'><strong>onio⁰</strong></span> <span class='ocrx_word' id='word_1_519' title='bbox 1645 3601 1856 3640; x_wconf 68' lang='lat' dir='ltr'><strong>tenuerat</strong></span> <span class='ocrx_word' id='word_1_520' title='bbox 1866 3632 1873 3640; x_wconf 87' lang='lat'><strong>.</strong></span> 
     </span>
    </p>
   </div>
   <div class='ocr_carea' id='block_1_23' title="bbox 1273 3648 1408 3707">
    <p class='ocr_par' dir='ltr' id='par_1_25' title="bbox 1273 3648 1408 3707">
     <span class='ocr_line' id='line_1_95' title="bbox 1273 3648 1408 3707; baseline 0.022 -3"><span class='ocrx_word' id='word_1_521' title='bbox 1273 3648 1408 3707; x_wconf 74' lang='lat'><strong>02</strong></span> 
     </span>
    </p>
   </div>
  </div>
 </body>
</html>
