2164 3990
183 168 308 252 296
802 167 808 173 ’
861 184 1409 256 ANNALIUM
1726 194 1958 282 2:22⁸&

183 321 477 381 disseruit.
565 322 920 380 'carnificem
960 331 1018 378 et
1061 321 1338 400 laqueum
1381 325 1611 402 pridem
1666 326 1914 384 abolita:
1983 339 2042 386 et

182 426 329 467 esse.
347 426 568 482 poenas
618 408 846 482 legibus
895 406 1272 479 constitutas,
1337 410 1556 487 quibus
1602 410 1728 468 sine
1772 412 2042 471 iudicum

181 491 422 549 saevitia
467 504 524 550 et
564 504 900 567 temporum
937 491 1184 549 infamia
1234 495 1520 570 supplicia
1567 497 2040 559 decernerentur.

180 577 329 653 quin
354 577 419 633 in
442 578 636 634 insula
663 575 978 651 publicatis
1002 577 1207 646 honiS‚
1249 599 1366 654 quo
1406 579 1643 655 longius
1685 593 1915 639 sontem
1944 583 2042 640 vi·-

179 673 300 719 tam
335 663 631 731 traxisset,
697 681 763 717 eo
801 661 1082 736 privatim
1117 662 1485 721 miseriorem
1521 678 1579 724 et
1613 667 1886 744 publicae
1920 668 2041 727 cle-

179 748 434 805 mentiae
459 747 783 803 maximum
808 747 1143 821 exemplum
1169 749 1458 809 futurum.

188 827 207 850 ⁴
347 843 564 903 XLIX.
624 843 897 901 Libertas
924 840 1222 902 Thraseae
1250 847 1555 904 servitium
1582 850 1836 909 aliorum
1856 853 2039 930 rupit.

176 941 235 987 et
266 942 577 1006 postquam
608 929 1024 986 discessionem
1055 932 1262 988 consul
1283 933 1657 1007 permiserat,
1694 938 1946 1012 pedibus
1971 940 2038 995 in

175 1015 527 1073 sententiam
568 1014 693 1070 eius
728 1014 848 1071 iere
888 1015 1090 1090 paucis
1125 1017 1434 1091 exemptiS,
1478 1019 1544 1075 in
1578 1019 1794 1096 quihus
1830 1025 2039 1080 adula-

174 1101 334 1157 tione
371 1099 848 1175 promptissimus
875 1100 991 1157 fuit
1015 1095 1090 1163 A.
1115 1099 1400 1159 Vitellius
1428 1103 1720 1179 optimum
1747 1126 2039 1184 quemque

173 1185 364 1258 iurgio
394 1186 683 1241 lacessens
715 1196 772 1242 et
805 1187 1189 1261 respondenti
1222 1187 1502 1259 reticem,
1544 1201 1612 1247 ut
1633 1191 1848 1266 pavida
1874 1191 2042 1266 inge-

170 1270 273 1327 nia
326 1270 536 1330 solent.
664 1265 748 1328 At
801 1272 1070 1327 consules
1123 1273 1399 1348 perficere
1447 1275 1748 1332 decretum
1801 1289 2038 1336 senatus

171 1375 297 1412 non
335 1356 464 1412 ausi
498 1357 571 1411 de
608 1375 897 1413 consensu
937 1357 1218 1432 scripsere
1243 1356 1499 1419 Caesari.
1585 1357 1695 1417 Ille
1731 1360 1886 1418 inter
1921 1383 2038 1437 pu—

171 1441 372 1497 dorem
417 1453 474 1498 et
508 1441 659 1496 iram
690 1452 995 1498 cunctatus
1024 1454 1322 1518 postremo
1355 1444 1654 1520 rescripsit
1681 1447 1850 1503 nulla
1873 1447 2037 1506 iniu-

169 1526 259 1582 ria
289 1539 671 1602 provocatum
694 1522 1022 1584 Antistium
1047 1518 1417 1601 gravissimas
1445 1529 1511 1584 in
1533 1529 1864 1606 principem
1893 1548 2037 1589 con-

82 1630 83 1633 *
170 1611 442 1673 tumelias
466 1603 703 1677 dixisse:
751 1632 955 1673 earum
977 1612 1272 1675 ultionem
1293 1634 1327 1670 a
1359 1614 1628 1693 patribus
1659 1617 2036 1696 postulatam,

167 1868 332 1919 turque
375 1877 455 1919 per
488 1858 694 1905 Rhenani
733 1867 915 1911 notam,
976 1877 1063 1922 qua
1139 1862 1296 1914 Gueff,
1319 1865 1655 1910 dissesionems
1684 1861 1764 1909 sed
1786 1877 1811 1907 e
1832 1863 2033 1911 medium

167 1919 204 1963 is
225 1919 390 1963 fatetur
410 1936 457 1962 se
478 1919 723 1963 restituisse
747 1927 930 1963 senata.
1138 1930 1204 1965 est
1225 1922 1272 1965 in
1294 1924 1424 1967 litura
1450 1930 1493 1966 et
1520 1939 1544 1966 a
1565 1937 1653 1965 see.
1677 1937 1740 1964 m.

227 1992 338 2046 quin
361 1991 409 2032 in
433 1991 600 2033 insula.
671 1989 750 2033 Sic
782 2006 829 2031 ex
864 1990 934 2032 ed.
956 1989 1064 2033 Riv.

165 2046 367 2090 Pichena
410 2062 522 2113 sqq..
602 2047 652 2089 In
693 2046 795 2090 MS.
830 2047 952 2090 Flor.
989 2046 1064 2089 Pi·

167 2103 308 2149 cheua
344 2103 516 2147 invemt
552 2105 634 2160 qui
663 2105 709 2146 in
741 2105 916 2147 insula.
987 2103 1063 2145 Vi·

166 2162 335 2205 ctorius
358 2161 536 2205 silentio
557 2160 749 2204 tramisit
768 2161 879 2216 quin
904 2163 954 2204 in
982 2162 1061 2203 in-

163 2221 346 2268 sulam,
432 2234 514 2261 uae
557 2226 622 2261 est
664 2218 888 2274 scriptura
924 2218 1062 2263 MSS.

165 2276 279 2335 Agr.
305 2274 404 2319 Gue
426 2275 470 2319 f..
485 2275 586 2318 edd.
615 2275 719 2318 Put.
742 2275 810 2318 M.
837 2285 879 2319 et
902 2275 960 2319 V.
981 2276 1066 2319 Be-

164 2333 308 2377 roald.
337 2334 434 2376 Alc.
454 2356 514 2364 —-
555 2334 640 2389 qui
659 2334 813 2375 insula
829 2333 932 2377 MS.
949 2333 1066 2376 Bud.

164 2419 224 2429 ..-
245 2389 367 2446 ηυίη
399 2391 561 2432 insula
588 2390 687 2432 edd.
713 2388 856 2434 Rhen.
878 2406 978 2449 sqq.
1005 2410 1068 2438 n,-

166 2450 250 2506 qui
272 2464 331 2491 ne
358 2449 515 2491 insula
539 2447 607 2490 ed.
635 2446 757 2505 Spir.

223 2520 463 2562 traxisset.
539 2516 617 2560 Sic
649 2517 748 2559 edd.
778 2516 882 2559 Put.
914 2515 984 2559 M.
1022 2520 1067 2559 et

166 2577 226 2620 V.
262 2576 472 2620 Beroald.
509 2574 612 2617 Alc.
648 2573 848 2618 Rhenan.
875 2590 974 2631 sqq.
1005 2596 1065 2606 --

166 2635 420 2677 transisset
437 2628 588 2676 MSS.
613 2631 740 2676 Flor.
776 2635 898 2688 (test.
931 2631 1065 2688 Vict.)

167 2691 327 2735 Guelf.
359 2691 428 2734 ed.
456 2689 575 2748 Spir.
899 2710 901 2715 ’
984 2689 989 2693 ”

223 2777 278 2812 eo
323 2762 550 2814 privatim
596 2760 910 2802 miseriorem.
1000 2756 1067 2800 Ex

167 2820 481 2862 emendatione
530 2816 694 2874 Lipsii,
748 2833 885 2875 quam
927 2815 1065 2859 Erne-

166 2876 277 2920 stius
307 2877 495 2933 recepit.
557 2875 673 2918 Edd.
700 2883 808 2918 vett.
837 2889 941 2917 cum
967 2873 1066 2917 MS.

167 2932 320 2977 Guelf.
349 2933 578 2976 miserior.
639 2932 774 2980 MSS,
796 2931 934 2976 Corb.
951 2931 1064 2988 Agr.

164 2992 386 3046 privatus
408 3006 492 3049 pro
510 2991 755 3045 privatim.

225 3059 340 3105 Cn».
368 3061 444 3103 49.
512 3059 773 3103 servitium.

847 3057 925 3102 Sic
958 3057 1063 3101 MS.

170 3117 319 3162 Guelf.
345 3118 448 3160 edd.
477 3125 578 3160 ante
602 3117 874 3160 Rhenanum
905 3130 1064 3158 omnes

156 3177 228 3238 (c.
251 3176 396 3218 silent.
425 3174 560 3230 Vict.)
599 3183 641 3216 et
674 3174 774 3217 edd.
809 3172 934 3215 Pieh.
962 3187 1061 3230 sqq.

167 3257 225 3269 -ψ-
254 3235 495 3275 silentium
528 3248 550 3273 e
586 3232 688 3275 MS.
722 3231 839 3273 Bud.
880 3230 1065 3273 dederat

167 3289 409 3333 Rhenanus
433 3306 530 3347 sqq.
590 3288 667 3332 Sic
693 3289 823 3333 etiam
852 3287 899 3334 in
924 3303 1063 3343 marg.

170 3347 271 3390 MS.
305 3346 437 3389 Bodl.
518 3345 607 3388 Sed
640 3346 889 3391 servitium
922 3359 1066 3403 oppo-

168 3404 291 3454 nitur
324 3404 553 3452 libertati,
612 3412 766 3461 estque
811 3403 934 3460 quasi
974 3402 1066 3445 vin-

170 3461 350 3510 culum,
412 3475 504 3517 quo
565 3460 769 3503 homines
830 3467 1067 3513 tenentur3

169 3526 269 3583 apte
294 3517 430 3576 igitur
451 3516 539 3561 dici
562 3525 711 3575 potest
731 3518 895 3576 rumpi.
953 3516 1065 3563 Mox

1194 1994 1373 2034 consul.
1442 1991 1547 2034 MS.
1576 1990 1699 2036 Flor.
1740 1991 1860 2046 (test.
1887 1990 2032 2046 Vici.)

1170 2064 1218 2091 er
1239 2065 1341 2092 com
1378 2049 1560 2091 endium
1587 2062 1679 2091 cos·
1735 2047 1855 2092 Hinc
1881 2048 1954 2101 fit,
1984 2058 2033 2093 ut

1135 2063 1241 2148 libri
1265 2065 1443 2164 quigam
1466 2105 1760 2149 hariolentur.
1821 2105 1934 2149 Nam
1962 2107 2033 2154 ed.

1135 2163 1255 2231 Spir.
1279 2163 1482 2206 consulis
1492 2181 1507 2215 ‚·
1547 2160 1650 2205 MS.
1678 2160 1835 2206 Guelf.
1863 2178 2035 2207 consu-

1135 2223 1258 2263 libus
1289 2236 1382 2263 non
1414 2219 1513 2264 sine
1546 2219 1848 2265 correctione.
1906 2220 2032 2269 Bene

1137 2276 1415 2322 Puteolanus
1436 2293 1536 2336 sqq.
1561 2278 1738 2321 consul.

1196 2348 1447 2403 exemptis.
1504 2345 1610 2391 MS.
1631 2345 1758 2394 Flor.
1780 2355 1879 2397 test.
1903 2347 2031 2394 Pich.

1136 2406 1344 2463 exeplis,
1395 2403 1519 2462 quod
1554 2403 1750 2448 Pichena
1788 2404 2034 2464 accipiebat

1137 2480 1222 2522 pro
1246 2463 1467 2518 exceptis.
1520 2461 1609 2505 Sed
1630 2460 1796 2504 lineola
1815 2460 1878 2514 tbi
1899 2464 2033 2509 omis·

1137 2537 1185 2563 sa
1217 2528 1284 2564 est
1315 2535 1450 2577 super
1482 2518 1623 2562 altero
1655 2533 1705 2570 e,-
1743 2535 1847 2563 nam
1881 2528 1926 2562 et
1959 2521 2031 2566 ed.

1137 2577 1257 2635 Spir.
1283 2586 1326 2621 et
1347 2576 1449 2625 MS.
1466 2576 1582 2620 Bud.
1607 2576 1813 2625 scribunt
1834 2578 2033 2633 exiph‘s.

1138 2635 1371 2679 Victorius
1411 2634 1634 2691 sapienter
1671 2633 1885 2679 intactam
1930 2636 2031 2682 reli·

1139 2692 1236 2750 quit
1257 2691 1484 2749 vulgatam
1512 2690 1794 2750 scripturam.

1194 2777 1436 2820 lacessens.
1507 2773 1609 2817 MS.
1642 2771 1770 2816 Flor.
1807 2775 1856 2829 (t,
1892 2775 2030 2832 Vict.)

1139 2841 1182 2876 et
1213 2833 1282 2875 ed.
1308 2830 1429 2889 Spir.
1462 2831 1722 2883 lacescens,
1763 2838 1812 2874 ut
1835 2831 1901 2876 illi
1925 2833 2031 2884 libri

1137 2889 1300 2933 solent.
1375 2887 1475 2930 MS.
1508 2886 1662 2931 Guelf.
1708 2896 1753 2932 et
1783 2888 1926 2939 Aldus
1957 2891 2031 2941 hio

1137 2946 1393 2991 maluerunt
1414 2943 1663 3004 vulgatum.

1194 3033 1431 3073 decretum
1453 3035 1662 3071 senatus.
1706 3029 1782 3074 Sic
1793 3029 1896 3077 MS.
1908 3030 2030 3083 Flor.

1136 3088 1339 3154 (tu-vict.)
1362 3094 1405 3129 et
1426 3086 1497 3129 ed.
1513 3085 1634 3143 spir.
1680 3086 1835 3136 Recte.
1878 3087 2028 3155 Vulgo

1137 3146 1282 3189 editur
1303 3150 1500 3187 senatus
1522 3148 1782 3194 decretum,
1813 3152 1864 3196 ut
1888 3153 1954 3189 est
1978 3161 2027 3194 m

1135 3203 1240 3246 MS.
1267 3200 1420 3244 Guelf.
1443 3200 1544 3243 edd.
1570 3200 1674 3244 Put.
1701 3217 1801 3267 sqq.

1192 3302 1224 3329 a
1241 3286 1470 3340 patribus,
1530 3283 1610 3328 Ed.
1636 3284 1843 3329 Beroald.
1870 3281 2026 3335 vitiose

1138 3359 1171 3385 a
1190 3344 1431 3398 partibus,
1469 3342 1592 3400 quod
1614 3341 1842 3386 Victorius
1875 3357 1900 3384 e
1920 3342 2024 3389 MS.

1137 3399 1266 3444 Flor.
1299 3400 1493 3443 correxit
1523 3415 1555 3443 a
1579 3399 1816 3455 patribus,
1858 3400 1924 3444 uti
1960 3409 2026 3444 est

1135 3457 1185 3500 in
1209 3457 1312 3501 MS.
1337 3456 1491 3509 Guelf,
1524 3455 1628 3506 edd.
1653 3455 1771 3514 Spir,
1793 3456 1895 3509 Put.
1922 3456 2027 3508 Ale.

1137 3513 1284 3563 Bhen.
1305 3530 1403 3574 sqq·
