2164 3990
211 190 258 225 Α·
279 190 330 225 ¹5·
351 191 434 222 ⁸¹³·
576 191 628 248 A
643 193 698 249 N
713 192 766 248 N
782 188 941 250 ALI
962 193 1010 251 U
1029 191 1104 249 Μ.
1159 192 1246 251 LI
1262 191 1330 252 Β.
1364 193 1449 249 XI
1463 196 1524 253 V.
1848 198 1972 255 229

208 235 258 269 Δ.
282 234 329 268 C.
373 232 436 268 60.

283 321 356 365 40.
385 317 457 362 41.
520 316 596 360 Ob
621 315 783 360 falsum
809 321 1127 360 testamentum
1152 315 1372 365 damnati.
1434 317 1505 360 42.
1539 317 1764 362 Pedanius
1787 321 1963 364 Secun-

121 378 204 421 dus
223 376 347 421 urbis
370 373 618 433 praefectus
640 391 663 417 a
685 373 820 418 servis
841 388 1013 416 caesus.
1070 373 1142 417 43.
1163 373 1235 416 44.
1271 373 1320 416 In
1350 390 1424 416 eos
1450 374 1544 432 lege
1574 375 1642 433 agi
1666 376 1758 419 vult
1783 377 1834 422 C.
1851 377 1958 423 Cas-

119 435 210 479 sius
234 443 278 478 et
309 433 382 476 45.
417 440 576 476 contra
595 431 786 474 aliorum
812 432 1072 473 sententiam
1098 431 1285 474 obtinet.
1345 429 1572 489 Populum
1599 433 1820 492 supplicio
1845 436 1960 478 reni-

117 500 284 537 tentem
316 489 435 533 Nero
469 490 687 546 increpat.
743 489 814 530 46.
859 487 1118 545 Tarquitius
1148 488 1328 532 Priscus
1363 489 1616 533 damnatus.
1679 492 1849 535 Census
1879 508 1963 550 per
1999 502 2002 503 ⁷

118 547 281 593 Gallias
301 557 441 591 actus.
502 544 572 589 47.
606 545 736 588 Mors
761 554 803 588 et
825 546 919 588 laus
941 545 1144 588 Memmii
1170 545 1345 601 Reguli.
1404 547 1474 589 48.
1504 547 1726 591 Antistius
1761 549 1960 592 maiesta-

116 607 171 650 tis
205 605 400 656 delatus,
456 604 530 646 49.
565 620 588 647 a
610 603 806 646 Thrasea
840 602 1063 645 defensus.
1124 603 1195 647 50.
1228 604 1457 648 Fabricius
1492 604 1515 642 'N
1532 605 1681 647 eiento
1713 604 1964 649 calumniae

115 680 219 708 reus
244 661 371 705 Italia
426 661 595 703 etlinun

285 718 354 762 51.
439 717 531 760 urri
556 733 705 765 mors,
747 715 866 766 laus,
907 733 1187 760 successores
1209 716 1354 761 Rufus
1376 727 1417 762 et
1438 717 1696 776 Tigellinus.
1761 721 1962 765 52-54.

40 768 42 773 ,
115 775 466 821 criminationes
490 775 712 818 discutere
734 784 859 832 parat
882 775 1050 818 Seneca
1074 776 1191 832 apud
1219 776 1453 819 Caesarem
1479 784 1520 819 ct
1544 786 1846 822 commeatum
1875 796 1960 837 pe·-

117 835 196 884 tit,
268 835 311 875 ui
344 834 416 876 55.
446 833 516 875 56.
548 833 735 875 subdole
772 833 1031 891 respondet.
1090 833 1295 875 57—59.
1329 833 1498 876 Rufum
1533 835 1759 878 imminuit
1783 835 1960 893 Tigelli-

116 908 223 944 nus,
295 893 414 934 lauto
441 899 484 932 et
508 889 659 934 Sullae
684 889 933 947 periculum
961 889 1117 941 struit,
1146 906 1221 933 eos
1241 891 1470 947 opprimit.
1844 883 1854 893 ⁸

284 950 355 992 60.
396 948 519 991 Nero
553 948 682 990 ducta
711 947 916 1004 Poppaea
943 945 1181 990 Octaviam
1213 949 1437 991 amolitur.
1495 957 1592 992 tum
1628 948 1744 993 hanc
1777 961 1962 998 revocat

115 1008 186 1051 61.
211 1008 399 1051 laetante
423 1005 606 1063 populo.
658 1004 892 1063 Poppaeae
916 1021 1018 1046 mox
1041 1005 1183 1060 honos
1208 1005 1445 1061 repositus.
1483 1007 1577 1049 eius
1599 1007 1704 1051 doli.
1756 1010 1960 1053 62-64.

115 1063 295 1110 Aniceti
326 1064 493 1106 scelere
520 1062 710 1105 Octavia
744 1063 790 1103 in
821 1062 1018 1104 exsilium
1049 1061 1173 1118 pulsa
1206 1071 1393 1104 necatur
1419 1063 1463 1104 in
1491 1063 1768 1111 Pandateria.
1827 1067 1961 1111 Tem-

147 1138 278 1165 orum
310 1119 562 1164 infelicitas.
622 1119 693 1177 65.
729 1119 928 1162 Libertus
959 1118 1278 1176 Doryphorum
1306 1129 1348 1161 et
1375 1119 1623 1164 Pallantem
1649 1139 1821 1168 veneno
1845 1125 1960 1169 tollit

111 1138 249 1224 Rem.
309 1179 478 1226 Seneca
497 1178 738 1221 incusatur.
803 1175 907 1218 Piso
930 1175 1101 1218 Neroni
1125 1175 1375 1219 insidiatur.
1435 1175 1567 1221 Gesta
1597 1179 1702 1224 haec
1723 1183 1851 1226 aunis
1874 1182 1959 1227 cir-

113 1236 227 1281 citer
249 1234 460 1295 q'uattuor

287 1305 327 1336 C.
368 1303 687 1334 VIPSTANO.
739 1302 781 1333 C·
832 1301 1100 1332 FONTEIO
1147 1301 1493 1343 CAPITONE,

283 1362 406 1393 ῙΜΡ.
437 1360 674 1391 NERONE
722 1361 797 1391 ιν.
840 1359 1023 1390 cosso
1074 1358 1385 1390 nonnemo
1426 1364 1732 1405 Laurum),

285 1419 327 1451 c.
371 1418 667 1449 CAESONIO
715 1417 925 1448 PAETO.
966 1416 1003 1446 c.
1052 1417 1364 1448 PETRONIO
1409 1421 1815 1464 TURPltlANO,

279 1477 324 1507 Ρ.
358 1475 555 1506 mAluo
598 1475 798 1507 CELSO.
842 1477 882 1505 1..
915 1474 1131 1524 *ASINIO
1177 1474 1368 1506 GALLO
1415 1477 1567 1509 coss.

282 1705 329 1766 I.
375 1673 537 1763 Caio
553 1702 841 1780 Vipstano
857 1751 872 1774 ‚
895 1702 1143 1761 Fonteio
1174 1724 1317 1764 coss,
1343 1705 1447 1762 diu
1469 1706 1816 1765 meditatum
1843 1728 1967 1765 sce-

114 1796 206 1850 lus
225 1813 350 1849 non
371 1794 527 1851 ultra
540 1789 699 1847 Nero
726 1789 956 1847 distulit
979 1801 1263 1847 vetustate
1287 1791 1522 1866 imperii
1546 1793 1755 1850 coalita
1781 1795 1966 1863 auda—

111 1879 200 1935 cia
223 1889 280 1934 et
298 1877 640 1952 flagrantior
661 1876 726 1930 in
748 1876 872 1931 dies
896 1895 1092 1930 amore
1106 1874 1430 1950 Poppaeae,
1456 1897 1604 1952 quae
1629 1878 1747 1934 sibi
1761 1879 1969 1935 matri-

109 1963 382 2023 monium
408 1975 463 2020 et
490 1961 805 2017 discidium
831 1956 1113 2016 Octaviae
1141 1958 1428 2016 incolumi
1450 1957 1782 2037 Agrippina
1805 1959 1964 2020 haud

102 2069 349 2127 sperans
375 2047 596 2105 crebris
624 2044 1168 2115 criminationihUS‚
1222 2045 1546 2122 aliquando
1588 2069 1695 2123 per
1730 2038 1967 2108 facetias

615 2249 1468 2296 COMMENTARIUS.
1567 2238 1570 2242 ’

161 2361 273 2406 CAP.
307 2363 352 2406 1..
411 2359 524 2402 Caio
561 2359 803 2414 Vipstatm.
862 2357 999 2400 MSS.
1073 2365 1264 2400 veterem
1306 2355 1505 2399 formam
1539 2358 1782 2402 retinuere.
1851 2358 1965 2402 Nam

106 2421 231 2465 Flor.
257 2421 362 2475 (sec.
388 2417 493 2462 coll.
518 2417 549 2459 Ι.
567 2415 799 2467 Gronov.)
823 2413 997 2457 Vaticc.
1071 2414 1254 2459 ablativi
1279 2415 1453 2456 coalita
1476 2416 1680 2457 audacia
1703 2432 1843 2474 aeque
1868 2433 1964 2476 per·

107 2477 229 2523 1863.
259 2477 383 2519 1864.
413 2485 455 2518 et
478 2474 601 2517 1958.
627 2471 749 2514 Harl.
764 2471 894 2514 Bodl.
914 2471 996 2513 les.
1069 2473 1213 2514 tinent
1240 2471 1292 2514 ad
1316 2471 1541 2514 Neronem
1578 2480 1619 2514 et
1646 2482 1748 2516 sunt
1771 2490 1852 2530 pro
1877 2475 1965 2531 epi·

106 2532 397 2580 BudAEuelf.
433 2532 533 2574 edd.
566 2531 683 2588 Spir.
716 2529 818 2571 Put.
855 2529 921 2571 M.
956 2537 997 2571 et
1068 2529 1187 2571 theto
1213 2528 1429 2579 Neronis,
1460 2523 1823 2584 utflagrantior.
1882 2531 1966 2575 Ta-

105 2594 162 2637 V.
185 2590 394 2636 Beroald.
430 2590 486 2644 (c.
516 2587 691 2631 silentio
718 2584 856 2642 Viet.)
895 2586 994 2628 Alc.
1070 2586 1184 2629 citus
1218 2594 1366 2628 autem
1406 2602 1533 2628 more
1570 2586 1852 2632 Graecorum
1886 2603 1966 2649 per

103 2651 244 2695 Rhen.
261 2647 365 2692 Ald.
387 2647 497 2689 Caio
515 2647 737 2699 Vipsano.
769 2668 824 2677 -
884 2642 998 2686 Edd.
1072 2642 1414 2686 coniunctiones
1432 2644 1562 2685 etiam
1581 2644 1806 2688 dissimilia
1828 2663 1966 2689 mem-

106 2709 224 2768 Lips.
253 2721 351 2765 sqq.
390 2704 438 2746 C.
475 2704 718 2757 Vipsania.
781 2723 825 2733 ·-
893 2700 998 2743 MS.
1071 2701 1150 2743 bra
1183 2699 1432 2754 coniungit.
1494 2700 1549 2743 cf.
1576 2702 1643 2756 15,
1674 2703 1737 2745 12.
1768 2702 1858 2746 Ille
1890 2706 1963 2746 in-

90 2768 215 2825 'Agn
253 2764 365 2806 Gaio
399 2761 708 2816 Vespasiano.
778 2758 866 2802 Sed
913 2757 1000 2800 viri
1073 2759 1262 2799 territus
1301 2765 1346 2798 et
1382 2765 1522 2811 parte
1562 2760 1804 2812 copiarum
1840 2765 1967 2815 opud

20 2847 33 2855 -
103 2823 224 2867 docti
249 2823 332 2877 (10.
358 2820 418 2862 Fr
459 2817 720 2862 Gronovius
741 2825 783 2860 et
805 2814 1002 2874 Ryclzius
1075 2815 1264 2871 Syriam
1286 2816 1464 2856 relicta.
1529 2814 1641 2858 Hist.
1663 2817 1705 2866 2,
1723 2817 1795 2860 82.
1831 2832 1963 2874 egref

138 2887 350 2924 raeeunte
381 2877 569 2932 Ursino)
605 2892 654 2917 ex
687 2873 1000 2932 inscriptioni·
1070 2874 1147 2926 gie
1202 2871 1375 2925 firmus
1421 2875 1654 2916 adversus
1701 2875 1962 2918 militarem

107 2898 191 2982 tus
223 2937 417 2979 docuere
452 2933 740 2976 scribendum
765 2947 858 2974 esse
884 2932 998 2985 Vip-
1071 2929 1370 2983 largitionem
1416 2944 1556 2985 enque
1599 2933 1809 2974 exercitu
1859 2947 1959 2981 ηιε-

106 3003 246 3039 scano
287 2990 365 3047 (cf.
402 2999 498 3034 not.
533 2990 585 3033 ad
625 2991 691 3041 11,
724 2988 817 3043 23.)
860 2987 999 3045 idque
1068 2989 1198 3030 liore.
1259 2986 1349 3028 An.
1373 2988 1413 3038 4,
1429 2988 1497 3028 50.
1530 2992 1695 3032 munia
1715 2998 1975 3033 servarent·

103 3051 280 3095 edidere
295 3046 815 3107 Ryckius,I.Gronovius
831 3062 1000 3104 sqq.-
1069 3044 1261 3086 immoti
1308 3046 1497 3099 telt'sque
1541 3060 1633 3086 non
1685 3047 1735 3087 in
1775 3048 1961 3103 salsum

103 3111 139 3152 l.
155 3109 229 3151 Fr.
247 3107 510 3150 Gronovius
527 3105 700 3148 volebat
723 3105 855 3147 etiam
871 3103 998 3147 Caiis
1067 3103 1212 3144 iactis.
1274 3101 1375 3143 Vid.
1399 3109 1491 3144 not.
1515 3101 1570 3143 ad
1595 3102 1708 3147 Hist.
1735 3105 1772 3155 1,
1794 3104 1865 3148 85.

108 3183 188 3225 pro
212 3166 336 3208 Caio.
1124 3159 1380 3201 descidium.
1440 3158 1514 3202 Sic
1538 3159 1672 3203 MSS.
1697 3161 1820 3204 Flor.
1850 3163 1957 3216 (sec.

163 3231 208 3265 et
241 3221 539 3277 flagrantior.
617 3217 849 3261 Ernestius
891 3232 994 3260 cum
1067 3217 1172 3260 coll.
1206 3217 1239 3259 l.
1266 3214 1495 3272 Gronov.)
1530 3216 1644 3260 Bud.
1668 3218 1778 3275 Agr.
1804 3217 1956 3262 Guelf.

107 3280 307 3324 Acidalio
334 3276 430 3323 vult
456 3276 785 3332 flagrantiore,
827 3275 928 3332 quia
954 3282 998 3316 et
1068 3274 1298 3331 edd.Spir.
1315 3272 1353 3313 R
1374 3272 1454 3316 ‘clm
1475 3289 1571 3331 sqq.
1602 3300 1657 3308 —
1713 3277 1958 3320 dissidium

109 3336 338 3395 coniungit
370 3334 480 3378 haec
511 3349 616 3376 cum
648 3334 815 3375 coalita
838 3335 996 3374 auda·
1069 3331 1166 3374 edd.
1192 3331 1293 3374 Put.
1324 3290 1390 3372 Ni.
1415 3338 1456 3371 et
1478 3330 1534 3373 V.
1562 3331 1766 3375 Beroald·
1802 3334 1860 3390 (c.
1890 3333 1955 3378 si-

108 3394 206 3444 cia,
261 3409 353 3436 non
409 3406 513 3434 cum
558 3389 742 3432 nomine
782 3389 992 3432 Neronis.
1071 3388 1206 3431 lentio
1233 3387 1372 3442 Vict.)
1399 3387 1496 3430 Alc.
1521 3388 1663 3432 Rhen.
1692 3396 1789 3449 sqq.
1813 3407 1956 3450 usque

107 3449 296 3494 Ernestii
323 3448 582 3508 opinionem
604 3447 705 3504 Rip.
729 3446 868 3490 secuti
891 3455 994 3489 sunt
1065 3447 1119 3487 ad
1136 3443 1383 3502 Ryckium,
1414 3445 1580 3502 vulgari
1602 3445 1723 3492 vitio.
1785 3447 1843 3492 c's.
1862 3457 1955 3492 not.

108 3506 152 3549 in
177 3505 383 3549 editione.
443 3504 688 3549 Oberlinus
708 3519 806 3562 sqq.
829 3504 993 3547 rectius
1063 3502 1118 3545 ad
1144 3503 1183 3554 2,
1204 3502 1274 3544 86.
1312 3502 1444 3554 122.
1472 3511 1514 3546 et
1537 3501 1660 3548 alibi.
