2164 3990
1128 43 1146 67 ·.
1226 18 1304 66 τῃ·
1341 50 1361 69 ‚
1389 20 1399 28 ·

212 230 341 292 242
868 227 1396 305 ANNALIUM
1440 314 1443 317 ,
1691 247 1697 270 ⁴
1763 225 1988 316 tzffiss:

215 357 314 417 Ad
354 379 481 416 eam
514 379 719 417 vocem
743 359 902 418 Nero
938 361 1043 416 illo
1077 359 1194 416 sibi
1227 360 1324 417 die
1357 360 1488 419 dari
1521 360 1840 436 imperium
1871 373 2075 421 aucto-

218 465 457 522 remque
485 446 635 502 tanti
659 445 922 502 muneris
950 446 1233 505 libertum
1262 447 1590 521 profitetur.
1676 446 1789 508 iret
1822 467 2074 523 propere

217 526 568 607 duceretque
592 526 1062 606 promptissimos
1088 531 1163 614 ad
1190 531 1362 590 iussa.
1448 529 1579 606 Ipse
1614 531 1815 588 audito
1841 533 2074 590 venisse

215 616 402 672 missu
423 611 786 691 Agrippinae
822 616 1102 673 nuntium
1128 611 1456 688 Agerinum
1494 630 1727 674 scenam
1763 618 1921 674 ultro
1956 618 2074 674 cri·-

215 701 615 776 minis'parat,
654 700 1064 776 gladiumque,
1108 703 1251 757 dum
1277 703 1552 758 mandata
1581 703 1828 776 perfert,
1871 702 2075 762 abiicit

218 787 372 844 inter
396 787 575 861 pedes
602 786 743 843 eius,
830 795 958 842 tum
983 787 1152 862 quasi
1175 783 1538 862 deprehenso
1566 788 1760 844 vincla
1787 787 1954 844 iniici
1978 787 2074 844 iu-

216 873 345 940 bet,
386 882 454 929 ut
478 870 720 926 exitium
744 869 1033 946 principis
1057 871 1326 928 molitam
1346 883 1597 934 matrem
1627 883 1682 929 et
1710 875 1938 948 pudore
1969 873 2073 931 de-
2119 864 2130 879 ’

216 953 492 1034 prehensi
516 954 746 1011 sceleris
774 970 981 1031 sponte
1010 968 1263 1014 mortem
1293 957 1608 1031 sumpsisse
1634 959 2009 1032 confingeret.

385 1037 555 1099 VIII.
618 1038 865 1097 Interim
907 1042 1144 1115 vulgato
1181 1037 1546 1118 Agrippinae
1593 1043 1854 1121 periculo
1904 1042 2073 1119 quasi

158 1161 162 1173 ι
216 1128 353 1183 casu
385 1125 701 1194 evenisset,
743 1137 812 1183 ut
836 1127 1081 1204 quisque
1109 1140 1438 1202 acceperat,
1482 1128 1791 1184 decurrere
1817 1130 1891 1185 ad
1913 1129 2073 1188 litus-

217 1208 283 1268 hi
308 1210 561 1266 molium
585 1212 880 1282 obiectUS,
922 1208 987 1268 hi
1013 1213 1306 1288 proximas
1331 1207 1575 1290 scaphas
1601 1214 1908 1271 scandere:
1953 1213 2075 1283 alii,

216 1306 502 1373 quantum
541 1316 753 1372 corpus
785 1298 1044 1367 sinebat,
1085 1299 1298 1355 vadere
1335 1298 1406 1363 in⁴
1433 1319 1624 1367 mare,
1669 1298 1912 1374 quidam
1945 1319 2073 1354 ma-

215 1401 328 1438 nus
354 1383 730 1456 protendere:
776 1383 1109 1460 questibus,
1151 1385 1334 1454 votis,
1377 1385 1633 1440 clamore
1658 1384 1885 1440 diversa
1912 1382 2077 1456 rogi-

213 1467 467 1523 tantium
495 1477 595 1522 aut
617 1467 840 1524 incerta
868 1469 1356 1544 respondentium
1392 1469 1587 1525 omnis
1624 1488 1726 1525 ora
1763 1468 2071 1551 compleri:

214 1551 476 1611 adfluere
499 1552 705 1625 ingens
729 1553 1051 1610 multitudo
1080 1574 1211 1610 cum
1238 1554 1566 1611 luminibus
1597 1567 1802 1630 atque,
1835 1554 1943 1611 ubi
1976 1553 2074 1610 in—

214 1637 507 1694 columem
534 1658 655 1693 esse
685 1639 1019 1713 pernotuit,
1061 1650 1130 1695 ut
1152 1639 1224 1695 ad
1252 1641 1604 1713 gratandum
1633 1659 1755 1705 sese
1784 1638 2074 1713 expedire,

214 1719 402 1779 donec
428 1734 665 1798 aspectu
692 1725 904 1781 armati
930 1737 988 1782 et
1010 1725 1341 1782 minitantis
1375 1724 1625 1799 agminis
1657 1723 1888 1782 disiecti
1918 1733 2075 1783 sunt.

269 1900 333 1939 ad
351 1913 465 1940 cam
488 1913 665 1941 vocem.
725 1895 801 1943 Sic
823 1898 960 1943 MSS.
986 1900 1115 1944 Flor.¹
1180 1901 1359 1957 vincla,
1416 1900 1536 1959 quod
1579 1908 1646 1945 est
1692 1899 1741 1943 in
1779 1898 1919 1944 MSS.
1964 1897 2074 1957 Reg-

211 1956 327 2012 (test.
345 1954 462 1998 Vici.
492 1972 531 1998 c.
551 1956 692 2012 Pieh.)
714 1956 822 2015 Reg.
839 1956 978 2000 Corb.
995 1959 1109 2002 Bud.
1182 1959 1333 2003 Gueif.

213 2013 322 2070 Agr.
344 2011 447 2056 edd.
469 2011 586 2070 Spir.
611 2014 694 2080 iac.
711 2013 918 2058 Gronov.
932 2014 1108 2081 Ernest.
1238 2018 1454 2059 exitium.
1515 2015 1618 2058 MS.
1644 2013 1768 2060 Flor.
1796 2020 1911 2067 (test.
1931 2012 2073 2070 vict.)

213 2073 746 2171 a5131.-12.55.1fi‘2‘153.
771 2073 1107 2174 sszssf'ssfflffzffz
1180 2071 1928 2174 “¹3332‘2‘2522'232m052331213?
1952 2069 2073 2186 ¹323:

213 2183 422 2227 Beroald.
445 2183 548 2228 Alc.
573 2184 716 2227 Rhen.
741 2202 839 2243 sqq.
1177 2188 1268 2231 sius
1302 2190 1355 2231 de
1388 2189 1454 2233 his
1490 2188 1687 2231 molibus
1717 2189 1772 2231 ad
1796 2188 1923 2231 Baias
1956 2201 2072 2230 con-

268 2241 350 2283 illo
391 2241 485 2300 sibi
515 2243 605 2285 die.
688 2242 750 2284 Ex
792 2245 1106 2289 emendatione
1177 2246 1283 2289 ferri
1318 2247 1438 2290 iubet
1470 2246 1724 2290 cassiodor.
1757 2244 1932 2289 variar.
1962 2244 2004 2294 9,
2026 2243 2074 2286 6.

209 2298 457 2353 Rhenani,-
524 2315 625 2342 uam
661 2317 809 2343 veram
841 2319 935 2345 esse
967 2318 1104 2345 nenio
1175 2302 1388 2357 Strab.5,
1417 2304 1572 2363 p.245.
1631 2303 1715 2345 Vir
1748 2337 1758 2346 .
1778 2304 1891 2347 Aen.
1914 2302 2073 2355 9,710.

210 2371 419 2457 tsinqualrp,
439 2355 702 2456 tduMitabtitis
742 2356 841 2458 IINJS.
869 2359 1108 2471 I}gg.(edd.
1180 2363 1350 2461 (lix-itisfin.
1377 2363 1527 2462 εμὸὶᾶ
1540 2361 1612 2460 gg.
1635 2419 1655 2460 1
1675 2359 1926 2462 (ἐ46τ1ἰῐιυε
1948 2358 2072 2404 addi-

277 2430 329 2456 η’.
407 2431 433 2456 u
457 2446 468 2457 .
560 2446 572 2457 .
598 2429 620 2456 e
708 2447 717 2456 .
785 2433 889 2459 eroa
941 2447 953 2459 .
1006 2434 1106 2459 cum
1212 2435 1222 2460 1
1311 2428 1424 2462 orat.
1535 2452 1545 2461 .
1601 2453 1610 2467 ‚
1661 2450 1673 2467 ‚
1754 2451 1765 2463 .

210 2473 245 2515 si
271 2469 393 2514 entio
429 2471 569 2527 Viet.)
606 2471 704 2515 Alc.
752 2475 858 2516 illos
895 2475 1110 2526 ιἠυἱάίαε,
1241 2479 1376 2520 votis.
1436 2476 1556 2520 Edd.
1581 2475 1698 2534 Spir.
1722 2477 1826 2520 Put.
1854 2476 1924 2519 M.
1949 2483 1991 2518 et
2013 2473 2070 2519 V.

209 2529 334 2586 quod
363 2527 526 2573 vilium
561 2538 712 2572 ortum
748 2540 815 2574 est
852 2547 900 2574 ex
934 2548 1108 2589 permu-
1177 2533 1282 2579 Ber.
1318 2534 1375 2589 (e.
1400 2535 1543 2579 silent.
1570 2535 1706 2590 vict.)
1732 2534 1838 2578 Alc.
1867 2541 1912 2576 et
1934 2533 2070 2577 MSS.

211 2584 379 2628 tatione
403 2586 653 2629 litterarum
678 2600 704 2626 υ
725 2595 767 2630 et
790 2591 832 2642 b,
860 2589 912 2631 de
935 2605 1021 2647 qua
1045 2590 1106 2632 di·
1180 2591 1311 2635 Bodl.
1361 2594 1439 2636 les.
1479 2591 1598 2635 Bud.
1638 2589 1788 2635 Guelf.
1835 2593 1974 2635 vocis.
2014 2614 2072 2624 —

209 2643 352 2685 ximus
378 2644 432 2687 ad
463 2646 528 2692 11,
546 2644 584 2686 5.
607 2653 649 2686 et
673 2643 798 2689 alibi.
839 2645 967 2690 MSS.
984 2646 1104 2691 Harl.
1179 2650 1314 2692 MSS.
1340 2649 1460 2692 Harl.
1481 2649 1617 2692 Corb.
1643 2651 1840 2692 vocibus.
1900 2649 2068 2692 Emen-

209 2699 343 2743 Bodl.
373 2700 752 2744 les.Guelf.13ud.
778 2704 887 2746 illos
905 2705 1110 2755 inbrcvi
1179 2706 1300 2750 davit
1322 2707 1561 2749 Rhenanus
1593 2707 1639 2748 in
1671 2707 1806 2749 votis.
1866 2706 1986 2750 Nihil
2021 2707 2068 2749 in

209 2760 294 2800 die.
356 2758 491 2801 MSS.
507 2757 646 2801 Corb.
673 2767 714 2801 et
740 2761 785 2801 in
813 2778 955 2820 marg.
979 2760 1104 2805 Harl.
1177 2772 1279 2806 vett.
1302 2764 1435 2807 MSS.
1457 2763 1736 2820 frequenfius
1761 2771 1824 2806 est
1846 2780 1978 2822 quam
2000 2764 2071 2808 lit·

209 2816 300 2858 illis
322 2816 545 2859 invidiae.
607 2816 677 2858 De
700 2816 798 2860 MS.
813 2820 919 2875 Agr.
943 2827 1102 2863 tacent.
1174 2829 1370 2863 terarum
1396 2829 1415 2863 t
1435 2829 1477 2862 et
1498 2837 1519 2863 c
1541 2822 1808 2878 permutatio
1829 2825 1887 2866 ob
1909 2823 2070 2867 utrius-

209 2872 438 2915 Nandetus
463 2881 611 2915 tamen
638 2873 806 2917 Heiusii
830 2884 937 2919 nota
959 2877 1013 2920 ad
1042 2876 1104 2918 lo·
1174 2893 1260 2935 que
1287 2878 1642 2922 similitudinem.

209 2944 342 2973 cum:
391 2933 458 2973 ad
489 2945 597 2972 eam
633 2947 790 2973 vocem
827 2934 990 2992 scripta
1029 2933 1103 2976 de·
1230 2935 1558 2991 rogitantium.
1644 2935 1719 2979 Sic
1758 2935 1894 2980 MSS.
1932 2934 2067 2981 ‘Flora

209 2995 365 3046 ceptus
397 2987 621 3045 prodidit,
662 2990 707 3031 in
741 2989 844 3034 cod.
866 2991 976 3047 Agr.
1011 3007 1102 3034 esse
1176 2994 1293 3041 (test.
1321 2992 1440 3035 Vici.
1468 3009 1508 3036 c.
1537 2993 1680 3047 Pich.)
1707 2994 1823 3037 Bud.
1849 2994 1999 3038 Guelf.
2027 3003 2070 3039 et

209 3045 306 3088 illo.
1175 3048 1370 3094 Brolerii
1410 3051 1546 3094 MSS.
1591 3053 1691 3094 edd.
1726 3051 1845 3110 Spir.
1880 3052 2065 3097 Pieben.

242 3121 616 3171 .auctoremqu3‚
690 3116 791 3159 MS,
826 3114 978 3159 Guelf,
1016 3133 1103 3158 (m,
1177 3122 1271 3172 sqq.
1371 3108 1492 3150 Idem
1551 3109 1757 3153 voluerat
1807 3110 2065 3154 Rhenanus.

209 3178 382 3213 cun-em
425 3172 556 3227 quia,
608 3171 734 3216 cuius
782 3175 956 3231 generis
997 3174 1103 3217 vilia
1177 3164 1290 3207 lss‘ld·
1325 3164 1427 3206 Put-
1463 3166 1533 3209 Μ·
1567 3176 1609 3208 et
1643 3169 1694 3209 V·
1729 3167 1933 3211 Bffl'oald·
1965 3167 2065 3211 Alc·

209 3227 432 3284 originem
455 3236 626 3272 traxere
652 3247 674 3273 e
696 3231 975 3289 compendiis
997 3234 1105 3274 scri·
1135 3226 1138 3235 ’
1175 3222 1318 3265 Rhess·
1346 3239 1443 3279 sqq·
1474 3226 1771 3277 ''vetantium-⁴

208 3292 378 3339 ptus-de,
1234 3280 1453 3333 adfluere.
1524 3282 1601 3325 Sic
1642 3282 1739 3324 MS.
1781 3281 1903 3324 Flor.
1949 3286 2064 3336 (test.

264 3356 421 3399 missu.
482 3356 634 3403 Guelf.
659 3360 705 3402 in
734 3361 937 3420 margine
963 3363 1103 3405 iussu.
1175 3335 1604 3439 Jgfit“)M5{flfffg⁶
1621 3337 2068 3440 ἒῖξῖῖιᾳουῶιίξϋξῒΐὶ

259 3424 453 3478 perfirt.
515 3428 600 3470 Ed.
626 3430 746 3487 Spir.
770 3433 1014 3488 perferret.
1172 3460 1274 3493 ame
1333 3456 1635 3507 gratandum,
1726 3453 1849 3497 Idem
1909 3454 2067 3498 scribit

264 3500 365 3534 tum
387 3499 530 3550 quasi.
575 3498 656 3545 Ed.
671 3499 788 3558 Spir.
812 3510 922 3553 tum:
944 3506 1100 3559 quasi.
1170 3511 1451 3553 multatudo.

203 3549 369 3594 Eadem
394 3567 494 3595 mox
520 3557 723 3607 vincula,
760 3559 820 3601 uti
842 3562 977 3613 solet,
1008 3578 1095 3620 pro
1225 3568 1409 3611 dis-lecti
1431 3576 1557 3612 sunt.
1627 3567 1710 3613 Ed.
1742 3567 1860 3627 Spir.
1898 3552 2067 3616 delecti
