2164 3990
224 266 275 302 A.
292 266 351 310 U.
364 265 448 300 ευ.

226 311 276 344 Α.
297 309 343 345 C.
386 309 448 342 62.

606 267 779 328 LIB.
812 265 976 327 XIV.
1053 252 1248 330 CAP.
1281 268 1380 330 38.
1410 270 1511 355 39.
1856 273 1983 335 285

137 398 324 458 Iulius
363 396 756 466 Classicianus
803 416 1098 454 successor
1145 395 1291 456 Cato
1335 398 1549 456 missus
1594 408 1656 454 et
1698 397 1984 458 Suetonio

135 486 357 546 discors
374 483 618 541 *bonum
648 481 956 557 publicum
985 483 1228 556 privatis
1266 484 1662 540 simultatibus
1695 484 1985 559 impedie-

133 571 252 628 bat.
297 561 309 574 ⁸
338 569 804 643 disperseratque
843 587 1067 641 novum
1103 568 1358 640 legatum
1392 569 1820 643 opperiendum
1862 590 1983 627 esse

134 655 260 709 sine
284 650 488 710 hostili
514 653 601 708 ira
626 664 682 709 et
706 652 978 726 superbia
999 653 1237 708 victoris
1263 654 1574 710 clementer
1598 654 1814 710 deditis
1841 675 1985 710 con-

135 739 446 797 sulturum.
535 737 727 795 Simul
763 737 828 791 in
862 738 1071 792 urbem
1105 739 1451 808 mandabat,
1493 739 1728 795 nullum
1755 740 1982 813 proelio

133 824 312 879 finem
357 831 787 897 exspectarent,
849 822 967 877 nisi
1002 824 1403 878 succederetur
1439 823 1751 880 Suetonio:
1816 824 1983 880 cuius

133 910 372 964 adversa
393 907 671 982 pravitati
691 907 904 984 ipsiu8‚
944 926 1221 984 prospera
1245 909 1320 964 ad
1344 908 1644 966 fortunam
1665 909 1752 966 rei
1781 909 1984 986 publi-

137 1013 234 1050 cae
265 993 572 1051 referebat.

302 1088 581 1149 XXXIX.
653 1087 841 1163 Igitur
875 1089 949 1146 ad
987 1089 1366 1164 spectandum
1389 1087 1736 1148 Britanniae
1767 1102 1982 1149 statum

133 1177 344 1232 missus
389 1186 474 1231 est
522 1195 588 1230 ex
637 1174 864 1231 libertis
907 1172 1272 1251 Polycletu8‚
1334 1195 1544 1250 magna
1584 1175 1838 1233 Neronis
1881 1198 1983 1253 spe

132 1282 297 1338 posse
323 1260 662 1317 auctoritate
695 1260 818 1315 eius
848 1278 972 1314 non
1002 1260 1180 1314 modo
1222 1259 1377 1316 inter
1414 1260 1669 1334 legatum
1700 1283 1985 1338 procura-

130 1361 434 1422 toremque
467 1343 841 1400 concordiam
873 1344 1059 1416 gigni,
1104 1344 1204 1399 sed
1235 1356 1290 1401 et
1320 1346 1566 1401 rebelles
1596 1348 1984 1403 barbarorum

132 1431 360 1488 animos
387 1449 527 1504 pace
563 1429 853 1503 componi.
938 1427 1058 1484 Nec
1093 1430 1280 1487 defuit
1303 1428 1672 1506 Polyclet11S‚
1716 1453 1832 1509 quo
1868 1433 1986 1488 mi-

131 1535 244 1572 nus
278 1515 504 1588 ingenti
537 1514 767 1587 agmine
793 1511 996 1571 Italiae
1027 1511 1373 1591 Galliaeque
1408 1516 1630 1588 gravi5‚
1670 1529 1987 1593 postquam

133 1598 441 1658 Oceanum
482 1599 909 1666 transmiserat,
959 1599 1247 1655 militibus
1286 1621 1521 1676 quoque
1557 1603 1773 1658 nostris
1809 1598 1984 1659 te‘rri-

130 1686 269 1742 bilis
316 1685 629 1743 incederet.
733 1685 833 1739 sed
871 1679 1140 1740 hostibus
1186 1683 1399 1740 inrisui
1442 1686 1587 1755 fuit,
1642 1688 1800 1762 apud
1833 1708 1982 1763 quos
2018 1694 2031 1699 ”

131 1771 411 1843 flagrante
438 1768 613 1827 etiam
635 1780 762 1826 tum
788 1769 1052 1827 libertate
1078 1771 1346 1828 nondum
1376 1772 1607 1844 cognita
1629 1769 1981 1830 libertorum

189 2019 233 2054 et
255 2008 479 2056 Suetonio
510 2010 701 2051 discors.
759 2008 861 2053 MS.
888 2007 1015 2052 Flor.

132 2072 247 2125 (test.
275 2068 411 2122 Vict.)
445 2075 490 2110 et
517 2067 586 2109 e'd.
608 2065 725 2124 Spir.
761 2074 806 2109 et
826 2065 1019 2109 Suetior

128 2130 324 2170 discors.
642 2151 646 2153 -

183 2181 522 2227 simultatibus,
571 2179 653 2222 Ed.
676 2179 793 2239 Spir.
816 2182 1015 2224 simula-

128 2243 342 2285 tionibus.
401 2238 566 2282 Eadem
588 2243 696 2280 'mox
727 2241 904 2282 nouoni
931 2255 1014 2298 pro

126 2314 318 2342 novunu

184 2354 528 2411 opperiendum.
607 2351 707 2396 MS.
739 2351 892 2397 Guelf.
927 2369 1010 2408 op-

122 2415 439 2469 primendum.

58 2528 61 2532 ,
185 2485 234 2526 in
259 2484 436 2524 urbem.
497 2479 575 2524 Sic
598 2479 839 2528 Rhenanus
869 2496 917 2522 ex
950 2481 1015 2523 in·

128 2541 275 2601 genio.
336 2538 448 2581 Edd.
470 2546 573 2580 vett.
608 2554 710 2580 cum
739 2537 913 2580 silentio
937 2539 1014 2580 Vi-

128 2598 255 2643 ctorii
290 2605 333 2639 et
360 2594 492 2638 MSS.
525 2595 640 2638 Bud.
663 2593 816 2638 Guelf.
848 2596 931 2638 les.
968 2597 1015 2637 in

127 2658 255 2699 urbe.
313 2653 385 2696 An
423 2653 471 2694 in
504 2654 665 2695 urbem
695 2651 752 2694 sit
782 2652 828 2694 in
860 2652 1011 2709 aliquo

126 2713 228 2756 MS.
260 2726 394 2753 nemo
422 2699 638 2767 prodidit.
699 2708 910 2752 ceterum
943 2706 1013 2752 151-

126 2778 218 2812 tera
244 2784 292 2809 m
322 2775 370 2810 ut
393 2783 520 2824 saepe
552 2766 759 2825 absorpta
793 2774 856 2809 est
886 2782 909 2810 a
945 2784 1012 2810 se·

126 2825 281 2885 quenti
304 2823 537 2868 vocabule.

178 2908 405 2949 prospera
425 2896 489 2934 ad
499 2893 756 2949 fortunam
778 2897 851 2936 rei
863 2895 1010 2949 publi-

124 2969 205 2996 cae
245 2951 492 3006 referebat.
563 2949 638 2994 Sic
675 2953 774 2994 edd.
806 2949 907 2994 Put.
944 2953 1011 2996 Μ.

126 3019 168 3053 et
197 3007 250 3052 V.
293 3005 500 3050 Beroald.
541 3008 643 3051 Alc.
679 3008 880 3051 Rhenan.
914 3026 1009 3068 sqq.

125 3067 292 3111 Contra
315 3064 413 3106 MS.
430 3063 536 3122 Reg.
563 3065 631 3108 ed.
645 3065 762 3121 Spir.
785 3076 1012 3119 prospera

124 3131 282 3165 autem
305 3121 533 3176 fortunae
561 3123 710 3175 ipsius
731 3122 1008 3178 referebant.

123 3179 259 3223 MSS.
284 3179 407 3222 Flor.
436 3180 554 3231 (test.
583 3179 697 3222 Vict.
721 3195 760 3223 e.
786 3180 857 3232 al.)
892 3180 1005 3223 Bud.

124 3235 274 3281 Guelf.
324 3235 444 3277 Harl.
483 3235 612 3278 Bodl.
656 3236 735 3279 les.
780 3251 1009 3292 prospera

123 3298 188 3346 ad
203 3294 453 3350 fortunam
480 3294 618 3346 tjosius
647 3294 887 3349 referebat.
953 3295 1008 3338 Et

125 3349 275 3394 Guelf.
306 3350 486 3407 quidem
521 3358 619 3406 post
648 3352 887 3404 pravitati
913 3367 1006 3393 non

126 3407 254 3450 habet
285 3407 452 3461 ipsius,
485 3411 561 3448 sed
589 3407 738 3449 istius.
801 3409 916 3451 Sunt
949 3416 1008 3451 ta·

127 3479 231 3506 men
267 3465 339 3519 qui
374 3463 427 3506 de
459 3463 558 3506 MS.
582 3463 702 3506 Flor.
739 3465 797 3507 ita
823 3463 1007 3522 loquan-

127 3529 221 3567 tur,
251 3529 299 3563 ut
319 3524 383 3562 ad
402 3520 462 3562 ibi
485 3521 634 3563 deesse
657 3520 874 3565 videatur.
933 3522 1006 3564 Vi·⁵

127 3575 296 3621 ctorius
325 3581 389 3620 ad
411 3578 627 3622 intactum
649 3577 845 3636 reliquit.
897 3578 1003 3624 MS.

1090 2010 1199 2068 Agr.
1247 2024 1482 2066 prospera
1516 2011 1756 2066 fin-tunae
1796 2012 1978 2068 refere-

1088 2069 1220 2110 bant.
1279 2068 1522 2126 Aptissima
1550 2070 1728 2114 videtur
1758 2071 1981 2128 scriptura

1087 2124 1322 2167 Puteolani
1351 2134 1392 2168 et
1422 2127 1718 2183 praestantior
1750 2128 1979 2172 coniectu·

1088 2182 1171 2232 ris,
1227 2198 1334 2240 quas
1375 2183 1462 2226 viri
1512 2183 1634 2227 docti
1672 2184 1980 2242 protulerunt.

1088 2239 1177 2282 lac.
1199 2238 1462 2282 Gronovius
1484 2242 1575 2284 vult
1599 2244 1788 2297 imperii
1805 2258 1888 2300 pro
1906 2244 1984 2287 rei

1082 2298 1317 2351 publicae;
1348 2297 1600 2351 Ernestins,
1631 2308 1680 2341 ut
1707 2299 1876 2342 omisso
1899 2316 1979 2343 vo·

1087 2355 1247 2397 cabulo
1307 2355 1382 2396 rei
1435 2358 1645 2407 publicae
1703 2356 1980 2414 intelligatur

1086 2411 1234 2461 ipsius
1264 2428 1286 2453 e
1321 2413 1708 2468 praecedentibus.
1769 2414 1979 2458 Heinsius

1086 2467 1312 2517 emendat:
1369 2483 1600 2523 prospera
1629 2471 1854 2526 fortuitis
1894 2487 1978 2514 ao-

1087 2532 1218 2578 cepta
1249 2525 1530 2578 referebant.

1144 2580 1254 2624 CAP.
1274 2581 1345 2625 39.
1404 2596 1468 2624 ex
1491 2583 1683 2627 libertis.
1744 2583 1825 2628 Ed.
1849 2585 1972 2644 Spir.

1083 2654 1108 2681 e
1131 2641 1330 2690 libertis,
1365 2639 1495 2697 quod.
1512 2641 1694 2684 mollius
1717 2643 1975 2701 gratiusque

1083 2704 1165 2740 est.

1137 2752 1406 2808 Polycletus.
1497 2753 1632 2797 MSS.
1674 2754 1801 2800 Flor.
1845 2757 1974 2812 (test.

1085 2810 1233 2865 Vici.)
1282 2809 1435 2852 Guelf.
1475 2811 1749 2866 Polyclitus,
1806 2813 1879 2858 hie
1928 2824 1974 2858 et

1080 2866 1212 2917 ins1·.;
1245 2867 1313 2909 ed.
1339 2867 1727 2925 Spir.Policl1'tus.
1785 2870 1876 2914 Dio
1901 2871 1972 2922 53,

1085 2925 1153 2966 12.
1176 2921 1494 2975 Πολύκλειτος.
1556 2926 1617 2970 cf.
1648 2935 1744 2970 not.
1776 2928 1832 2973 ad
1855 2929 1968 2972 Hist.

1086 2983 1124 3030 1,
1149 2982 1217 3024 37.
1246 2983 1287 3033 2,
1307 2982 1377 3026 95.

1139 3041 1355 3082 Neronis.
1422 3039 1506 3083 Ed.
1530 3040 1650 3098 Spir.
1672 3041 1868 3091 Neroni,
1900 3042 1968 3086 lit·

1081 3103 1175 3138 tera
1209 3111 1233 3137 s
1265 3097 1471 3155 absorpta
1506 3113 1585 3154 per
1616 3114 1805 3156 sequens
1837 3102 1981 3144 voca-¹

1080 3154 1252 3196 bulum.
1327 3153 1435 3196 Mox
1459 3155 1559 3199 MS.
1587 3153 1737 3199 Guelf.
1769 3171 1966 3199 concor.-

1080 3212 1161 3252 dia
1181 3212 1358 3264 gm‘gni.

1131 3287 1392 3336 postquam.
1473 3280 1576 3324 MS.
1618 3281 1736 3327 Bud.
1771 3293 1965 3340 postea-

1079 3353 1236 3392 quam.
1297 3337 1404 3379 Rlox
1415 3338 1516 3380 MS.
1535 3337 1684 3384 Guelf.
1700 3352 1966 3395 occeanum,

1083 3395 1144 3436 uti
1180 3394 1316 3437 solet:
1364 3394 1465 3439 edd.
1500 3392 1604 3440 Put.
1635 3403 1846 3443 nundum
1878 3417 1964 3459 pro

1078 3455 1302 3493 nondum.

1134 3522 1419 3565 libertorum.
1506 3521 1583 3570 Sic
1616 3525 1716 3572 edd.
1752 3527 1961 3575 Beroald.

1075 3576 1176 3624 Alc.
1206 3577 1351 3624 Rhen.
1382 3595 1482 3639 sqq.
1522 3605 1581 3618 --
1637 3586 1961 3631 libertinorum
