2164 3990
512 796 1835 883 C.CORNEL11TAC1T1

1124 963 1222 1005 AB

684 1059 1012 1109 ExcEssU
1084 1065 1249 1110 mvi
1321 1040 1682 1110 ‘Aucusrri—

345 1161 414 1233 A
577 1157 648 1236 N
814 1159 1116 1236 NA
1277 1159 1538 1232 LI
1700 1103 2116 1234 [ΓΜΓΑ

571 1321 829 1376 LIBER
898 1322 1316 1399 QUARTUS
1365 1323 1779 1398 'DECIMUS

655 1582 1322 1635 ‘BREVIARIUMae
1369 1591 1645 1638 LIBRI.

418 1690 530 1735 CAP.
562 1692 600 1733 1.
663 1689 782 1732 Nero
808 1688 961 1732 matris
984 1688 1163 1732 caedem
1189 1689 1322 1747 agitat
1344 1689 1555 1733 incitante
1577 1689 1802 1751 Poppaea.
1861 1693 1905 1738 2.
1939 1694 2099 1755 Agrip·

281 1749 352 1793 ina
387 1748 609 1796 incestum
649 1755 814 1795 tentat,
857 1763 914 1789 an
938 1746 1059 1789 Nero
1091 1746 1274 1804 potius?
1347 1747 1387 1792 3.
1422 1747 1492 1790 De
1529 1748 1663 1792 caede
1699 1749 1852 1794 matris
1887 1751 2101 1798 deliberat

248 1765 385 1851 ὕετο.
458 1806 637 1849 Aniceti
679 1805 938 1848 consilium.
1006 1805 1049 1848 4.
1094 1804 1368 1863 Agrippinae
1402 1820 1506 1847 cum
1538 1805 1718 1849 Nerone
1751 1807 1896 1852 scelus
1932 1812 2102 1856 celante

251 1864 530 1910 convivium.
593 1863 634 1907 5.
672 1863 790 1906 Mari
814 1861 1054 1919 mergenda
1079 1878 1208 1920 aegre
1234 1863 1393 1906 evadit.
1455 1863 1708 1906 Acerronia
1738 1867 1873 1909 retnis
1909 1869 2101 1915 confici-

250 1931 337 1966 tur.
399 1922 443 1966 6.
483 1920 730 1978 Agrippina
756 1918 1020 1964 dissimulat.
1047 1948 1049 1950 -
1080 1921 1123 1962 7.
1159 1920 1278 1963 Nero
1313 1921 1533 1978 trepidat,
1564 1931 1668 1964 cum
1692 1921 1841 1966 Burro
1858 1935 1908 1970 ‚et
1928 1926 2099 1972 Seneca

251 1979 480 2023 deliberat.
523 1978 947 2046 Anicetus5caedem
966 1976 1239 2035 Agrippinae
1261 1979 1444 2035 suscipit
1466 1987 1509 2021 et
1531 1979 1570 2021 8.
1594 1989 1830 2035 perpetrat.
1871 1983 1912 2024 9.
1939 1985 2100 2045 Agrip.

252 2036 384 2096 pinae
409 2037 520 2082 viles
556 2035 802 2093 exsequiae.
863 2037 931 2076 10.
961 2034 1082 2077 Nero
1115 2035 1391 2077 conscientia
1425 2051 1579 2078 vecors
1611 2037 1865 2081 adulatione
1898 2040 2100 2100 erigitur.

254 2097 322 2139 11.
358 2094 535 2137 Litteris
559 2093 610 2136 ad
637 2101 838 2134 senatum
863 2099 1052 2134 matrem
1082 2092 1214 2135 etiam
1237 2101 1335 2149 post
1356 2092 1444 2135 tata
1465 2092 1748 2138 criminatur.
1814 2097 1879 2139 12.
1910 2099 2099 2144 Senatus

252 2153 443 2210 turpiter
477 2151 698 2195 adulatur.
756 2149 951 2192 Thrasea
976 2149 1135 2192 Paetus
1163 2150 1306 2191 virum
1340 2166 1386 2193 se
1419 2158 1624 2207 praestat.
1685 2151 1808 2196 Nero
1838 2154 1945 2199 mite
1971 2152 2103 2216 inge-v

181 2232 183 2234 ·
255 2210 381 2253 nium
406 2207 616 2252 adfectat.

431 2265 502 2310 13.
541 2265 711 2309 Urbem
735 2263 871 2306 intrat
892 2263 1071 2315 anxius,
1101 2264 1336 2308 blanditias
1359 2273 1558 2322 expertus
1577 2264 1621 2308 in
1645 2280 1802 2309 omnes
1821 2266 2029 2313 libidines
2053 2288 2100 2315 se

257 2325 465 2370 effundit:
514 2323 582 2366 14.
615 2321 912 2371 citharoedus,
945 2321 1114 2379 auriga,
1146 2322 1320 2365 nobiles
1342 2324 1395 2365 ad
1420 2323 1539 2379 paria
1559 2322 1722 2380 flagitia
1745 2324 1897 2392 adigit.
1939 2330 2008 2371 15.
2032 2329 2101 2372 Iu.

256 2382 442 2427 venalia.
502 2379 622 2423 Nero
657 2381 703 2421 in
733 2394 880 2422 scena.
940 2379 1228 2438 Augustanos
1265 2379 1527 2422 conscribit.
1590 2383 1656 2424 16.
1702 2397 1901 2426 carmina
1933 2387 2101 2444 pangit.

258 2439 547 2499 philosophos
570 2436 701 2480 ridet.
765 2436 834 2479 17.
869 2435 1036 2481 Caedes
1059 2437 1175 2480 inter
1197 2437 1451 2480 Nucerinos
1472 2447 1513 2480 et
1536 2436 1836 2496 Pompeianos
1866 2443 2105 2488 occasione

257 2496 535 2558 gladiatorii
563 2492 821 2553 spectaculi.
886 2535 890 2537 Δ
921 2494 990 2537 18.
1052 2495 1234 2538 Blaesus
1283 2494 1536 2538 damnatur.
1626 2496 1788 2540 Strabo
1838 2498 2101 2548 absolvitur.

259 2557 326 2600 19.
363 2555 495 2598 Mors
527 2551 719 2596 Domfftii
752 2551 876 2603 Afri,
914 2551 981 2595 M.
1015 2552 1203 2595 Servilii.
1262 2553 1335 2595 20.
1369 2551 1721 2610 Quinquennale
1754 2553 1979 2606 ludicrum
2005 2557 2101 2601 Ro-

258 2629 370 2658 mae.
434 2611 565 2655 Varia
596 2609 651 2652 de
686 2607 801 2651 ludis
832 2607 975 2657 sarna,
1018 2626 1175 2652 eorum
1210 2610 1454 2669 vituperia,
1512 2611 1582 2653 21.
1614 2611 1764 2654 laudes
1791 2621 1835 2654 et
1863 2618 2100 2660 excusatio.

258 2672 380 2716 Nero
413 2666 695 2726 eloquentiae
730 2667 887 2711 victor.
954 2668 1027 2711 22.
1061 2667 1287 2711 Portent‘ss
1321 2675 1577 2711 commotus
1609 2667 1864 2712 Rubellium
1895 2670 2104 2716 Plautum

257 2730 304 2772 in
325 2727 526 2771 exsilium
555 2725 658 2782 agit.

428 2783 499 2827 23.
537 2782 738 2826 Corbulo
761 2782 1029 2827 Mardorum
1064 2782 1296 2826 latrocinia
1332 2782 1475 2840 punit.
1536 2783 1608 2825 24.
1644 2797 1957 2849 percussorem
1979 2787 2104 2838 vitat,

259 2842 581 2902 Tigranocerta
609 2840 743 2896 capit.
805 2842 877 2883 25.
908 2841 1143 2899 Hyrcanos
1171 2841 1216 2882 in
1239 2840 1490 2884 societatem
1516 2839 1690 2897 recipit.
1734 2840 1825 2885 26.
1855 2842 2104 2888 Tiridatem

263 2908 385 2945 arcet
420 2899 474 2943 ab
506 2895 746 2946 Armenia,
799 2914 936 2956 quam
970 2899 1102 2942 tradit
1135 2894 1190 2940 Ti
1224 2896 1338 2940 rani.
1408 2896 1610 2942 Corbulo
1642 2896 1799 2965 Syriae
1835 2901 2103 2957 praeficitur.

259 2959 330 3002 27.
362 2956 565 3007 Puteoli,
593 2954 864 3007 Tarentum,
888 2957 1103 3005 Antium,
1135 2913 1355 2999 coioniae.
1416 2955 1491 2998 28.
1524 2954 1715 2999 Comitia
1738 2958 1978 3014 praetoria.
2031 2961 2105 3004 Vi·

258 3017 359 3059 bius
380 3015 631 3058 damnatus.

427 3073 500 3115 29.
543 3069 703 3116 Clades
732 3069 1006 3114 Britannica.
1077 3070 1318 3114 Suetonius
1351 3070 1541 3114 Monam
1574 3070 1765 3123 invadit,
1828 3069 1900 3113 80.
1939 3071 2108 3117 incolas

264 3131 437 3174 domat.
496 3127 567 3172 31.
601 3127 725 3170 Iceni
748 3128 973 3171 Boudicea
1000 3128 1111 3172 duce
1135 3136 1177 3171 et
1198 3128 1498 3171 Trinobantes
1524 3129 1770 3177 rebellant,
1827 3128 1901 3171 82.
1935 3128 2103 3173 Camu-

267 3187 489 3230 lodunum
529 3194 804 3244 expugnant,
854 3184 1067 3229 Petilium
1113 3184 1333 3228 Cerialem
1376 3201 1479 3228 curn
1519 3203 1639 3230 nona
1679 3186 1853 3243 legione
1895 3185 2105 3236 fundunt,

264 3245 334 3289 33.
364 3260 388 3286 a
418 3243 636 3287 Suetonio
671 3244 895 3286 desertum
927 3242 1202 3287 Londinium
1238 3250 1281 3284 et
1312 3242 1620 3286 Verulamium
1655 3245 1868 3301 spoliant,
1910 3242 2031 3287 cives
2063 3253 2104 3287 et

266 3302 411 3344 socios
436 3299 747 3344 Romanorum
770 3300 1013 3345 trucidant.
1070 3298 1277 3345 84—37.
1312 3299 1583 3345 Boudiceam
1611 3301 1901 3344 ferocientem
1926 3310 2106 3358 superat

265 3357 402 3401 Sueto
438 3358 520 3402 ius.
580 3360 678 3418 Ipsa
699 3374 876 3403 veneno
901 3360 1035 3402 vitam
1054 3358 1166 3400 finit.
1226 3357 1420 3400 Poenius
1442 3357 1682 3401 Postumus
1709 3357 1857 3414 gladio
1881 3372 1927 3400 se
1949 3358 2104 3401 transi·

263 3415 342 3473 git.
402 3374 472 3457 38
509 3415 804 3459 classicianus
826 3415 1043 3460 Suetonio
1078 3416 1247 3466 discors
1283 3431 1355 3458 res
1388 3416 1553 3459 turbat.
1610 3415 1681 3458 39.
1714 3414 1879 3458 Missus
1903 3413 2107 3473 Polycle-

257 3482 335 3574 dus
375 3470 574 3516 hostibus
626 3481 690 3516 est
742 3472 915 3517 inrisui.
954 3479 957 3481 ’
993 3473 1210 3518 Suetonio
1254 3472 1494 3518 Petronius
1532 3472 1822 3530 Turpilianus
1872 3488 2105 3517 successor

289 3538 424 3576 atus.·
1275 3552 1315 3587 χ
