2164 3990
150 1314 163 1321 ,.
235 1282 344 1325 bent
383 1269 522 1322 υἱοί-ε’(

1794 258 2016 343 ὶῑῑέῑῗὲἶ

259 252 377 313 106
930 252 1430 322 ANNALIUM

250 382 532 459 proximis
561 384 917 443 subventum
948 386 1135 454 foret,
1168 386 1384 461 copiae
1421 399 1550 444 tum
1583 389 1889 458 occidione
1924 416 2100 455 occu..

187 490 188 493 ’
248 470 538 529 buissent.
659 472 981 546 praefectus
1032 481 1229 529 tamen
1281 483 1336 529 et
1400 484 1530 530 octo
1597 479 1966 537 centuriones
1999 457 2097 546 --ac

247 555 720 631 promptissimus
743 557 988 632 quisque
1004 557 1385 631 emanipulis,
1409 559 1680 625 cecidere.
1766 583 1874 628 nec
1899 567 2094 631 ,multo

246 652 379 717 post
401 641 736 715 pabulantis
763 661 870 697 nos
899 640 1056 715 ipsos
1082 641 1400 720 missasque
1425 645 1498 699 ad
1524 646 1852 705 subsidium
1875 660 2095 718 turmas

176 794 177 801 ἵ
244 727 579 802 profligant.

367 932 370 936 ,
411 861 693 921 ΧΧΧΙΧ.
740 861 898 919 Tum
913 858 1190 919 Ostorius
1207 850 1473 922 cohortes
1488 862 1794 942 expeditas
1803 873 2090 948 exposuit:

243 949 505 1007 nec'ideo
532 950 731 1022 fugam
756 948 1007 1017 sistebat,
1028 948 1104 1003 'ni
1127 949 1382 1023 legiones
1406 954 1694 1025 proelium
1718 958 2089 1032 excepissent.

243 1052 444 1097 earum
467 1035 679 1092 robore
708 1044 952 1110 aequata
975 1053 1189 1109 pugna,
1215 1035 1355 1091 dein
1369 1037 1541 1093 nobis
1562 1059 1670 1113 pro
1692 1042 1935 1100 meliore
1957 1044 2086 1103 fuit.

591 1277 655 1320 Ex
684 1273 864 1322 ¹Mureti
907 1279 1125 1322 sententia
1196 1287 1287 1323 set:
1343 1296 1427 1323 nec
1471 1285 1620 1324 multo
1662 1290 1774 1337 post
1807 1285 2088 1339 pabulantis

235 1338 336 1383 edd.
374 1336 580 1380 Oberlin.
615 1352 663 1392 sq
699 1369 708 1378 .
742 1351 766 1378 e
803 1338 920 1380 vicis.
1012 1335 1123 1379 Bek-

234 1395 368 1440 kerus
403 1404 555 1438 tamen
590 1393 692 1436 illu·
737 1409 761 1436 e
794 1393 1000 1437 cancellis
1040 1393 1123 1436 cir-

233 1452 478 1497 cumdedit.
538 1451 714 1510 Lipsius
748 1451 950 1494 volebat:
980 1453 1031 1493 ni
1060 1452 1124 1493 ei-

233 1514 294 1557 tis
331 1510 507 1553 nuntiis
548 1523 572 1551 e
614 1509 848 1559 castellis;
900 1507 1123 1567 Ryckiusz

229 1570 288 1615 ni
305 1571 391 1615 olto
412 1567 594 1609 nuntiis
617 1582 641 1608 e
662 1568 863 1608 castellis
874 1583 889 1617 ;
937 1565 1120 1623 ssipont.

228 1629 286 1670 ni
310 1626 585 1669 nuntiasset
614 1631 684 1672 et,
743 1623 862 1681 quod
897 1622 1120 1666 Oberlino

227 1683 515 1743 ingeniosum
537 1681 789 1727 videbatur.
856 1679 1121 1739 Rupertius:

225 1745 280 1784 ni
299 1743 388 1785 cito
408 1754 526 1782 nunc
548 1739 615 1782 vel
637 1747 744 1780 tunc
765 1739 816 1781 iis
841 1754 903 1781 ex
923 1740 1123 1782 castellis

226 1800 300 1845 vel
324 1801 384 1843 iis
408 1806 454 1841 et
477 1804 590 1841 cast.
610 1813 658 1851 p.
682 1811 717 1839 s.
726 1796 772 1853 f.

247 1922 250 1926 .
283 1885 439 1936 copiae
472 1889 571 1923 tum
599 1881 846 1924 occidione.
906 1880 984 1922 Sic
1013 1878 1115 1922 edd.

224 1939 431 1995 Rhenan.
463 1954 563 1997 sqq.
602 1962 660 1971 —
719 1939 958 1991 copiarum
991 1937 1115 1978 obsi-

224 2000 361 2041 dione
391 1996 491 2040 MS.
522 1996 674 2041 Guelf.
720 1995 821 2038 edd.
858 1995 976 2053 Spir.
1011 1993 1114 2035 Put.

223 2055 432 2100 Beroald.
468 2070 572 2099 cum
596 2053 743 2096 silent.
772 2051 890 2096 Viet.
922 2074 982 2086 —-
1033 2066 1113 2093 eo·-

218 2115 412 2169 piarum
437 2111 663 2159 oceidione
686 2110 788 2153 MS.
810 2110 919 2167 Agr.

268 2184 614 2238 accubuissent.
695 2180 797 2224 MS.
830 2180 954 2224 Flor.
995 2180 1113 2235 (test.

220 2241 364 2296 Vict.)
401 2241 735 2285 obcubuissent.
796 2237 877 2282 Ed.
917 2237 1018 2281 Put.
1054 2236 1112 2281 V.

220 2299 514 2343 occubuisset.
541 2299 543 2304 ’
583 2298 792 2341 Muretus
823 2295 1003 2340 volebat
1035 2310 1113 2338 oc-

219 2356 397 2401 aulone
418 2357 699 2400 occidissent.

276 2443 303 2471 e
323 2428 590 2482 manipulis.
652 2424 774 2468 Libri
809 2430 920 2470 vett.
949 2424 1107 2466 mani-

213 2489 371 2542 pulus.
428 2484 603 2543 Lipsius
624 2482 818 2527 coniecit
847 2498 870 2523 e
891 2483 1109 2536 mampu-

217 2545 296 2596 lis,
326 2543 447 2601 quod
472 2558 595 2588 nunc
615 2540 807 2583 edimus.
852 2539 944 2582 Alii
968 2555 990 2581 e
1012 2557 1108 2582 sen-

216 2601 359 2650 tentia
379 2600 600 2644 Pichenae
630 2614 733 2641 cum
760 2598 859 2656 ssip.
894 2606 935 2639 et
963 2595 1107 2640 Ober-

215 2659 312 2703 lino
349 2657 486 2701 edunt
522 2656 864 2711 manipulari&
902 2655 976 2697 alii
1011 2671 1106 2697 sua-

215 2717 349 2762 dente
415 2713 623 2758 Ernestio
706 2714 1103 2769 manipularium.

217 2773 485 2832 Quaeritur,
535 2788 590 2814 an
633 2788 728 2814 non
759 2772 877 2816 salva
911 2770 967 2813 sit
998 2770 1103 2814 seri-

212 2842 343 2892 ptura
390 2830 691 2884 manipulus,
741 2845 876 2888 quam
912 2829 1104 2871 retinue-

211 2898 323 2935 runt
353 2887 599 2945 Bipontini.
671 2887 776 2930 Non
812 2887 930 2930 enim
961 2886 1103 2929 incre-

214 2947 350 2992 dibile
398 2954 464 2989 est
511 2953 630 2991 totos
676 2943 932 3001 manipulos
985 2944 1101 2986 occi·

214 3007 349 3053 disse.

267 3073 538 3131 pabulantis
562 3087 649 3115 nos
675 3073 802 3127 ipsos
826 3071 1101 3126 missasque.

212 3133 291 3177 Sic
318 3130 610 3176 MSS.=F10r.
645 3134 765 3186 (test.
792 3128 910 3171 Vict.
947 3145 988 3171 e.
1014 3129 1099 3171 lac.

213 3190 443 3245 Gronov.)
488 3187 640 3234 Guelf.
710 3187 865 3229 Recte.
945 3186 1101 3227 Pabu-

211 3249 354 3290 lantis
375 3255 438 3289 est
461 3246 607 3288 forma
628 3244 771 3302 quarti
798 3259 922 3285 casus
932 3243 1101 3286 Nostro

211 3303 518 3353 usitatissima;
556 3317 642 3344 nos
674 3300 913 3344 sexcenties
945 3309 1102 3343 auctor

210 3359 369 3405 scribit
395 3361 447 3401 de
461 3360 676 3402 Romanis
699 3358 911 3416 loquens,
940 3368 987 3401 ut
1007 3372 1100 3411 pa.-

211 3418 418 3462 bulantis
448 3431 535 3458 nos
565 3417 682 3459 idem
717 3416 774 3460 sit
805 3431 858 3459 ac
877 3418 987 3470 pab.
1010 3429 1098 3456 no-

210 3483 352 3520 stros.
430 3470 713 3516 Vocabulum
750 3477 872 3528 ipsos
912 3472 1100 3531 opponit

207 3530 502 3590 pabulantis,
545 3546 657 3587 quos
693 3531 822 3582 dixit,
862 3533 1011 3574 missis
1036 3533 1101 3572 ad

204 3588 461 3638 subsidium
484 3588 667 3634 turmis.
718 3589 876 3632 Fusius
900 3587 1097 3647 scripsis-

1194 1353 1286 1381 nos
1302 1339 1583 1395 profligant,
1625 1355 1722 1383 non
1749 1349 1934 1384 tantum
1964 1345 2087 1399 iosos
2158 1347 2164 1350 ’

1187 1397 1486 1452 pabulantis,
1515 1394 1598 1439 sed
1631 1400 1774 1440 etiam
1802 1399 1975 1443 missas
1998 1410 2084 1445 etc.
2143 1423 2145 1428 ¹

1193 1482 1252 1489 --
1282 1453 1364 1497 Ed.
1391 1455 1507 1512 Spir.
1546 1463 1588 1498 et
1613 1455 1714 1498 MS.
1741 1455 1851 1514 Reg.
1879 1460 2082 1511 pabula-

1195 1519 1295 1553 tum
1343 1527 1431 1553 nos
1479 1514 1618 1565 ipsos.
1662 1536 1720 1545 —
1788 1514 1921 1557 MSS.
1956 1516 2081 1560 Harl.

1194 1569 1276 1611 les.
1310 1571 1590 1625 pabulantes
1628 1577 1818 1614 nostros
1856 1572 1995 1623 ipsos.
2030 1598 2082 1608 —

1192 1625 1310 1670 Edd.
1332 1626 1447 1669 -Put.
1473 1627 1544 1669 M.
1579 1636 1621 1670 et
1642 1628 1700 1670 V.
1731 1627 1836 1672 Alc.
1868 1628 2079 1675 Beroald.

1188 1685 1461 1737 pabulantis
1493 1692 1684 1727 nostros
1718 1687 1990 1744 missasque.
2024 1712 2082 1723 —

1190 1740 1306 1784 Edd.
1330 1741 1532 1784 Rhenan.
1558 1740 1666 1785 Ald.
1693 1743 1966 1797 pabulantis
1993 1761 2080 1788 no·-

1190 1807 1318 1842 stros
1339 1801 1556 1855 ipsasque
1577 1800 1760 1844 missas.
1822 1800 1950 1857 Quae
1974 1803 2080 1848 scri-

1190 1864 1320 1914 ptura
1361 1857 1500 1902 valuit
1544 1872 1681 1914 usque
1720 1857 1775 1901 ad
1808 1857 2079 1913 Ernestium,

1192 1914 1268 1971 qui
1290 1915 1525 1969 revocavit
1546 1913 1784 1958 Puteolani
1805 1918 2046 1963 rationem.

1247 1996 1362 2041 CAP.
1385 1997 1459 2040 39.
1517 1999 1744 2042 cohortes.
1801 1999 1904 2044 MS.
1924 2000 2076 2046 Guelf.

1187 2057 1404 2098 cohortis.
1849 2088 1857 2098 .

1247 2140 1482 2194 exposuit.
1544 2139 1620 2184 Sic
1643 2139 1742 2183 libri
1765 2149 1876 2186 vett.
1901 2159 2074 2188 omnes.

1186 2196 1274 2240 Sed
1325 2197 1556 2240 Ernestius
1611 2199 1664 2240 ad
1719 2198 1844 2243 hunc
1897 2200 2073 2245 locum:

1182 2254 1338 2306 ‚‚Cur,
1378 2254 1459 2303 ait,
1504 2254 1740 2312 exposuit?
1805 2255 1880 2299 An
1914 2258 1959 2301 in
1997 2275 2075 2303 na-

1182 2312 1308 2354 vibus
1331 2311 1542 2355 fuerant?
1594 2312 1861 2367 Legitimum
1887 2317 2071 2360 verbum

1182 2377 1278 2413 erat
1323 2370 1555 2412 submisit.
1637 2358 1935 2416 Tolerabilius
1976 2384 2072 2417 erat

1183 2425 1491 2482 exprmnsit.”
1564 2426 1681 2470 Hinc
1711 2428 1894 2486 Bipont.
1927 2429 2071 2475 Ober-

1182 2485 1262 2527 lin.
1292 2501 1395 2542 sqq.
1429 2501 1451 2527 e
1478 2484 1610 2542 Lipsii
1643 2487 1856 2529 sententia
1893 2489 2069 2533 edidere

1183 2543 1415 2596 opposuit.
1489 2543 1550 2586 At
1587 2556 1665 2601 per
1697 2543 1884 2587 verbum
1919 2562 2068 2603 expo-

1177 2614 1291 2642 nere
1321 2600 1483 2642 Noster
1515 2600 1715 2656 exprimit
1750 2616 1957 2658 graecum
1994 2606 2068 2648 ἕκ-

1178 2656 1388 2711 τάσσειν,
1423 2659 1472 2699 in
1495 2658 1930 2716 Schlachtordnung
1953 2665 2065 2705 stel-

1177 2717 1275 2763 len,
1316 2715 1588 2770 aufstellen,
1631 2717 1703 2757 ins
1738 2715 1853 2757 Fcld
1890 2722 2068 2773 stellen,

1176 2772 1296 2829 quod
1323 2773 1495 2830 egregie
1518 2773 1725 2815 convenit
1750 2771 1853 2817 huic
1875 2774 1993 2820 loco.

1233 2858 1437 2900 sistebat.
1497 2857 1598 2900 MS.
1624 2856 1775 2900 Guelf.
1797 2860 2034 2906 sistebant.

1234 2929 1541 2982 excepissent.
1595 2927 1807 2985 Ed.Spir.
1832 2946 1958 2974 more
1979 2949 2063 2976 suo

1176 2987 1507 3046 exeo—epissent.

1231 3077 1435 3124 aequata
1462 3084 1648 3124 pugna,
1687 3070 1797 3112 dein
1817 3059 1951 3115 nobis
1972 3088 2061 3129 pro

1173 3127 1367 3169 meliore
1386 3127 1499 3182 fuit.
1579 3127 1828 3172 Sententia:
1874 3130 2060 3188 legioni·

1173 3186 1256 3227 bus
1277 3184 1321 3226 in
1344 3183 1551 3227 auxilium
1572 3186 1734 3227 vocatis
1748 3199 1903 3230 rursus
1917 3203 2058 3245 aequo

1173 3241 1322 3284 Marte
1358 3251 1601 3299 pugnatum
1641 3251 1727 3290 est,
1781 3260 1919 3300 quum
1956 3255 2059 3290 ante

1173 3298 1321 3342 hostes
1359 3299 1611 3356 superiores
1651 3299 1859 3352 fuissent3
1908 3311 2057 3359 postea

1174 3356 1427 3413 superiores
1453 3357 1581 3399 etiam
1605 3357 1708 3401 facti
1731 3365 1832 3399 sunt
1849 3358 2055 3403 Rotnani.

1171 3413 1266 3455 Pro
1322 3417 1514 3456 meliore
1563 3430 1661 3457 esse
1710 3413 1763 3456 ad
1814 3424 2056 3460 extremum

1172 3470 1288 3516 idem
1323 3479 1386 3514 est
1415 3488 1468 3515 ac
1499 3473 1736 3515 meliorem
1764 3488 1857 3515 esse
1880 3474 1951 3519 vel
1975 3475 2052 3515 in-

1168 3535 1275 3593 star.
1294 3531 1518 3581 melioris,
1551 3528 1631 3573 nisi
1654 3529 1773 3587 quod
1798 3530 1908 3576 inest
1929 3531 2052 3579 aesti-

1170 3587 1380 3631 mannonis
1401 3587 1539 3631 notio.

2155 2759 2164 2910 4
