2164 3990
1944 0 1975 17 π-
2018 10 2023 16 .
2094 18 2103 26 -.

2036 28 2042 34 ,
2067 28 2071 37 ⁴
2104 0 2164 199 Ἰ

1962 112 1963 115 ,
2130 107 2135 116 .

2092 121 2146 147 Ίφί

2144 238 2161 248 .-,

1698 219 1703 223 ”
1733 215 1788 250 Α.
1799 212 1852 248 U.
1875 206 1960 248 815.

1734 258 1787 293 A.
1806 254 1854 292 C.
1898 256 1962 292 62.

122 298 124 301 v
189 220 316 283 278
866 199 1377 277 ANNALmM‘

191 348 330 406 nius
369 349 600 418 aberat,
641 347 900 425 petivere
939 366 972 403 a
995 343 1141 404 Cato
1169 343 1431 404 Deciano
1464 348 1846 421 procuratore
1882 348 2050 405 auxi-

191 434 363 494 lium.
449 433 550 490 ille
575 429 735 489 haud
761 430 1013 506 amplius
1051 448 1227 507 quam
1268 433 1553 490 ducentos
1587 431 1716 488 sine
1754 432 1922 491 iustis
1954 450 2052 490 ar-

194 519 311 576 mis
345 518 534 576 misit:
588 530 644 575 et
684 517 877 573 inerat
921 516 1156 573 modica
1201 516 1461 574 militum
1492 536 1726 577 manus,
1836 516 2053 575 Tutela
2151 570 2161 581 „

195 604 404 680 templi
452 604 592 661 freti
635 613 692 659 et
745 601 1236 676 impedientibuS‚
1299 603 1404 678 qui
1449 602 1663 659 occulti
1709 602 2056 660 rebellionis
2143 583 2164 685 ἶ

2152 686 2164 757 ἰ

2154 797 2164 858 3

2159 901 2164 925 l

2152 342 2164 363 ί

196 690 419 747 eonscii
466 688 712 745 consilia
758 687 1110 756 turbabant,
1175 706 1367 763 neque
1420 687 1636 743 fossam
1679 699 1780 746 aut
1829 689 2054 745 vallum

197 775 664 852 praeduxerant,
705 792 896 848 neque
930 773 1107 828 motis
1145 772 1386 828 senibus
1420 783 1476 828 et
1506 773 1741 829 feminis
1780 773 2056 830 iuventus

196 859 323 917 sola
361 858 598 917 restitit:
640 858 809 934 quasi
842 858 1034 914 media
1074 877 1215 934 pace
1254 856 1476 915 incauti
1507 858 1885 920 multitudine
1918 859 2059 915 bar-

194 944 481 1004 barorum
536 942 1101 1004 circumveniuntur.
1213 950 1269 999 et
1312 953 1499 999 cetera
1549 943 1788 1018 quidem
1835 944 2058 1020 impetu
2156 990 2164 1002 ,.

199 1030 429 1105 direpta
455 1039 558 1085 aut
577 1028 815 1085 incensa
839 1041 1002 1086 sunt:
1046 1029 1361 1104 templum,
1400 1027 1465 1083 in·
1491 1048 1608 1104 quo
1637 1047 1698 1084 se
1720 1029 1891 1087 miles
1915 1048 2060 1086 con-
2153 1037 2164 1099 ιξ

200 1114 571 1188 globaverat,
610 1113 795 1170 biduo
825 1115 1127 1171 obsessum
1162 1123 1687 1189 expugnatumque.
1771 1109 1853 1171 Et
1871 1114 2062 1171 victor
2156 1101 2164 1127 ³

198 1196 522 1261 Britannus
553 1197 768 1271 Petilio
801 1197 1021 1258 Ceriali
1062 1201 1249 1274 legato
1291 1198 1539 1273 legionis
1579 1219 1773 1256 nonae
1810 1198 1876 1257 in
1921 1199 2062 1256 snb-

203 1453 372 1512 spirant
407 1454 451 1500 in
487 1455 705 1499 Oceanus
729 1487 767 1500 ..
785 1488 796 1503 .
819 1457 884 1499 sic
913 1458 1097 1498 labente

204 1543 220 1557 .
235 1543 248 1556 .
263 1542 276 1555 .
299 1514 492 1555 relictae
513 1544 525 1556 .
541 1545 551 1557 .
565 1545 577 1557 .
601 1516 928 1557 trahebantur.
975 1513 1097 1570 Qua·

202 1586 252 1613 re
279 1569 518 1627 legendum
546 1588 738 1615 censeo:
772 1572 868 1613 iam
884 1571 1098 1614 Oceanus

203 1636 394 1671 cruento
429 1637 642 1683 aspectu,
687 1631 919 1672 dilabente
965 1635 1099 1670 aestu

203 1687 527 1729 humanorum
550 1702 798 1742 corporurn
820 1686 997 1742 effigies
1022 1700 1098 1728 re·-

204 1745 341 1786 lictae
371 1752 422 1786 ut
457 1745 709 1789 Britannis
737 1748 805 1787 ad
836 1759 987 1799 spem,
1033 1744 1101 1785 ita

204 1803 439 1844 veteranis
472 1805 538 1844 ad
569 1810 743 1846 metum
778 1804 1102 1845 trahebantur.

207 1857 291 1901 Vix
314 1858 435 1903 enim
464 1859 678 1902 credibile
704 1870 770 1905 est
792 1860 988 1903 formam
1025 1875 1101 1903 no-

205 1916 530 1960 minativorum
573 1934 654 1974 pro
700 1916 967 1960 accusativis
1012 1916 1102 1958 for·

208 1975 322 2017 tuito
386 1973 431 2016 in
495 1991 653 2016 omnes
714 1974 854 2019 libros
911 1974 1105 2017 venisse.

207 2031 417 2079 Membra
442 2041 543 2074 ante
566 2034 662 2075 iam
693 2048 771 2090 per
806 2031 1104 2075 constructio·

207 2101 313 2136 nem
335 2090 574 2133 accusativi
601 2107 702 2132 curn
724 2089 941 2131 infinitivo
965 2104 1104 2130 enun-

207 2147 312 2202 tiata
336 2162 475 2204 aeque
493 2156 684 2209 possunt
707 2146 819 2190 trahi
841 2147 894 2188 ad
918 2147 1103 2188 verbum

209 2205 524 2253 trahebantur
549 2212 679 2264 atque
707 2203 998 2255 nominativi,
1028 2202 1105 2260 qui

211 2260 316 2308 dein
347 2271 610 2320 sequuntur.
671 2264 781 2305 Iam
804 2262 986 2307 inservit
1009 2276 1106 2303 sue·

210 2317 404 2363 cessioni
437 2320 746 2362 membrorum
783 2327 826 2361 et
850 2334 1029 2364 rerum,
1059 2324 1109 2358 ut

210 2375 480 2434 saepissime.
545 2375 668 2432 Quid
696 2378 729 2421 si
757 2392 886 2421 voce.
909 2376 1110 2419 Britan-

211 2435 267 2477 ni
300 2441 343 2476 et
381 2436 591 2478 veterani
627 2435 822 2494 accipias
853 2449 937 2491 pro
981 2432 1107 2492 geni-

213 2491 351 2537 tivis?

270 2563 498 2609 Deciano.
557 2563 641 2608 Ed.
666 2563 784 2622 Spir.
811 2564 1021 2606 eletiann.

267 2642 596 2690 proouratore.
674 2633 778 2677 MS.
809 2634 924 2677 Bud.
960 2634 1108 2686 impe-

217 2700 394 2740 ratore.

1168 1454 1515 1511 ignorabantur,
1547 1452 1622 1511 qui
1658 1453 1905 1495 turbarent.
1978 1451 2059 1495 Er·

1168 1511 1298 1555 nestii
1324 1511 1505 1553 auribus
1530 1511 1695 1552 durum
1721 1518 1840 1553 erat:
1882 1512 1965 1566 qui
1982 1526 2058 1553 oc-

1169 1571 1283 1612 culti
1311 1568 1500 1619 conscii,
1531 1567 1636 1625 quia
1667 1569 1782 1610 male
1817 1568 2061 1626 coniunge-

1170 1629 1246 1670 bat
1271 1627 1416 1669 verba.
1490 1625 1700 1667 Ceterum
1726 1624 1956 1668 Ernestius
1984 1641 2063 1666 vo·

1171 1685 1385 1728 «zabulum
1427 1682 1602 1724 conscii
1632 1681 1870 1724 delendum
1913 1697 2063 1725 cense-

1174 1744 1272 1793 bat,
1303 1742 1427 1799 quod
1454 1740 1520 1782 vix
1545 1740 1712 1782 admitti
1739 1747 1885 1796 potest
1904 1739 1950 1784 in
1971 1749 2064 1782 tan·

1172 1809 1221 1843 to
1266 1799 1485 1842 librorum
1534 1812 1774 1840 consensu.
1863 1796 2064 1842 Rieklefs

1176 1857 1326 1900 omisit
1349 1872 1508 1900 vocem
1535 1856 1713 1898 occulti.
1770 1853 2065 1914 Kiesslingius

1176 1915 1370 1958 reddidit
1393 1913 1569 1956 occulti.
2045 1913 2048 1919 '

1228 1987 1607 2039 praeduxerant.
1679 1984 1756 2027 Sic
1787 1983 1886 2026 edd.
1921 1983 2064 2028 Rhen.

1173 2058 1270 2100 sqq.
1297 2059 1319 2084 e
1346 2041 1445 2083 MS.
1470 2041 1582 2084 Bud.
1616 2041 1691 2097 qui
1723 2041 1796 2083 dat
1821 2046 2064 2095 preduxe-

1174 2107 1299 2142 runt.
1352 2099 1450 2143 MS.
1466 2098 1616 2141 Guelf.
1642 2114 1721 2154 per
1743 2100 2064 2155 compendium

1172 2159 1458 2215 ,vdua-erunt
1484 2156 1528 2200 b.
1556 2172 1593 2198 e.
1615 2159 1780 2210 praed.
1838 2157 1921 2200 Ed.
1946 2157 2066 2214 Spir.

1175 2219 1491 2268 praecinxere.
1562 2213 1680 2256 Edd.
1713 2212 1811 2260 Put.
1844 2215 1919 2257 Ma
1944 2223 1986 2256 et
2007 2213 2066 2256 V.

1178 2272 1387 2316 Beroald.
1416 2272 1474 2326 (e.
1500 2271 1646 2314 silent.
1666 2269 1802 2326 Vict.)
1829 2272 1928 2316 Alc.
1953 2285 2068 2326 pro-

1180 2335 1443 2377 duxerunt,
1485 2328 1659 2397 vulgari
1682 2327 1954 2384 syllabarum
1978 2344 2070 2384 pro

1182 2398 1223 2432 et
1253 2401 1370 2442 prae
1400 2387 1687 2429 confusmne.
1778 2384 1838 2430 cf.
1881 2394 1976 2428 not.
2015 2388 2071 2430 ad

1179 2447 1220 2497 3,
1246 2447 1297 2489 5..
1323 2445 1386 2494 14,
1411 2443 1477 2488 13.
1498 2452 1540 2486 et
1561 2443 1633 2488 23.
1668 2443 1734 2495 15,
1755 2443 1824 2488 66.
1849 2453 1891 2488 et
1916 2444 2037 2487 alibi.

1239 2504 1378 2545 motis
1399 2503 1599 2545 senibus.
1660 2501 1737 2544 Sic
1763 2517 1802 2544 c.
1825 2503 1896 2544 60.
1921 2516 2072 2544 move·

1181 2569 1260 2603 tur
1292 2576 1373 2619 pro
1404 2567 1651 2601 amovetur
1682 2559 1752 2602 vel
1793 2567 2072 2603 removetur.

1181 2619 1283 2666 MS.
1312 2616 1462 2660 Guelf.
1498 2633 1582 2676 pro
1613 2617 1798 2659 senibus
1831 2618 1904 2660 dat
1926 2617 2070 2660 semi-

1181 2677 1328 2719 nibus.

274 2751 650 2803 impedientibus.
699 2748 836 2792 MSS.
848 2748 956 2806 Reg.
971 2746 1108 2791 Corb.

216 2809 287 2855 ed.
309 2808 428 2867 Spir.
460 2807 838 2850 inobedientibus.

274 2869 355 2923 qui
399 2867 572 2909 occulti
618 2864 886 2906 rebellionis
946 2862 1116 2906 conscii

217 2940 254 2970 c.
285 2932 318 2968 t.
375 2923 455 2968 Sic
475 2923 575 2966 MS.
603 2922 727 2966 Flor.
755 2923 871 2977 (test.
896 2920 1110 2977 Pichena)

218 2981 319 3027 edd.
354 2981 472 3040 Spir.
502 2980 686 3026 Pichen.
714 2995 811 3038 sqq.
841 3006 900 3015 -
957 2981 1108 3021 occul-

219 3049 298 3084 tae
341 3037 476 3085 MSS.
521 3037 630 3095 Reg.
676 3037 798 3080 Harl.
849 3035 983 3079 Bodl.
1026 3037 1109 3078 les.

221 3096 376 3140 Guels.
408 3096 508 3139 edd.
531 3095 633 3139 l’ut.
660 3096 727 3141 M.
753 3102 794 3136 et
821 3094 874 3138 V.
899 3092 1108 3135 Beroald.

220 3158 342 3209 (cum
370 3154 516 3197 silent.
541 3152 678 3209 Viet.)
718 3151 819 3195 Ale.
849 3151 990 3195 Rhen.
1016 3165 1113 3207 sqq.

221 3236 273 3247 -
321 3213 493 3253 occulte
538 3210 640 3253 MS.
691 3210 800 3253 Bud-
846 3209 948 3252 edd.
994 3208 1113 3265 Lips.

221 3269 398 3312 Broter.
434 3267 642 3311 Oberlin.
675 3283 772 3325 sqq.
856 3267 942 3311 Sed
977 3265 1036 3310 cf.
1073 3264 1114 3316 S,

219 3326 296 3370 29.
327 3327 494 3368 occulti
528 3327 829 3375 inludebant3
865 3325 906 3376 4,
933 3323 1000 3366 12.
1033 3337 1113 3366 oc-

216 3384 337 3426 eulti
364 3384 693 3433 laetabantur;
731 3382 773 3433 4,
803 3383 873 3426 40.
905 3397 1002 3424 non
1036 3395 1112 3422 oc·

227 3439 340 3487 culti
376 3439 557 3494 ferunt.
649 3439 874 3483 Nimirum
929 3437 1117 3484 consilia

219 3495 392 3542 turbari
418 3511 509 3538 non
535 3497 763 3540 occultum
789 3506 907 3548 erat3
946 3497 1023 3541 sed
1056 3493 1120 3537 illi

231 3562 360 3603 crant
381 3553 570 3608 oeculti,
602 3556 677 3615 qui
702 3556 964 3604 turbabant,
995 3553 1039 3597 h.
1062 3569 1123 3603 e„

1239 2740 1665 2788 expugnatamque.
1725 2731 1808 2774 Ed.
1838 2729 1955 2789 Spir.
1990 2733 2063 2774 ob·

1181 2792 1527 2845 signatumque.

1240 2861 1402 2904 Petilio
1429 2860 1614 2904 Ceriali.
1672 2859 1734 2902 Ex
1760 2858 2074 2904 emendatione

1182 2918 1318 2978 Lipsii
1345 2917 1447 2961 edd.
1472 2918 1655 2962 Piehen.
1679 2933 1776 2974 sqq.
1839 2916 1950 2959 Nam
1973 2917 2074 2962 edd.

1184 2977 1285 3019 Put.
1310 2975 1377 3018 M.
1403 2984 1447 3018 et
1469 2975 1526 3018 V.
1548 2975 1757 3019 Beroald.
1779 2976 1900 3030 (cum
1927 2973 2075 3020 silent.

1183 3034 1319 3088 Vici.)
1353 3032 1451 3077 Alc.
1479 3033 1622 3076 Rhen.
1646 3048 1743 3090 sqq.
1779 3031 1942 3075 habent
1963 3031 2076 3074 Peto

1185 3090 1383 3141 Ceriali;
1421 3090 1489 3134 ed.
1513 3091 1630 3147 Spir.
1668 3105 1770 3133 cum
1795 3089 1930 3132 MSS.
1958 3088 2074 3132 Bud.
2144 3128 2146 3131 ,

1185 3147 1337 3190 Guelf.
1391 3149 1696 3202 petioceria'li.
1787 3146 1902 3188 Edd.
1952 3146 2001 3188 Li
2037 3163 2074 3191 s.

1186 3205 1319 3248 Grut.
1338 3205 1495 3249 Paeto.
1554 3205 1644 3248 Sed
1666 3204 1800 3247 iidem
1826 3203 1929 3246 libri
1955 3219 1995 3247 c.
2036 3203 2076 3246 3.

1186 3263 1357 3306 Petilii.

1242 3335 1409 3363 nonae.
1481 3320 1564 3364 Ed.
1597 3321 1718 3378 Spir.
1750 3333 1915 3363 novae.
1995 3319 2077 3362 Ea-

1188 3378 1290 3421 dem
1331 3393 1433 3420 mox
1466 3379 1703 3435 interficit,
1757 3385 1800 3418 et
1832 3378 2075 3420 avaritiae.

1190 3436 1280 3478 Pro
1314 3436 1526 3484 transiit,
1565 3433 1687 3493 quod
1715 3433 1761 3476 in
1790 3432 1892 3476 MS.
1921 3430 2075 3477 Guelf-

1192 3493 1295 3537 edd.
1313 3493 1433 3550 Spir.
1455 3492 1598 3535 Rhen.
1621 3507 1729 3594 sqq.¹
1742 3499 1826 3539 est,
1862 3491 1961 3535 edd.
1975 3490 2078 3538 Put.

1196 3551 1263 3595 M.
1289 3559 1333 3595 et
1356 3552 1411 3595 V.
1438 3548 1646 3595 Beroald.
1733 3565 1773 3594 c.
1797 3549 1988 3595 transit.
