2164 3990
1719 219 1951 304 '52:me

186 224 270 283 26
351 297 363 306 ,
847 218 1360 281 ANNALIUM

183 349 499 430 gavitque
477 398 494 423 ‚
556 361 855 426 comperto
890 348 1218 410 Graecam
1214 370 1450 430 quoque
1463 351 1873 416 litteraturam
1914 365 2039 418 ιιοιι

184 437 365 495 simul
387 450 652 514 coeptam
680 437 1144 512 absolutamque.
2020 472 2021 475 ,

353 521 522 584 XIV.
563 520 753 578 Primi
789 541 895 597 per
923 521 1139 593 figuras
1166 521 1513 580 animalium
1537 518 1814 603 Aegyptii
1835 543 2037 588 sensus

182 608 400 667 mentis
437 608 817 682 effingebant:
873 626 939 661 ea
975 605 1380 682 antiquissima
1413 610 1783 670 monimenta-
1812 623 2039 672 memo.-

183 692 310 751 riae
342 689 637 750 humanae
675 692 955 766 impressa
993 690 1143 755 saxis
1180 705 1522 754 cernuntur.
1610 707 1667 754 et
1707 698 2039 756 litterarum

182 789 366 836 semet
399 778 736 834 inventores
773 771 1110 850 perhibent:
1157 775 1296 832 inde
1319 775 1676 851 PhoenicaS‚
1719 784 1860 860 quia
1886 785 2039 842 mari

167 844 659 940 praepollebant,
719 860 988 916 intulisse
1033 858 1316 918 Graeciae
1365 825 1729 943 'gloriamqile
1776 869 2038 944 adeptos,

181 961 466 1027 tanquam
489 946 883 1023 reppererint,
914 966 1063 1022 quae
1091 959 1449 1022 acceperant.
1504 947 1740 1027 Quippe
1769 955 1923 1019 fama
1954 966 2039 1011 est

180 1031 475 1093 Cadmum
504 1033 681 1090 classe
701 1026 1070 1087 Phoenicum
1097 1043 1328 1089 vectum
1352 1033 1603 1091 rudibus
1629 1032 1821 1096 adhuc
1849 1036 2039 1096 Grae-

181 1140 385 1178 corum
410 1117 646 1194 populis
670 1116 811 1172 artis
840 1116 963 1172 eius
989 1129 1287 1173 auctorem
1316 1118 1512 1178 fuisse.
1557 1120 1800 1196 quidam
1822 1121 2038 1181 Cecro-

178 1225 315 1281 pem
340 1200 766 1262 Atheniensem
801 1202 895 1258 vel
927 1200 1150 1259 Linum
1188 1200 1547 1261 Thebanum
1586 1217 1642 1262 et
1675 1208 2038 1283 temporibus

169 1288 463 1348 Troianis
494 1287 870 1344 Palamedem
903 1282 1197 1362 Argivum
1226 1303 1556 1358 memorant
1588 1293 1841 1348 sedecim
1877 1293 2037 1351 litte-

179 1395 382 1433 rarum
405 1375 654 1443 sulmaS‚
702 1393 840 1429 mox
866 1373 1012 1429 alios
1040 1393 1105 1429 ac
1129 1374 1508 1451 praecipuum
1536 1375 1908 1433 Simonidem
1939 1398 2041 1436 ce-

179 1471 331 1517 teras
360 1459 708 1535 repperisse.
793 1453 924 1515 At
906 1479 971 1520 ln
997 1457 1166 1515 Italia
1194 1456 1431 1516 Etrusci
1465 1461 1539 1517 ab
1561 1459 1878 1519 Corinthio
1909 1461 2037 1544 Da·-

176 1556 433 1615 marato,
486 1540 842 1617 Aborigines
866 1539 1098 1601 Arcade
1133 1546 1206 1601 ab
1237 1532 1521 1602 Evandro
1559 1547 1924 1606 didicerunt:
1982 1557 2039 1607 et

175 1632 369 1688 forma
398 1630 614 1689 litteris
639 1628 908 1698 Latinis,
953 1650 1103 1705 quae
1137 1631 1469 1687 veterrimis
1498 1629 1880 1693 Graecorum.
1935 1637 2036 1692 sed

233 1769 470 1816 comperto
486 1761 720 1804 Graecam
743 1775 944 1817 quoque.
984 1759 1070 1804 Ed.

175 1822 295 1890 Spir.
331 1819 563 1874 Comperit
607 1834 784 1874 quoque
818 1818 1069 1884 Graecam.

174 1878 292 1922 Edd.
314 1876 417 1921 Put.
454 1877 521 1918 M
558 1885 599 1917 et
624 1875 682 1917 V.
710 1876 814 1918 Ber.
851 1876 972 1928 (cum
1006 1875 1069 1917 si-

174 1937 284 1980 lent.
299 1932 512 1990 Victorii)
530 1932 635 1976 Alc.
649 1932 792 1975 Rben.
808 1931 916 1977 Ald.
930 1931 1066 1976 MSS.

173 1993 292 2037 Bud.
309 1991 460 2035 Guelf.
476 1998 712 2046 comperto
731 2006 788 2046 qu
792 2003 907 2045 oque
921 1988 1066 2031 Grae-

172 2066 296 2095 cam.
362 2048 482 2092 Edd.
524 2056 714 2091 recenti.
752 2048 856 2090 inde
892 2064 915 2090 a
947 2047 1066 2104 Lips.

172 2108 318 2178 prima
342 2114 577 2162 comperto
593 2106 863 2172 Graecam
848 2119 1042 2161 q.uoquc

232 2164 346 2209 CAP.
366 2164 433 2207 14.
464 2164 737 2220 caantisqm'
719 2178 865 2205 sszma
881 2179 947 2206 m.
990 2162 1067 2205 Sic

173 2223 280 2280 edd.
295 2221 476 2267 Ernest.
496 2219 656 2264 Oberl.
675 2234 774 2286 sqq.
797 2237 844 2262 ex
861 2220 1068 2263 emenda-

173 2278 296 2326 tione
310 2278 464 2346 Lipsii.
522 2278 638 2321 Edd.
654 2294 827 2335 prloies
844 2294 945 2320 cum
962 2276 1065 2321 lus.

171 2347 218 2383 et
259 2337 585 2403 antiqui'sszma
629 2351 691 2377 m.
705 2371 717 2388 ‚
768 2336 892 2403 quod
933 2334 1067 2378 etiam

172 2393 380 2440 Victorio
413 2392 631 2438 intactum
667 2392 828 2436 mansit
861 2393 907 2436 in
944 2409 1008 2434 ex.
1031 2409 1067 2435 3.

170 2454 279 2498 Ber.
355 2451 565 2494 Restituit
599 2466 743 2509 nuper
773 2449 1068 2507 Kiesslingius

170 2526 267 2556 non
302 2509 406 2553 satis
448 2517 594 2560 recte,
646 2518 696 2551 ut
728 2507 836 2551 mihi
875 2508 1065 2550 videtur.

168 2569 260 2614 Sed
277 2564 581 2632 parenthesis,
608 2582 758 2624 quam
765 2581 811 2607 ex
825 2566 1069 2610 Freinshe-

171 2625 250 2679 mii
272 2624 488 2668 sententia
510 2623 584 2666 hie
605 2632 805 2681 ponunt,
837 2621 964 2666 nihili
984 2631 1067 2665 est.

170 2675 287 2741 Nam
312 2681 471 2727 verba.
514 2682 652 2738 effing
652 2684 838 2730 ebant
885 2687 966 2723 ‚et
988 2681 1068 2722 [ι’-ί

171 2743 385 2785 terat-'um
411 2753 448 2782 3.
473 2739 505 2781 i.
525 2754 602 2794 p.,
641 2755 734 2782 non
759 2738 818 2781 ita
855 2714 951 2782 arte
983 2753 1068 2781 co-

169 2798 382 2848 haerent,
415 2804 464 2838 ut
485 2796 756 2854 paxenthesis
782 2798 837 2839 sit
861 2811 1065 2839 necessa-

171 2855 254 2899 ria.
319 2851 474 2897 Ιιιιιιιο
506 2859 608 2911 post
647 2862 897 2896 cernuntur
931 2852 1065 2923 plena

172 2911 390 2980 ponenda
407 2920 509 2955 erat
526 2911 770 2954 distinctio.
828 2912 891 2954 Et
921 2909 1063 2977 sigm-

171 2970 276 3013 fleat
309 2970 470 3012 etiam.
543 2969 912 3026 Hieroglyphi‘eae
948 2967 1067 3010 enim

171 3035 307 3078 uotae
335 3035 380 3070 et
410 3026 583 3074 litterae
609 3035 845 3094 tantopere
865 3033 970 3068 sunt
997 3026 1065 3067 di-

170 3100 354 3135 versae,
387 3091 434 3132 ut
465 3083 520 3127 de
551 3084 752 3143 utrisque
785 3082 969 3127 seorsim
992 3099 1068 3126 es-

174 3150 242 3190 set
265 3141 523 3188 dicendum.

231 3199 356 3254 quia.
387 3198 576 3242 SicMS.
597 3197 745 3242 Guelf.
765 3199 865 3242 edd.
878 3199 983 3242 Put.
998 3197 1066 3241 Μ

173 3263 218 3299 et
237 3256 296 3299 V.
317 3254 421 3300 Ber.
443 3255 632 3309 (tacente
655 3257 793 3313 Viet.)
823 3255 1068 3300 A10.Rhe-

172 3326 407 3370 nan.sqq
438 3335 497 3344 ——-
554 3313 639 3356 Sed
662 3315 734 3357 ed.
760 3315 926 3372 Spir.q
931 3313 995 3357 ui.

172 3368 550 3475 msslrcrzzmedem·
626 3371 711 3415 Ed.
748 3372 869 3431 Spir.
901 3372 1063 3415 Palla-

231 3484 448 3528 sedecim.
523 3482 598 3527 Sic
637 3484 734 3528 MS
782 3486 905 3530 Flor.
948 3488 1065 3542 (test.

178 3528 320 3599 Vict.)
343 3540 444 3585 edd.
458 3541 577 3599 spii.
595 3541 699 3585 Put.
716 3543 773 3586 V.
791 3572 846 3580 --
873 3547 1066 3590 sedi'am

1145 1761 1216 1804 ed.
1233 1760 1337 1803 Put.
1355 1761 1423 1803 M.
1441 1783 1498 1794 --
1512 1762 1750 1806 sexdecim
1761 1761 2034 1808 MS.·Guetf.

1142 1819 1247 1861 edd.
1263 1818 1368 1861 Ber.
1384 1817 1487 1861 Alc.
1501 1817 1708 1862 Rhenan.
1723 1819 1832 1864 Ald.
1862 1821 1924 1865 cf.
1937 1824 2036 1866 nov.

1142 1876 1195 1918 ad
1218 1875 1470 1926 An.1,>17..
1980 1901 1989 1910 -

1191 1948 1518 1989 praeczpuum.

1136 2005 1321 2045 paam.

1140 2079 1143 2081 -
1199 2048 1424 2091 Etrus-cz.-
1461 2048 1538 2093 Sic
1559 2049 1662 2092 edd.
1684 2049 1804 2107 Spir.
1826 2022 2036 2095 Beroald'.

1147 2107 1194 2160 (t.
1214 2108 1247 2146 V
1256 2107 1404 2160 ‚.)Aic
1418 2106 1563 2149 Rhen.
1580 2122 1676 2164 sqq.
1699 2130 1752 2141 —-
1786 2117 1830 2150 et
1850 2109 2040 2153 Etrusci

1140 2164 1244 2207 edd
1262 2161 1363 2209 Put.¹
1380 2165 1444 2207 M.
1473 2164 1587 2207 etV;
1617 2165 1843 2209 eumMS.
1842 2166 2006 2222 Guetf.

1199 2224 1257 2264 ab
1304 2222 1546 2264 Corz'ntlzzo
1589 2221 1880 2266 Damarata.
1952 2224 2037 2268 Sic

1142 2280 1243 2322 edd.
1269 2279 1777 2337 recentt.1ndeaL1psu
1835 2281 1974 2324 rima.

1140 2337 1257 2380 Edd.
1288 2337 1406 2394 Spir.
1438 2339 1498 2378 ab
1524 2336 1772 2380 Corinthea
1843 2342 2037 2381 ismara-'‘-

1141 2398 1239 2437 tho.
1273 2422 1332 2430 --
1388 2394 1505 2436 E.dd
1536 2394 1641 2437 Put.
1674 2395 1743 2437 M.
1779 2403 1823 2438 et
1853 2396 1914 2439 V.
1945 2395 2036 2440 Be·-

1141 2451 1303 2494 roald.
1320 2453 1426 2507 (tae.
1465 2451 1601 2508 vict.)
1639 2452 1745 2495 Alc.
1777 2454 1838 2495 ab
1868 2453 2034 2497 Corin-1

1140 2511 1236 2551 thio
1271 2509 1583 2552 Demaratho.
1627 2534 1684 2544 -
1741 2509 1859 2553 Edd.
1889 2509 2031 2555 Rhen.

1140 2566 1246 2610 Ald.
1267 2568 1327 2608 ab
1348 2569 1394 2610 G.
1412 2568 1692 2610 Demarato.
1752 2567 2033 2624 Scripturam

1141 2625 1434 2667 Demaratlzo
1451 2639 1599 2665 veram
1616 2638 1710 2665 esse
1731 2625 1876 2689 arguit
1899 2627 2033 2669 aenea

1140 2681 1290 2726 tabula
1333 2688 1503 2739 repeita
1543 2680 1775 2739 Lugduni
1794 2697 1866 2724 an.
1911 2682 2033 2735 1628,

1139 2739 1257 2809 apud
1283 2739 1414 2781 Grut.
1449 2754 1493 2795 p.
1519 2739 1618 2781 502.
1652 2746 1694 2780 et
1727 2739 1844 2798 apud
1867 2739 2031 2785 Brote

1138 2800 1254 2841 rium
1279 2796 1324 2838 in
1351 2796 1467 2838 notis
1493 2797 1548 2839 ad
1569 2811 1609 2838 e.
1629 2795 1703 2839 24.
1758 2807 1761 2812 ·

1193 2854 1492 2907 Aborigines.
1537 2853 1639 2896 MS.
1654 2854 1782 2897 Flor.
1796 2861 1894 2923 te's't.
1908 2854 2032 2932 Vict.

1136 2911 1436 2966 aborigimbs.

1195 2972 1398 3012 Arcade.
1457 2968 1533 3011 Sic
1561 2969 1663 3012 edd.
1692 2969 1902 3013 Beroald.
1924 2969 2029 3014 Ale.

1137 3026 1283 3070 Rben.
1299 3042 1398 3084 sqq.
1414 3050 1469 3058 ·—
1492 3028 1707 3070 Archade
1729 3026 2031 3070 edd.Put.M.

1139 3094 1181 3127 et
1197 3085 1253 3127 V.
1269 3112 1327 3119 -
1323 3043 1587 3127 qArchades
1604 3085 1674 3127 ed.
1687 3085 1807 3143 Spir.
1823 3087 2031 3128 Arcades

1138 3141 1277 3186 MSS.
1300 3141 1424 3186 Flor.
1446 3143 1573 3198 (test.
1601 3142 1739 3198 Viet.)
1764 3141 1915 3185 Guelf-

1165 3206 1242 3300 (132
1256 3199 1473 3300 (grymi)
1503 3197 2029 3300 {iclilississffd'fflen}

1139 3272 1161 3299 e
1314 3273 1383 3315 pir
1478 3274 1506 3300 u
1696 3274 1718 3300 e
1876 3281 1929 3291 —
1985 3271 2009 3298 e

1604 1933 1688 1977 Ed.
1727 1935 1846 1994 spir.
1880 1903 2040 2017 fiee»

1124 3314 1323 3379 formae
1354 3315 1457 3358 edd.
1484 3314 1693 3358 Beroald.
1721 3315 1910 3369 (tacente
1944 3314 2032 3355 Vi-

1138 3371 1304 3427 ctor-io)
1333 3372 1436 3417 Alc.
1459 3372 1663 3416 Rhenan.
1689 3370 1797 3416 Ald.
1818 3387 1917 3430 sqq.
1959 3371 2031 3414 De

1138 3429 1240 3471 MS.
1283 3429 1409 3473 Flor.
1455 3431 1546 3474 lac
1581 3428 1844 3474 Gronovius
1891 3428 2032 3472 refert

1126 3486 1337 3543 sor.mas
1398 3487 1558 3530 Postea
1580 3487 1799 3544 Bernegg.
1822 3501 1919 3544 sqq.
1953 3502 2027 3529 re-

1139 3544 1320 3589 3ῑίῐιιειε
1342 3546 1483 3604 etsor
1486 3561 1582 3588 ma.
1642 3544 1822 3589 Rectius
1843 3546 2029 3588 tortasse
