2164 3990
160 1712 164 1715 ’
209 1699 382 1743 faustis.

1746 191 1802 275 2.·
1817 193 1969 278 ἓῑὲἑξ;

130 192 133 195 ⁴
208 200 332 265 344
869 192 1378 256 ANNALIUM

206 342 335 389 tum
361 341 463 388 est.
515 347 770 406 namque
797 338 853 384 et
874 323 1247 382 munimenta
1276 325 1524 400 ingressi
1547 338 1706 399 sunt,
1738 329 2055 407 antequam

204 417 414 489 agmen
425 412 769 473 Romanum
793 411 1120 479 excederet,
1146 419 1203 466 et
1225 409 1652 470 circumstetere
1674 413 1800 471 vias
1824 416 2055 492 captiva

207 501 355 556 olim
378 500 671 575 mancipia
700 508 799 552 aut
826 496 1087 551 iumenta
1114 509 1490 568 agnoscentes
1513 495 2056 578 abstrahentesque.

204 596 413 661 raptae
438 585 615 642 etiam
650 594 866 649 vesteS,
920 590 1147 635 retenta
1174 599 1337 637 arma
1365 583 1580 656 pavido
1608 585 1795 643 milite
1826 597 1884 643 et
1914 606 2060 644 con-

207 672 474 740 cedente,
517 689 591 730 ne
619 687 735 744 qua
760 665 975 740 proelii
1003 684 1175 722 causa
1212 666 1522 727 exsisteret.
1607 667 1927 744 Vologeses
1963 691 2060 727 ar-

204 757 317 812 mis
353 767 408 833 et
445 752 790 828 corporibus
823 770 1123 807 caesorum
1169 752 1479 823 aggeratis,
1531 773 1646 828 quo
1688 756 1914 811 cladem
1949 776 2064 812 no-
2093 751 2100 757 ’

206 853 388 898 stram
432 848 766 906 testaretur,
831 836 966 891 visu
1005 835 1361 907 fugientium
1408 836 1710 910 legionum
1730 907 1733 910 Δ
1755 841 2061 901 abstinuit.

206 927 363 983 fama
409 920 837 979 moderationis
887 921 1307 997 quaerebatur,
1372 933 1683 998 postquam
1725 927 2063 1000 superbiam

207 1013 557 1087 expleverat.
643 1007 863 1064 flumen
893 1005 1209 1062 Arsaniam
1239 1002 1551 1082 elephanto
1584 1007 1876 1080 insidenS,
1918 1031 2062 1086 pro-

203 1098 398 1153 ximus
423 1094 670 1176 quisque
689 1112 887 1166 regem
907 1091 971 1146 vi
995 1109 1283 1168 equorum
1306 1112 1624 1168 perrupere
1640 1139 1656 1163 ,
1700 1093 1838 1169 quia
1859 1115 2066 1154 rumor

209 1182 522 1238 incesserat
576 1189 818 1252 pontem
873 1195 1174 1233 cessurum
1222 1177 1392 1234 oneri
1444 1178 1583 1234 dolo
1630 1178 2068 1242 fabricantium.

147 1342 150 1343 ⁷
209 1268 307 1323 sed
337 1265 442 1346 qui
469 1263 701 1338 ingredi
725 1261 854 1319 ausi
880 1273 1046 1332 sunt,
1087 1261 1353 1321 validum
1383 1273 1440 1320 et
1461 1263 1646 1320 fidum
1669 1263 2026 1328 intellexere.

213 1466 541 1518 contumeliose
563 1482 670 1511 sane
693 1466 926 1510 Romanos
950 1473 1109 1511 tracta·

209 1535 282 1571 tos
314 1542 432 1575 esse,
476 1533 609 1582 atque
643 1524 750 1568 inde
772 1540 1010 1568 rumorem
1033 1540 1108 1568 ex-

213 1592 364 1628 ortum
381 1617 394 1636 ,
434 1583 559 1640 quasi
592 1583 674 1626 sub
703 1582 860 1640 iugum
885 1582 974 1625 sint
995 1582 1107 1624 mis-

209 1658 282 1686 sae
311 1641 537 1699 legiones,
592 1649 635 1684 et
668 1639 752 1683 alia
788 1655 837 1681 ex
867 1640 1003 1686 rebus
1034 1639 1111 1683 in-

1180 1467 1281 1511 Alc.
1309 1465 1458 1511 Rhen.
1493 1483 1513 1511 s
1547 1483 1591 1526 q.
1631 1487 1692 1500 -—
1734 1464 1943 1524 flumine
1972 1468 2074 1512 Ar·-

1180 1533 1365 1570 samete
1389 1524 1491 1568 MS.
1560 1523 1668 1575 uelf.
1705 1523 1765 1568 cf.
1787 1540 1921 1583 supra
1943 1535 2042 1572 not.

1240 1610 1506 1662 elephanto.
1579 1607 1716 1667 MSS.
1763 1607 1881 1656 Bud.
1919 1607 2074 1656 Guelf.

1182 1667 1229 1709 in
1255 1668 1518 1721 elephanta

1239 1750 1494 1850 ggoxffizus
1528 1751 1717 1808 quisque
1740 1719 1931 1820 segeni.
2001 1751 2078 1797 Sic.

1183 1808 1339 1912 &aab
1366 1824 1486 1922 Αζῖ
1502 1809 1810 1910 llsstfff'ssfflif'
1813 1812 1914 1915 ⁰122?
1938 1809 2076 1911 olgi-³5⁸

1188 1923 1289 1966 edd.
1337 1922 1455 1980 Spir.
1504 1922 1592 1967 Iac.
1640 1923 1846 1971 Gronov.
1897 1925 2076 1974 Ernest.

1183 1998 1283 2047 sqqt
1360 1980 1586 2024 Victorius
1630 1981 1848 2026 intactum
1892 1982 2079 2038 reliquit

266 1797 476 1838 namque
507 1790 552 1824 et
584 1798 650 1825 m.
689 1814 701 1825 .
729 1813 741 1825 .
767 1811 779 1822 .
806 1814 816 1823 .
851 1782 1114 1823 excederet.

209 1840 286 1885 Sic
306 1840 444 1884 MSS.
459 1840 584 1883 Flor.
610 1847 729 1891 (test.
742 1838 958 1895 Pichena)
984 1837 1111 1879 Harl.

209 1899 343 1941 Rodl.
373 1897 526 1941 Guelf.
562 1897 665 1940 edd.
701 1896 819 1952 Spir.
847 1896 953 1938 Put.
978 1895 1047 1936 M.
1072 1901 1116 1936 et

210 1955 271 2000 V.
310 1956 414 1998 Ber.
457 1956 513 2009 (e.
551 1955 695 1998 silent.
727 1954 863 2009 Vict.)
899 1952 1001 1996 Alc.
1038 1951 1112 1994 Pi-

213 2012 345 2057 chen.
370 2028 466 2070 sqq.
495 2039 555 2048 --
612 2027 728 2053 nam
748 2019 791 2052 et
814 2026 879 2052 m.
905 2041 918 2054 .
934 2043 944 2053 .
965 2041 975 2052 .
992 2040 1003 2052 .
1026 2012 1110 2050 de-

214 2074 401 2114 cederet
445 2069 647 2111 Rhenan.
694 2084 792 2126 sqq.
841 2067 956 2110 duee
1005 2065 1108 2108 MS.

214 2128 355 2178 Bud„
396 2127 443 2169 in
476 2142 567 2184 quo
602 2134 666 2168 est
699 2139 902 2179 namque
927 2139 991 2165 m.

211 2189 462 2228 decederet.
522 2183 623 2225 MS.
642 2184 725 2226 les.
746 2197 862 2223 nam
885 2189 929 2223 et
952 2196 998 2221 m
1003 2211 1112 2224 .....

212 2246 473 2285 excederet.
554 2239 656 2283 MS.
699 2240 842 2284 Corb.
890 2239 1109 2281 abscede--

212 2307 303 2345 ret.

235 2418 237 2420 r
270 2389 590 2439 agnoscentes.
664 2378 800 2423 MSS.
834 2378 961 2422 Flor.
997 2379 1114 2433 (test.

214 2441 357 2499 Vict.)
389 2451 436 2497 *et
464 2436 595 2482 Bud.'
618 2441 940 2486 adnoscentes.
1001 2435 1117 2483 Edd.

215 2507 322 2543 vett.
350 2514 457 2542 cum
483 2495 633 2540 Guelf.
668 2502 990 2550 agnoscentes,
1050 2491 1114 2537 cf.

215 2563 312 2600 not.
336 2555 390 2598 ad
418 2556 458 2607 6,
480 2555 523 2600 8.

277 2636 531 2694 bggeratis.
591 2636 694 2681 MS.
711 2634 865 2682 Guelf.
885 2635 987 2685 edd,
1010 2642 1118 2682 vett.

217 2700 344 2754 (cuni
383 2697 452 2741 sil.
493 2694 630 2750 Vict.)
675 2695 954 2749 aggregatis.
1030 2692 1120 2736 Sed

217 2756 319 2799 duxi
353 2770 459 2799 cum
484 2750 671 2796 Heinsio
704 2751 997 2794 scribendum
1029 2764 1121 2803 ag-

216 2813 407 2881 geratis.
481 2809 542 2854 cf.
592 2810 629 2860 1,
659 2809 732 2852 61.
776 2823 888 2866 ossa
928 2808 1124 2866 disiecta

217 2873 294 2913 vel
322 2875 554 2924 aggerata
565 2884 581 2920 ,¹
636 2867 679 2919 6,
703 2865 771 2910 19.
802 2865 1009 2920 dispersi
1039 2872 1125 2908 aut

221 2927 455 2983 aggerati.

266 3028 415 3084 fama
439 3019 820 3075 'moder-ationis,
901 3024 978 3069 Sic
1019 3023 1121 3067 edd.

219 3085 326 3134 Put.
353 3085 423 3134 M,
450 3093 493 3127 et
514 3082 574 3133 V.
597 3083 702 3132 Ber,
728 3084 786 3140 (c.
812 3080 962 3126 silent.
987 3081 1124 3138 Viet.)

220 3143 326 3186 Ale.
353 3141 499 3188 Rhen.
527 3157 629 3198 sqq.
661 3165 719 3173 —
760 3155 876 3183 nam
889 3139 1033 3195 fama
1057 3155 1122 3182 m.

222 3199 361 3242 MSS.
389 3199 499 3257 Reg.
526 3197 666 3243 Corb.
699 3197 772 3242 ed.
797 3197 914 3257 Spir.
948 3205 993 3239 et
1020 3195 1123 3243 MS.

225 3255 377 3306 Guelf.
404 3258 445 3312 (a
471 3273 562 3306 sec.
587 3258 682 3313 m.).

283 3356 564 3399 Arsaniam.
626 3353 702 3402 Sic
737 3354 837 3398 edd.
861 3353 979 3414 Spir.
999 3352 1127 3398 Pich.

225 3420 416 3516 2222.ss
465 3411 783 3514 zze-1:³53·
831 3439 898 3515 M.

225 3525 442 3581 Bet-pald.
505 3526 630 3582 (cum
689 3527 868 3582 silentio
922 3525 1131 3587 Victorii)

1181 2053 1308 2092 regl,
1366 2037 1487 2096 quod
1531 2039 1792 2095 praeferunt
1833 2039 1934 2084 edd.
1973 2040 2079 2084 Put.

1183 2095 1249 2139 M.
1275 2103 1315 2138 et
1339 2093 1394 2137 V.
1419 2094 1630 2141 Beroald.
1664 2096 1763 2140 Alc.
1795 2096 1941 2142 Rhen.
1978 2113 2080 2155 sqq.

1184 2152 1273 2196 Sed
1321 2151 1382 2195 cf.
1423 2151 1517 2195 Liv.
1557 2154 1597 2204 8,
1631 2152 1702 2198 32.
1747 2154 1829 2210 qui
1861 2155 2084 2209 proximi

1171 2210 1307 2267 forte
1332 2211 1543 2252 tribunal
1562 2217 1811 2257 steterant.
1871 2210 2000 2256 Caes.
2023 2213 2080 2255 B.

1189 2267 1247 2311 G.
1287 2270 1325 2315 1,
1357 2267 1428 2309 54.
1474 2269 1580 2310 Ubii
1614 2270 1828 2323 proximi
1859 2269 2080 2317 Rhenum

1185 2327 1408 2368 incolunt.
1469 2324 1648 2369 Sallust.
1682 2325 1779 2383 lug.
1806 2341 1846 2371 c.
1866 2327 1937 2369 49.
1963 2342 2079 2383 pro·
2114 2326 2120 2332 ”

1184 2385 1296 2438 pior
1349 2389 1573 2426 montem.
1662 2383 1779 2426 Ante
1827 2386 2083 2436 proximus

1190 2440 1293 2483 edd.
1322 2438 1428 2486 Put.
1454 2439 1520 2483 M.
1546 2447 1589 2482 et
1612 2440 1666 2484 V.
1691 2456 1790 2498 sqq.
1821 2440 1992 2485 addunt
2021 2450 2083 2496 ee,

1191 2498 1314 2556 quod
1336 2496 1558 2554 hodieque
1580 2497 1805 2554 vulgatur.
1865 2498 1953 2543 Sed
1976 2516 2081 2544 eum

1191 2553 1574 2666 ῗὲοοοᾶυὲὶέὶέεές
1599 2551 2083 2658 aAlNISShFlonGOeff.

1270 2645 1278 2654 .
1365 2629 1386 2654 ι·
1483 2629 1504 2654 v
1692 2629 1731 2658 r.
1813 2629 1835 2656 e
1869 2643 1880 2656 .
1971 2630 2026 2658 ue
2070 2647 2084 2659 .

1195 2669 1264 2713 ed.
1295 2669 1446 2728 spir„
1487 2677 1609 2713 recte
1644 2628 1807 2714 ogmissa
1837 2629 1905 2714 {st
1937 2687 1962 2714 a
1994 2673 2084 2717 lac.

1194 2726 1429 2770 Gronovio
1455 2735 1497 2769 et
1519 2726 1748 2770 Rroterio.
1808 2726 1903 2771 Pro
1935 2730 1983 2772 vi
2011 2730 2083 2776 ed.

1194 2784 1312 2842 Spir.
1341 2783 1515 2840 vulgari
1545 2799 1699 2827 errore
1720 2782 1852 2834 habet
1877 2785 1941 2830 in.

1196 2881 1515 2968 νιίξιιζωῗὲνε.
1578 2866 1788 2967 Silcffdd.
1820 2869 1926 2915 Put.
1950 2871 2018 2921 M.
2043 2881 2088 2922 et

1195 2940 1404 3081 ...ζὲ
1458 2926 2085 3053 .εῖ.ῑ;,;.;ῑὲ·>.ἳὲὲ,“ἓξες

1193 3039 1809 3198 ἓξὲιῂξῗᾶἶέῗέῖέζειῖἓὶ
1828 3042 2089 3158 9532220231

1258 3240 1467 3282 υαῖίάῑινη
1510 3247 1555 3282 et
1586 3240 1759 3295 fidum.
1836 3240 1912 3290 Sic
1952 3241 2090 3290 MSS.

1198 3295 1472 3341 Bud.Corb.
1498 3297 1600 3341 edd.
1623 3298 1768 3346 Rhen.
1793 3313 1894 3355 sqq.
1911 3322 1969 3332 --
2001 3316 2086 3343 va-

1199 3354 1318 3398 lidos
1353 3363 1398 3398 et
1417 3354 1548 3411 fidos
1578 3354 1647 3399 ed.
1679 3355 1711 3399 S
1744 3354 1799 3398 ir.
1842 3383 1902 3400 -—
1967 3359 2092 3403 vali-

1201 3414 1314 3453 dum
1357 3419 1401 3455 et
1426 3412 1630 3468 firmum
1661 3412 1716 3456 M
1751 3412 1799 3461 S.
1830 3411 1965 3465 Bodl.
2002 3414 2088 3458 les.

1202 3467 1354 3518 Guelf,
1388 3469 1488 3513 edd.
1520 3469 1626 3513 Put.
1652 3469 1720 3512 M.
1742 3477 1785 3513 et
1810 3470 1864 3515 V.
1886 3470 2091 3521 Beroald.

1203 3527 1326 3583 (cum
1349 3525 1499 3580 silent.
1518 3525 1653 3584 vict.)
1675 3525 1779 3578 Alc.
