2164 3990
1223 4 1253 53 ἰε
2054 0 2137 58 α»-

1799 197 2024 298 ἵὲἯᾳ

243 194 367 256 456
920 189 1428 262 ANNALtUM

241 330 376 398 „las
420 327 766 386 devotiones
779 358 802 396 ,-
860 345 983 382 nee-
1014 326 1197 385 aliud,
1227 326 1562 388 infelicibus
1587 383 1589 385 ,
1610 333 1885 405 precibus
1933 337 2105 400 invo-

242 413 417 483 „cavi
461 433 639 490 quam
686 424 754 469 ut
803 407 963 469 hunc
998 412 1290 492 optimum
1329 426 1554 488 patrem
1598 427 1663 472 tu
1695 414 1935 491 Caesar,
1982 442 2104 481 vos

242 508 487 573 „patres
516 497 823 556 servaretis
854 497 1230 555 incolumem.
1319 498 1401 555 sic
1438 512 1695 572 v'gemmas
1730 515 1786 560 et
1820 519 2008 564 vestes
2047 521 2106 566 et

241 583 590 657 „dignitatis
631 581 888 656 insignia
939 581 1110 650 dedi,
1182 585 1481 657 quomodo
1532 586 1583 646 si
1641 590 1988 662 sanguinem
2047 605 2104 652 et

241 667 918 745 „vitamvpoposcissenn
1006 664 1285 723 Viderint
1309 668 1406 724 isti
1435 666 1680 728 antehae
1711 671 1864 731 mihi
1896 677 2104 751 ignoti,

241 753 709 831 „quor-‘nomine
754 753 903 821 sint,
971 771 1117 828 quas
1151 763 1305 808 artes
1339 766 1670 813 exerceant:
1706 752 1708 754 ’
1739 762 1911 823 nulla
1950 759 2104 820 mihi

240 838 572 915 „principis
605 839 827 898 mentio
863 837 980 893 nisi
1005 838 1160 893 inter
1196 838 1444 895 numina
1470 840 1602 900 fuit.
1688 846 1875 903 nescit
1906 858 2104 906 tamen

241 923 655 995 „miserrimus
673 934 867 1000 pater:
915 934 972 979 et
999 923 1049 978 si
1074 923 1299 979 crimen
1325 936 1436 993 est,
1478 925 1601 982 sola
1625 927 1899 1005 deliqui.''

411 1033 667 1094 XXXII.
732 1033 1060 1111 Loquentis
1111 1029 1303 1091 adhuc
1350 1036 1530 1093 verba
1578 1039 1792 1114 excipit
1825 1035 2103 1100 'Soranus

222 1120 680 1198 <proclamatque
705 1141 830 1177 non
858 1121 1023 1175 illam
1057 1119 1121 1175 in
1150 1119 1518 1195 provinciam
1543 1143 1740 1180 secum
1766 1127 2105 1201 profectam,

237 1226 364 1262 non
386 1204 598 1263 Plauto
635 1226 741 1281 per
779 1216 1028 1263 aetatem
1060 1206 1225 1261 nosci
1259 1207 1551 1281 potuisse,
1595 1229 1720 1265 non
1756 1211 2105 1271 criminibus

233 1290 436 1348 mariti
472 1311 821 1348 connexam:
876 1291 1095 1347 nimiae
1137 1302 1366 1347 tantum
1402 1293 1636 1368 pietatis
1669 1315 1830 1352 ream
1871 1292 2105 1373 separa—

236 1387 400 1446 rent,
463 1387 639 1453 atque
693 1376 816 1452 ipse
857 1396 1270 1452 quamcunque
1317 1389 1533 1435 sortem
1569 1380 1809 1442 subiret.
1909 1382 2104 1441 Simul

236 1463 301 1518 in
323 1461 626 1537 amplexus
652 1462 1012 1519 occurrentis
1037 1461 1192 1517 filiae
1214 1462 1439 1532 ruebat,
1467 1463 1583 1520 nisi
1609 1465 1901 1523 interiecti
1931 1468 2103 1526 licto-

235 1567 327 1605 res
361 1547 627 1624 utrisque
670 1547 1052 1606 obstitissent.
1138 1545 1283 1603 Mox
1325 1548 1495 1604 datus
1531 1550 1776 1606 testibus
1813 1551 2002 1608 locus:
2047 1566 2104 1611 et

233 1644 524 1709 quantum
551 1632 988 1689 misericordiae
1017 1632 1258 1688 saevitia
1298 1634 1681 1691 accusationis
1716 1651 2103 1711 permoverat,

231 1729 466 1777 tantum
503 1718 624 1774 irae
662 1716 730 1778 P.
755 1715 1045 1793 Egnatius
1082 1718 1244 1774 testis
1279 1718 1553 1779 concivit.
1639 1720 1822 1777 cliens
1862 1717 1960 1782 hic
1990 1722 2103 1782 So-

230 1961 348 2006 Hinc
376 1963 549 2006 altaris
572 1976 713 2005 aram
735 1961 842 2005 dixit
857 1961 1132 2007 Prudentius

231 2019 279 2062 in
299 2018 502 2063 Cathem.
528 2021 568 2070 7,
589 2021 691 2063 203.
720 2027 761 2061 et
790 2020 1036 2077 peristeph.
1066 2024 1136 2073 10,

229 2076 303 2119 49.
366 2077 577 2121 Ceterum
614 2077 715 2120 MS.
740 2075 895 2119 Guels.
938 2094 1022 2134 pro
1052 2082 1131 2119 al·-

231 2135 356 2178 tas-ia
370 2133 511 2178 ‘habet
533 2137 706 2177 altare.

284 2206 370 2236 nec
401 2194 548 2234 aliud.
609 2192 709 2237 MS.
737 2190 891 2236 Guelf.
926 2207 1015 2236 nee.
1037 2195 1131 2235 ali-

229 2250 354 2305 quid.
421 2247 485 2293 cf.
517 2256 612 2297 not.
643 2249 698 2293 ad
730 2251 769 2301 1,
798 2250 841 2294 4.
915 2249 999 2292 Vix
1026 2250 1129 2293 abs-

231 2307 354 2351 tineo
376 2305 488 2365 quin
512 2321 745 2364 reponam.
790 2337 799 2343 -

287 2376 547 2434 infelicibus
565 2378 794 2432 precibu&
856 2377 918 2422 ef.
949 2386 1041 2423 not.
1079 2379 1130 2422 ad

289 2507 368 2536 vos
384 2499 564 2548 patres.
628 2491 990 2537 SieMSS.F10r.
1014 2497 1131 2548 (test.

204 2586 207 2596 s
230 2549 351 2595 Viet.
374 2566 480 2595 eum
503 2550 595 2594 Iac.
620 2549 852 2606 Gronov.)
883 2550 992 2608 Reg.
1026 2553 1132 2608 Agr.

225 2608 373 2653 Corb.
414 2607 520 2650 edd.
567 2607 694 2666 Spir.⁴
735 2607 880 2666 Ryek.
916 2609 1042 2651 Brot.
1074 2634 1133 2648 -.-

227 2674 275 2710 et
317 2679 401 2708 vos
437 2672 605 2718 patres
638 2664 777 2709 MSS.
815 2665 933 2709 Bud.
973 2665 1129 2709 Guelf.

227 2723 330 2768 edd.
359 2723 463 2766 Put.
494 2723 563 2766 M.
588 2731 632 2766 et
659 2723 711 2766 V.
736 2723 840 2766 Ber.
863 2723 967 2766 Alc.
990 2724 1131 2778 Rhen.

228 2797 327 2841 sqq.
353 2788 398 2823 et
421 2793 570 2839 nuper
594 2774 771 2824 Ernest.
800 2778 962 2824 Oberl.
987 2798 1085 2840 sqq.

285 2865 501 2908 gemmas
537 2858 583 2893 et
617 2859 768 2893 vestes
811 2858 856 2893 et
894 2852 1135 2903 dignitatis

227 2909 451 3010 ιἠεέῗόηιὶι.
511 2907 565 2953 ἓν
593 2907 672 2954 διὰ
705 2909 854 2954 δυοῖν.
915 2909 973 2954 ef.
999 2909 1133 2954 Roth.

229 2984 275 3027 p.
365 2999 377 3010 .

287 3037 567 3092 sanguinem
607 3045 651 3079 et
682 3038 848 3080 vitam.
916 3037 1132 3095 Synony*

225 3111 330 3146 ma,
389 3103 438 3138 ut
480 3094 598 3153 apud
636 3094 737 3139 Cic.
781 3111 865 3151 pro
904 3094 1039 3140 Rosc.
1079 3095 1131 3139 A.

232 3171 273 3197 c.
300 3153 343 3196 3.
407 3151 512 3195 Vid.
538 3151 670 3195 Roth.
704 3169 749 3211 p.
775 3153 820 3197 ὃ.
881 3152 991 3198 Mox
1014 3153 1135 3195 mihi

229 3215 353 3256 deest
405 3209 453 3255 in
496 3210 599 3262 MS..
643 3210 755 3266 Reg.
809 3219 913 3254 ante
965 3210 1130 3266 ignoti.

228 3265 387 3312 Guelf.
410 3283 493 3324 pro
519 3267 637 3309 mihi
654 3266 788 3311 habet
809 3270 964 3312 modo.
1008 3267 1132 3312 ldem

231 3342 334 3369 mox
359 3327 494 3368 artas.

285 3394 508 3450 principis
531 3395 722 3439 mentia
766 3393 850 3438 Ed.
865 3393 983 3453 Spir.
1005 3409 1133 3436 men-

231 3453 299 3497 cio
321 3453 558 3508 principis.

291 3522 403 3570 ΟΜ».
430 3523 500 3568 82.
554 3538 649 3568 non
668 3523 858 3571 Plauto.
912 3522 994 3567 Ed.
1015 3522 1131 3583 Spir.

1190 3034 1382 3089 ‚Puteoh
1412 3051 1510 3093 sqq.
1544 3034 1597 3078 ad
1626 3035 1842 3094 Lipsium.

1191 3108 1332 3144 *nunc
1362 3091 1532 3139 factum
1563 3101 1627 3134 est
1661 3110 1684 3135 e
1707 3094 1979 3150 compendio
2002 3100 2096 3139 mie

1205 1976 1302 2005 non
1325 1963 1528 2007 Plautio.
1588 1962 1699 2008 Mox
1720 1964 1823 2009 MS.
1849 1964 2000 2012 Guelf.
2023 1975 2098 2011 ta-

1206 2036 1331 2073 men,
1366 2030 1414 2064 ut
1438 2037 1582 2080 saepe,
1613 2037 1699 2080 pro
1724 2029 1935 2067 tantum.

1263 2100 1570 2145 separarent,
1600 2099 1740 2148 atque
1775 2097 1869 2144 ipse
1903 2110 1975 2151 qu.
2001 2110 2037 2140 s.
2058 2112 2098 2140 s,

1205 2148 1282 2191 Sic
1317 2149 1442 2191 MSS.
1479 2149 1602 2190 Flor.
1637 2150 1753 2202 (test.
1781 2149 1901 2194 Vict.
1934 2167 1974 2195 c.
2009 2153 2097 2197 Iac.

1206 2205 1471 2259 Gronovio)
1505 2207 1615 2262 Agr.
1658 2205 1773 2263 Reg.
1812 2207 1950 2251 corb.
1995 2210 2097 2253 edd.

1203 2262 1324 2319 Spir.
1360 2260 1507 2320 Ryck.
1537 2262 1628 2306 lae.
1660 2261 1871 2313 Gronov.
1906 2281 1957 2323 sq
1994 2291 2099 2319 .,--·

1203 2321 1299 2370 ipse
1344 2318 1506 2362 excidit
1542 2319 1590 2361 in
1623 2317 1759 2363 MSS.
1791 2321 1907 2366 Bud.
1947 2281 2098 2370 (guelf.

1203 2375 1330 2420 Harl.
1356 2376 1487 2423 Bodl.
1518 2377 1623 2429 les„
1654 2376 1775 2436 quod
1801 2379 1847 2422 in
1869 2378 1997 2433 Harl.
2021 2382 2098 2425 ad-

1207 2435 1351 2477 ditum
1373 2443 1438 2479 est
1460 2450 1483 2476 a
1501 2451 1592 2478 sec.
1616 2450 1675 2477 m.
1706 2457 1762 2468 --
1816 2449 2101 2493 separarent

1206 2509 1236 2533 a
1250 2507 1300 2534 se
1318 2506 1637 2548 quamcunque
1651 2500 1737 2536 ete.
1761 2493 1861 2538 edd.
1874 2494 1973 2545 Put,
1998 2513 2096 2556 sqq.

1207 2565 1346 2607 usque
1369 2550 1423 2593 ad
1446 2548 1687 2607 Ryekium.

1263 2620 1468 2675 utrisque
1490 2619 1788 2664 obstitissent.
1836 2622 1935 2669 MS.
1949 2621 2096 2670 Guelf.

1207 2679 1483 2719 obstitissent
1507 2678 1725 2733 utrisque.

1263 2757 1495 2803 quantum
1553 2747 1918 2794 misericordiae.
2020 2753 2099 2797 Sic

1206 2806 1340 2848 MSS.
1377 2805 1502 2848 Flor.
1541 2808 1659 2860 (test.
1698 2806 1834 2861 vict.)
1873 2805 2015 2853 vatic.
2046 2813 2098 2866 (t.

1205 2864 1347 2920 Lips.)
1385 2862 1523 2906 Corb.
1557 2861 1668 2919 Reg.
1706 2864 1805 2906 edd.
1840 2865 1955 2922 Spir.
1981 2865 2097 2925 Lips.

1209 2920 1334 2964 1574.
1357 2934 1454 2977 sqq.
1482 2944 1535 2952 -
1575 2929 1949 2974 quantumnunc
1966 2918 2096 2971 MSS.

1206 2978 1318 3023 Bud.
1359 2976 1484 3020 Harl.
1520 2976 1650 3022 Bodl.
1686 2979 1766 3021 les.
1798 2975 1947 3025 Guelf.
1993 2981 2097 3026 edd,

1915 3037 2097 3083 Scilicet

1207 3150 1267 3206 (b.
1299 3166 1338 3193 e.
1377 3151 1766 3206 misericordiae),
1803 3152 1927 3207 quod
1963 3141 2096 3197 exsta‘t

1204 3208 1250 3250 in
1274 3208 1373 3252 MS.
1398 3208 1524 3251 Flor.
1547 3206 1733 3265 aliisque
1756 3207 1898 3253 libris.

1257 3286 1575 3331 permoverat.
1649 3278 1730 3321 Ed.
1756 3278 1872 3339 Spir.
1895 3295 2095 3334 promo-

1203 3342 1362 3385 verat,
1396 3334 1567 3393 vulgari
1590 3333 1710 3378 vitio.

1265 3413 1449 3448 lantum
1483 3406 1663 3462 iraep.
1686 3405 1934 3461 Egnatius.
1993 3408 2095 3454 MS.

1205 3466 1243 3507 Α
1281 3481 1315 3506 r.
1367 3464 1553 3505 tantum
1606 3463 1805 3507 inuidiae
1856 3464 2096 3520 Egnatius.

1207 3481 1286 3564 Eii
1327 3521 1443 3580 spir.
1479 3527 1663 3563 tontum
1699 3522 1745 3564 in
1782 3534 1911 3578 repu.
1940 3523 2100 3582 Egna-
