2164 3990
57 1813 72 1822 -
131 1792 424 1842 incorrupta,
462 1787 696 1842 quamvis,
732 1787 780 1827 in
807 1793 839 1827 t.
864 1799 955 1828 res.
980 1801 1024 1828 u.

224 189 278 225 A.
298 187 354 228 U.
366 186 451 223 818.

220 231 337 268 A.1C.
367 229 450 264 ¹6⁵.

688 186 863 279 Liss.
898 187 1034 250 xv.
1105 183 1298 249 CAP.
1335 187 1436 248 41.
1867 170 2003 260 ¹375.

52 347 58 351 ·
133 341 344 396 magna
393 339 495 377 ara
548 317 899 392 fanumque,
969 337 1119 392 quae
1171 317 1465 392 praesenti
1505 315 1764 377 Herculi
1802 318 1985 379 Arcas

133 406 412 465 Evander
458 413 813 470 sacraverat,
879 402 1164 478 aedesque
1199 401 1448 467 Statoris
1489 400 1646 459 lovis
1684 418 1821 464 vota
1839 404 1988 466 Ro-

131 492 324 560 mu10,
365 488 708 563 Numaeque
729 486 889 560 regia
916 498 971 543 et
994 488 1313 544 delubrum
1343 486 1552 546 Vestae
1580 509 1714 546 cum
1750 493 1985 567 penati—

131 579 247 635 bus
263 575 471 652 populi
493 571 754 631 Romani
774 583 1004 628 exusta:
1049 572 1166 628 iam
1193 593 1331 647 opes
1354 585 1440 631 tot
1465 573 1725 631 victoriis
1751 579 1984 653 quaesi-

76 708 88 714 -
130 675 221 720 tae
256 673 314 719 et
350 657 711 718 Graecarum
756 657 970 714 artium
1011 658 1253 727 decora,
1317 659 1452 715 exin
1486 659 1850 718 monimenta
1889 663 1985 718 in-

132 748 438 822 geniorum
477 743 720 818 antiqua
759 753 815 798 et
860 742 1227 818 incorrupta:
1285 745 1554 819 quamvis
1584 743 1656 801 in
1690 756 1852 804 tanta
1890 768 1986 803 re—

131 830 422 906 sur-gentis
455 829 623 886 urbis
657 823 1102 902 pulchritudine
1121 874 1137 896 ,
1178 830 1366 885 multa
1404 831 1662 888 seniores
1695 832 1987 888 memine-

129 918 252 974 rint
293 935 443 992 quae
493 914 755 989 reparari
807 913 1151 989 nequibant.
1258 912 1446 972 Fuere
1486 916 1590 991 qui
1635 917 1987 975 adnotarent

127 1001 294 1061 XIV.
321 999 570 1058 Kalend.
597 998 844 1056 Sextiles
867 998 1229 1073 principium
1254 999 1515 1056 incendii
1553 996 1732 1059 huius
1769 1014 1986 1070 ertum,

131 1108 248 1164 quo
308 1097 367 1143 et
412 1083 678 1142 Senones
727 1075 956 1158 capta‘m
1007 1085 1216 1141 urbem
1259 1084 1775 1155 inflammaverint.
1885 1088 1989 1145 alii

130 1194 199 1228 eo
234 1191 422 1248 usque
458 1190 597 1226 cura
624 1167 915 1243 progressi
941 1181 1106 1238 sunt,
1149 1181 1216 1226 ut
1241 1170 1489 1227 totidem
1513 1192 1701 1229 annos
1726 1193 1987 1230 menses—

131 1277 245 1334 que
272 1269 330 1316 et
360 1255 485 1312 dies
511 1255 668 1312 inter
690 1265 940 1329 utraque
965 1253 1241 1310 incendia
1267 1270 1598 1317 numerent.

117 1541 122 1546 ,
187 1504 282 1554 iam
307 1515 422 1556 opes
443 1532 454 1543 .
474 1531 485 1542 .
505 1529 519 1544 .
538 1499 808 1555 nequibant.
870 1498 1019 1557 Vulgo
1095 1515 1242 1558 nuper
1265 1499 1456 1544 Bekker.
1481 1511 1524 1545 et
1543 1501 1852 1559 Kiesslingius.
1901 1502 1988 1550 Sed

133 1561 285 1603 locum
309 1557 558 1614 distingunt
583 1556 667 1599 ita:
698 1563 883 1598 exusta.
913 1555 1023 1599 Iam
1097 1558 1152 1601 de
1183 1575 1265 1601 suo
1292 1568 1496 1617 tempore
1518 1559 1700 1603 Tacitus
1725 1559 1924 1618 loquitur
1947 1569 1988 1602 ez

132 1630 262 1671 opes,
311 1623 379 1657 tot
413 1614 618 1657 victoriis
655 1614 920 1670 quaesitae,
979 1620 1024 1655 et
1098 1615 1152 1658 de
1189 1615 1462 1666 senioribus,
1513 1617 1589 1675 qui
1636 1627 1733 1661 tum
1776 1617 1990 1662 vivebant

131 1687 410 1728 graecarum
446 1674 624 1714 artium
666 1674 859 1719 decora,
911 1671 1025 1712 exin
1098 1672 1392 1729 viderantque
1425 1673 1615 1716 Romam
1653 1682 1756 1718 ante
1794 1672 1990 1717 Neronis

133 1733 426 1773 monimenta
451 1730 737 1782 ingeniorum
761 1731 955 1783 antiqua
980 1734 1026 1770 et
1096 1730 1374 1781 incendium.
1469 1731 1639 1774 Modus
1689 1732 1990 1775 meminerint

1098 1788 1255 1841 eadem
1289 1787 1463 1831 ratione
1493 1788 1657 1840 utitur,
1720 1804 1776 1832 ua
1799 1797 1900 1832 ante
1925 1797 1990 1830 est

128 1844 493 1901 pulchritudine,
526 1845 678 1885 multa
714 1851 798 1887 etc.
858 1842 1026 1888 Miror.

133 1903 248 1948 Nam
299 1901 489 1944 idoneus
541 1916 679 1943 nexus
733 1899 880 1951 deest,
933 1915 1024 1958 quo

133 1960 269 2006 verba
292 1959 466 2016 priora:
502 1958 616 2005 ¹Iam
642 1988 678 2001 ..
694 1988 706 2001 .
730 1959 1023 2012 incorrupta,

133 2034 236 2063 cum
269 2031 392 2074 seqq.
433 2017 782 2072 coniungantur.
873 2013 1025 2069 Quare

133 2084 176 2120 et
220 2074 450 2118 versiones
490 2071 754 2130 nostratium
799 2086 892 2114 non
934 2087 1023 2129 po-

132 2135 314 2176 tuerunt
341 2146 433 2174 non
466 2128 581 2173 male
614 2128 878 2186 procedere.
937 2127 1026 2172 Sed

132 2206 244 2235 vana
280 2195 373 2232 erat
407 2187 495 2231 loci
520 2186 841 2243 interpunctio.
902 2184 1024 2228 Ver-

132 2249 210 2292 ba:
242 2248 338 2288 iam
357 2281 366 2291 .
380 2277 393 2289 .
411 2277 421 2288 .
440 2245 729 2298 incorrupta,
759 2243 1027 2287 continuant

134 2319 373 2350 recensum
397 2318 550 2354 earum
575 2316 754 2351 rerum,
789 2316 902 2357 quae
930 2309 1025 2344 tum

135 2361 322 2404 amissae
343 2368 468 2403 sunt:
509 2357 685 2401 leniore
706 2356 843 2415 igitur
871 2358 1027 2403 distin-

135 2418 283 2464 ctione
307 2434 331 2461 a
351 2415 579 2477 prioribus
613 2423 740 2458 erant
771 2415 1030 2471 seperanda.

133 2473 384 2522 particulae
421 2476 519 2517 iam
557 2481 598 2516 et
628 2474 739 2515 exin
772 2470 1028 2517 inserviunt

136 2531 398 2578 ordinandis
430 2528 756 2588 nectendisque
795 2529 1027 2572 membris.

137 2590 214 2634 Sic
242 2589 342 2632 iam
378 2605 416 2632 c.
443 2587 542 2640 43„
577 2587 691 2630 exin
718 2587 761 2635 2,
786 2586 856 2629 16.
919 2585 1029 2629 Inde

135 2665 159 2694 a
195 2645 417 2695 vocabulo
458 2645 672 2702 quamvis
714 2660 831 2687 nova
871 2643 1030 2702 incipit

137 2705 269 2748 series
301 2703 572 2751 verborum,
613 2710 655 2745 et
687 2703 899 2758 quamvis
935 2716 1028 2744 non

137 2763 328 2829 pertinet
363 2761 418 2804 ad
449 2760 774 2811 meminerint,
817 2759 893 2802 sed
918 2775 1029 2803 con-

136 2817 360 2876 iungenda
390 2825 518 2860 sunt=
567 2817 776 2872 quamvis
809 2817 860 2858 in
893 2824 1030 2859 tanta

140 2890 182 2918 r.
208 2890 252 2918 u.
271 2875 630 2929 pulchritudine.

197 2933 504 2974 monimenta.
579 2931 655 2975 Sic
689 2931 789 2974 edd.
825 2929 1028 2974 Rhenan.

141 3006 263 3048 sqq.;
296 2997 605 3031 monumenta
627 2988 728 3032 MS.
753 2988 901 3032 Guelf.
930 2988 1029 3031 edd.

138 3047 243 3091 Put.
265 3043 472 3091 Beroald.
499 3045 556 3099 (c.
579 3044 725 3088 silent.
745 3046 885 3102 Vict.)
912 3045 1035 3097 Ale.;

139 3105 434 3149 munimenta
462 3104 530 3146 ed.
554 3103 698 3161 Spir.,
726 3104 900 3160 vulgari
924 3118 1031 3147 con·

139 3161 333 3206 fusione.
394 3159 453 3204 cf.
480 3168 573 3203 not.
598 3159 652 3202 ad
679 3162 716 3211 1,
737 3160 778 3204 3.

200 3219 513 3262 meminerint.
576 3215 653 3260 Sic
673 3216 775 3261 libri
799 3217 934 3260 MSS.
958 3219 1027 3259 in·

135 3285 300 3334 terque
332 3290 408 3317 eos
437 3273 592 3327 Flor.,
644 3274 747 3319 edd.
845 3275 900 3318 ir.
929 3274 1031 3318 Put.

137 3332 211 3378 Μ.
234 3341 278 3376 et
301 3330 358 3376 V.
378 3330 588 3376 Beroald.
611 3331 714 3375 Alc.
739 3340 783 3375 et
807 3340 810 3342 '
834 3333 904 3376 ein
930 3333 1030 3375 edd.

135 3389 326 3441 -Pisshen,
359 3389 411 3432 Bi
448 3420 458 3432 .
494 3386 654 3432 Oberl.
686 3411 744 3421 —
804 3390 1032 3432 memine-

132 3454 261 3501 rant
290 3446 390 3491 edd.
473 3461 564 3497 ‚en.
593 3447 660 3501 (ex
688 3445 886 3504 ingenio)
917 3446 1037 3505 Lips.

148 3502 367 3562 Bernegg.
393 3502 600 3549 Gronov.
622 3502 764 3561 Ryek.
788 3503 965 3548 Broter.
997 3513 1036 3547 et

1083 1845 1252 1902 suerit.
1310 1844 1418 1886 Mox
1442 1845 1546 1889 MS.
1573 1844 1691 1888 Guel
1715 1874 1728 1888 .
1754 1844 1867 1889 edd.
1883 1845 1988 1889 Put.

1096 1901 1167 1946 M.
1195 1909 1238 1945 et
1258 1901 1312 1944 V.
1334 1901 1587 1945 Sextilium
1609 1918 1694 1961 pro
1717 1901 1942 1946 Sextiles.

1155 1973 1359 2015 incendii
1375 1974 1529 2016 huius.
1572 1973 1671 2016 MS.
1684 1971 1838 2016 Guelf.
1861 1973 1992 2016 omit-

1096 2030 1155 2073 tit*
1174 2030 1333 2075 huius.
1588 2034 1590 2037 ’

1155 2102 1244 2144 quo
1272 2094 1317 2128 et
1340 2087 1567 2130 Senones.
1628 2086 1705 2156 Sic
1729 2087 1828 2130 edd.
1848 2086 1992 2130 Rhen.

1097 2152 1509 2247 {gs-Gema?
1537 2144 1992 2246 ffiffffiwftfff‘sst:

1099 2260 1243 2303 roald.
1267 2261 1324 2315 (c.
1350 2259 1494 2302 silent.
1510 2258 1651 2314 Vici.)
1674 2272 1735 2291 —'
1761 2273 1786 2301 e
1812 2259 1993 2315 quaed.

1101 2317 1221 2374 Spir.
1247 2341 1302 2350 ·--
1333 2332 1396 2358 ex
1419 2315 1508 2371 c'yuo
1520 2317 1622 2359 MS.
1641 2316 1783 2360 Corb.
1807 2316 1992 2361 ed.Alc.

1100 2374 1173 2417 De
1203 2374 1298 2417 aliis
1328 2374 1455 2417 libris
1480 2372 1707 2416 silentium
1732 2381 1821 2417 ests
1876 2372 1993 2415 Mihi

1101 2447 1260 2474 verum
1282 2431 1461 2474 videtur
1482 2447 1574 2473 esse
1596 2438 1643 2474 et
1661 2446 1765 2486 quo.

1158 2500 1571 2558 inflammaverint.
1624 2501 1700 2545 Sic
1722 2500 1993 2545 MSS.F101-.
2045 2512 2047 2514 ’

1102 2561 1218 2615 (test.
1239 2559 1382 2615 vict.)
1411 2558 1521 2616 Reg.
1547 2561 1654 2616 Agr.
1691 2557 1762 2604 ed.
1787 2557 1906 2617 Spir.
1937 2583 1995 2592 —

1099 2617 1523 2674 inflammaverunt
1543 2615 1678 2659 MSS.
1702 2615 1819 2660 Bud.
1839 2613 1993 2659 Guelf-

1102 2675 1204 2718 edd.
1239 2673 1342 2716 Put.
1373 2673 1443 2715 M.
1482 2682 1524 2715 et
1552 2672 1608 2716 V.
1644 2671 1854 2717 Beroald.
1890 2671 1995 2719 Alc.

1101 2730 1246 2775 Rhen.
1266 2747 1364 2789 sqq.
1398 2730 1600 2789 =Verum
1623 2729 1696 2773 illa
1719 2746 1790 2779 res
1813 2746 1994 2789 suspen-

1102 2804 1150 2833 sa
1173 2789 1261 2832 fide
1281 2788 1355 2832 hic
1379 2788 1576 2831 effertur.
1876 2785 1878 2791 ’

1161 2874 1216 2902 eo
1247 2873 1390 2915 usque
1421 2871 1550 2903 eura.
1611 2858 1760 2911 Alibi,
1795 2858 1880 2902 nisi
1915 2860 1995 2902 sal·
2052 2870 2058 2876 ²

1104 2917 1197 2968 lor,
1227 2917 1273 2959 in
1297 2916 1371 2959 tali
1398 2923 1605 2959 contextu
1629 2915 1793 2959 Noster
1818 2916 1996 2959 scribit:

1103 2990 1158 3016 eo
1179 2989 1321 3030 usque
1341 2987 1497 3015 curae.
1555 2973 1598 3024 4,
1622 2973 1698 3016 14:
1716 2988 1770 3016 eo
1780 2972 1996 3031 flagitio-

1105 3048 1236 3082 rum3
1297 3033 1346 3078 4,
1386 3033 1452 3073 10.
1496 3045 1550 3072 eo
1592 3032 1838 3076 audaciae.
1932 3030 1993 3074 cs.

1105 3088 1374 3133 Ranishorn.
1398 3086 1479 3130 Gr.
1512 3091 1539 3142 §
1564 3086 1661 3131 115.
1693 3104 1739 3146 p.
1765 3087 1862 3130 197.
1881 3089 1945 3143 2).

1162 3162 1287 3202 inter
1329 3166 1529 3214 utruque
1579 3159 1807 3201 incendia.
1892 3156 1993 3204 MS.

1104 3218 1217 3275 Agr.
1271 3217 1400 3258 inter
1449 3216 1686 3258 conditam
1737 3217 1897 3258 urbem
1951 3224 1997 3258 et

1104 3283 1302 3329 utraque
1326 3274 1550 3324 incendia,
1582 3288 1630 3314 ex
1656 3272 1825 3316 infelici
1846 3275 1995 3317 enien-

1106 3332 1237 3374 dandi
1267 3329 1428 3372 studio.
1487 3330 1600 3372 Nam
1623 3329 1726 3373 satis
1750 3338 1865 3387 patet
1889 3330 1997 3374 haec

1107 3388 1166 3432 ita
1183 3386 1470 3445 intelligenda
1497 3403 1606 3438 esse,
1631 3395 1680 3430 ut
1700 3388 1852 3445 priora
1874 3403 1997 3434 com-

1107 3452 1322 3507 putentur
1343 3444 1482 3500 spatia
1504 3444 1557 3487 ab
1580 3443 1683 3487 urb.
1709 3460 1748 3488 c.
1768 3445 1822 3494 ad
1842 3443 1999 3488 Gallos
2020 3471 2023 3473 -

1109 3510 1151 3545 et
1182 3517 1204 3543 a
1238 3499 1379 3545 Gallis
1410 3500 1464 3545 ad
1495 3500 1999 3557 Neronisvincendium.
