2164 3990
166 235 216 271 Α.
234 231 290 267 U·
308 223 395 265 813.

163 279 216 313 A.
233 274 281 312 C.
330 274 394 310 60.

604 231 780 295 LIB.
813 231 978 295 XIV.
1067 228 1264 295 CAP.
1307 228 1403 296 15.
1806 221 1934 294 253

82 366 219 426 tari:
280 346 683 440 exstructaque
736 363 894 437 apud
950 382 1188 433 nemim,
1260 363 1418 440 quod
1475 364 1677 421 navali
1729 377 1932 441 stagno

82 449 500 525 circumposuit
568 443 870 520 Augustus
890 491 907 516 ‚
1006 448 1416 505 conventicula
1499 461 1556 505 et
1633 470 1933 527 cauponae

82 546 139 592 et
187 535 378 610 posita
435 553 586 589 veno
647 532 1028 588 inritamenta
1085 533 1281 603 luxui,
1360 533 1769 612 dabanturque
1828 539 1934 595 sti...

79 639 211 696 peS‚
267 638 411 696 quas
451 618 598 674 boni
640 618 1004 687 necessitate,
1064 619 1517 693 intemperantes
1558 620 1744 693 gloria
1789 642 1934 679 con-

80 715 392 763 sumerent.
503 700 651 758 Inde
699 702 937 776 gliscere
978 703 1198 776 flagitia
1237 715 1292 759 et
1331 700 1599 774 infamia,
1654 723 1762 763 nec
1807 709 1933 766 ulla

80 791 344 847 moribus
364 787 508 844 olim
533 788 821 862 corruptis
845 788 976 861 plus
1000 788 1319 844 libidinum
1347 789 1732 848 circumdedit
1755 811 1932 867 quam

78 875 180 930 illa
205 873 502 931 colluvies,
577 872 694 929 Vix
719 873 944 928 artibus
965 868 1226 929 honestis
1252 875 1447 947 pudor
1467 874 1782 946 retinetur,
1823 872 1934 934 ne-

79 961 223 1017 dum
248 960 403 1015 inter
436 951 752 1014 certamina
777 957 1059 1013 vitiorum
1084 958 1366 1033 pudicitia
1395 971 1495 1017 aut
1515 962 1802 1019 modestia
1830 975 1933 1022 aut

79 1045 401 1122 quidquam
454 1043 630 1118 probi
679 1042 863 1099 moris
917 1053 1329 1102 reservaretur.
1426 1043 1762 1121 Postremus
1804 1049 1930 1124 ipse

80 1150 310 1187 scenam
334 1128 555 1186 incedit
581 1129 767 1184 multa
795 1147 933 1183 cura
958 1138 1190 1184 tentans
1215 1124 1496 1185 citharam
1524 1143 1579 1189 et
1598 1134 1931 1208 praemedi-

74 1371 164 1425 plis
182 1371 370 1412 credam
393 1382 492 1410 esse
505 1366 821 1423 manifestum,
849 1384 968 1425 quae

78 1429 194 1470 milti
223 1434 267 1468 et
301 1432 528 1482 quatenus
559 1426 731 1467 musice
765 1430 968 1480 placeat,

75 1485 287 1539 apertius
318 1491 476 1525 tamen
503 1483 817 1538 profitendum
839 1493 965 1538 puto,

76 1557 170 1584 non
213 1543 334 1583 hanc
375 1557 407 1582 a
455 1556 530 1583 me
561 1541 790 1595 praecapi,
846 1558 966 1598 quae

76 1615 198 1642 nunc
219 1598 273 1639 in,
290 1599 438 1640 scenis
460 1598 726 1652 effeminata
757 1607 802 1639 et
823 1599 964 1651 impu-

77 1657 194 1699 dicis
229 1655 379 1697 modis
397 1655 588 1708 fracta,
616 1669 712 1696 non
740 1670 803 1698 ex
825 1664 965 1711 parte

78 1713 302 1763 minima,
351 1711 396 1754 si
426 1713 537 1767 quid
569 1712 618 1753 in
658 1714 786 1755 nobis
824 1715 965 1756 virilis

77 1772 255 1812 roboris
302 1771 548 1820 manebat,
603 1770 790 1814 excidit.
877 1770 962 1814 Ed.

76 1827 197 1886 Spir.
221 1843 303 1885 pro
325 1833 482 1881 gestus
505 1825 578 1869 dat
601 1834 764 1881 gestos.

132 1900 300 1950 nauali
314 1906 493 1950 stagno.
553 1897 612 1939 cf.
639 1897 792 1947 1256.
841 1897 962 1942 Suet.

78 1955 184 1999 Oet.
221 1971 262 1998 c.
287 1952 357 1997 43.
427 1953 538 1995 Mox
568 1952 717 1998 Guelf.
749 1969 963 2009 caupona

76 2030 159 2072 pro
181 2026 435 2066 cauponae.

132 2091 175 2126 et
192 2083 349 2137 posita
376 2095 506 2124 vena.
568 2081 824 2139 Operarum
854 2081 960 2124 vitio

73 2142 121 2184 in
155 2139 223 2183 ed.
248 2140 347 2182 Put.
369 2138 424 2182 V.
460 2139 706 2197 inrepserat
738 2155 847 2182 vero
909 2156 961 2196 ro

71 2213 213 2248 veno,
259 2196 381 2254 quod
417 2196 575 2240 vitium
619 2197 721 2239 dein
769 2198 816 2240 in
855 2156 960 2240 aiias

76 2256 175 2298 edd.
199 2255 342 2304 venit,
372 2253 504 2296 etiam
529 2255 574 2297 in
598 2254 666 2297 ed.
686 2255 789 2298 Ale.
851 2254 960 2298 Cor-

72 2313 182 2355 ·rexit
218 2310 458 2354 Rhenanus
497 2327 520 2353 e
559 2310 661 2355 MS.
692 2311 808 2355 Bud.
857 2328 961 2354 cum

75 2385 164 2427 quo
200 2366 348 2411 Guelf.
382 2369 620 2412 consentit.
710 2369 845 2427 Apud
879 2369 960 2411 Be-

72 2427 279 2469 roaldum
306 2425 453 2471 inveni
474 2441 607 2468 veno,

130 2498 435 2539 inritamenta
476 2497 625 2539 luxui.
714 2495 790 2540 Sic
822 2495 960 2539 MSS.

73 2553 198 2598 Flor.
221 2555 334 2607 (test.
360 2552 500 2608 Viet.)
531 2551 644 2610 Reg.
680 2562 722 2596 et
746 2553 814 2595 ed.
841 2552 959 2610 Spir-

74 2611 151 2654 Sic
185 2614 356 2651 decora
375 2610 569 2665 feminis
600 2613 640 2662 2,
661 2610 756 2662 55.;
799 2613 962 2664 plures

74 2669 288 2712 seditioni
308 2669 445 2709 duces
477 2669 513 2718 1,
534 2667 630 2719 22.;
659 2669 810 2725 finem
841 2670 959 2709 bello

73 2727 115 2778 2,
135 2726 232 2777 21.;
271 2727 462 2766 modum
492 2733 687 2778 argento
719 2726 761 2776 2,
783 2724 854 2768 33.
881 2725 959 2766 ubi

75 2783 170 2826 vid.
209 2790 302 2824 not.
348 2804 405 2812 —
474 2782 777 2824 irritamenta
819 2784 961 2824 luxus

70 2839 172 2884 MS.
195 2838 348 2881 Guelf.
377 2837 476 2880 edd.
502 2838 603 2883 Put.
626 2839 692 2885 M.
725 2849 769 2883 et
794 2837 849 2882 V.
876 2840 959 2881 Be-

74 2896 220 2966 qoald·
244 2896 351 2939 Alc.
382 2893 525 2937 Rhen.
549 2912 647 2954 sqq.
681 2921 736 2930 -
795 2897 961 2939 irrita-

74 2962 232 2997 menta
252 2953 475 2994 luxuriae
495 2953 629 2996 MSS.
654 2952 798 2998 Vatic.
820 2954 931 3012 Agr.

130 3025 468 3078 dabanturque.
544 3022 619 3066 Sic
650 3023 753 3067 Put.
784 3041 881 3082 sqq.
917 3040 957 3066 c.

74 3080 173 3125 MS.
203 3078 354 3124 Guelf.
389 3103 448 3112 —
527 3080 610 3124 Ed.
642 3081 760 3140 Spir.
796 3081 962 3125 omittit

104 3154 173 3181 ue.

74 3154 101 3194 q
129 3209 213 3249 nec
245 3195 358 3237 ulla.
441 3193 673 3238 Ernestius
717 3195 957 3239 delendum

75 3260 225 3296 censet
257 3255 355 3293 ulla
384 3250 813 3309 intelligendumque
838 3255 959 3308 quid,

76 3311 340 3364 quidquam.
412 3308 545 3351 Putat
575 3309 732 3352 similia
763 3308 957 3367 exempla

75 3381 122 3407 se
142 3366 398 3423 repperisse.
456 3365 639 3409 Utinam
662 3365 914 3410 addidisset.

133 3437 242 3476 olim
264 3437 506 3490 corruptis.
572 3435 648 3480 Sic
675 3436 810 3479 MSS.
835 3435 955 3479 Flor.

76 3491 190 3545 (test.
207 3490 292 3535 Iac.
306 3491 530 3546 Gronov.)
550 3491 699 3536 Guelf.
725 3493 824 3537 edd.
838 3493 955 3550 Spir.

75 3548 174 3592 Put.
206 3547 271 3592 M.
306 3557 348 3593 et
378 3549 433 3594 V.
469 3550 676 3594 Beroald-
712 3551 772 3605 (ς.
806 3548 952 3594 silent.

1041 1369 1176 1425 Vici.)
1210 1369 1312 1414 Ale.
1350 1370 1525 1416 Ernest.
1557 1389 1654 1431 sqq.
1692 1401 1751 1410 --
1817 1386 1928 1418 co'r-

1038 1431 1188 1483 ruptis
1211 1430 1319 1470 olim
1343 1430 1442 1471 edd.
1469 1430 1609 1475 Rhen.
1636 1447 1734 1490 sqq.

1095 1521 1434 1556 reservaretur.
1514 1513 1591 1557 Sic
1632 1515 1735 1559 MS.
1774 1516 1927 1565 Guelf-

1036 1570 1251 1613 edd.Put.
1277 1586 1373 1628 sqq.
1401 1587 1503 1613 cum
1529 1570 1705 1615 silentio
1721 1572 1928 1620 Victorii.

1035 1626 1118 1668 Ed.
1161 1627 1277 1684 Spir.
1327 1636 1624 1677 reservatur,
1684 1630 1803 1673 unde
1845 1631 1927 1676 Er·

1035 1684 1203 1725 nestius
1232 1686 1483 1743 suspicatur
1505 1686 1743 1744 legendum
1773 1703 1925 1732 reser-

1034 1749 1191 1792 vetur,
1230 1743 1301 1785 cui
1328 1752 1476 1785 tamen
1501 1742 1675 1786 formae
1703 1744 1775 1788 hic
1800 1746 1928 1791 locus

1035 1797 1213 1849 nullus3
1260 1799 1401 1841 immo
1449 1801 1648 1858 optativo
1695 1818 1806 1859 opus
1847 1812 1927 1850 est.

1032 1855 1174 1898 Paulo
1214 1865 1313 1899 ante
1342 1855 1493 1901 Guelf.
1525 1857 1613 1902 fert
1645 1862 1819 1933 quicad
1842 1877 1925 1919 pro

1034 1927 1304 1982 quidquam.

1086 2016 1354 2063 postremus
1383 2013 1491 2058 ipse.
1563 2011 1639 2054 Sic
1673 2012 1774 2058 edd.
1815 2025 1925 2060 vett.

1035 2082 1138 2109 cum
1170 2065 1349 2109 silentio
1375 2066 1591 2121 Victorii5
1626 2069 1691 2112 sio
1722 2079 1763 2113 et
1792 2073 1928 2118 MSS.

1032 2123 1148 2166 Bud.
1191 2123 1345 2168 Guelf.
1396 2134 1438 2168 et
1479 2126 1574 2177 alii,
1637 2126 1721 2171 nisi
1774 2128 1925 2176 fallor.

1033 2181 1142 2223 lude
1168 2181 1352 2240 aLipsio
1378 2183 1514 2225 edunt
1532 2192 1788 2237 postremo.
1819 2188 1925 2232 Per-

1033 2255 1202 2296 per-am.
1292 2240 1567 2282 Postremus
1619 2250 1669 2284 ut
1714 2259 1924 2300 graecum

1033 2296 1290 2345 τελευταῖος
1330 2297 1514 2352 ponitur
1558 2299 1761 2343 adverbii
1806 2301 1924 2356 loco,

1033 2352 1248 2451 quoniam
1291 2355 1342 2396 ad
1385 2355 1530 2412 ipsum
1570 2357 1820 2401 subiectum
1854 2376 1925 2402 re-

1054 2420 1192 2453 ertur.
1252 2410 1311 2453 ef.
1337 2411 1550 2454 Matthiae
1572 2412 1653 2456 Gr.
1696 2418 1723 2468 §
1748 2416 1849 2460 446.
1880 2418 1923 2463 8.

1032 2466 1163 2508 Prius
1197 2467 1319 2509 Nero
1353 2467 1462 2510 alios
1495 2468 1613 2512 viros
1647 2472 1819 2516 nobiles
1853 2475 1923 2517 in·

1033 2523 1253 2566 vitaverat
1289 2525 1341 2566 ad
1378 2524 1646 2568 histrionum
1689 2539 1833 2586 partes
1873 2531 1922 2575 in

1031 2596 1163 2624 scena
1187 2581 1401 2636 agendas3
1441 2590 1691 2640 postremus
1713 2585 1805 2646 ipse
1827 2604 1919 2634 sce·

1031 2653 1137 2680 nam
1161 2638 1344 2682 incedit.

1085 2735 1291 2764 scenam.
1366 2722 1441 2764 Sic
1478 2723 1612 2767 MSS.
1654 2725 1778 2769 Flor.
1811 2727 1921 2787 Reg.

1030 2777 1175 2821 Vatic.
1209 2778 1378 2836 (Lipsii)
1415 2780 1526 2837 Agr.
1565 2780 1666 2824 edd.
1691 2783 1810 2842 Spir.
1842 2788 1920 2830 Be·

1030 2835 1173 2877 roald.
1201 2835 1319 2892 Lips.
1354 2853 1451 2895 sqq.
1484 2863 1536 2870 —
1599 2853 1765 2884 scenas
1785 2843 1920 2889 MSS.

1030 2892 1182 2991 gineis.
1206 2894 1319 2991 Biid.
1345 2895 1443 2937 edd.
1464 2895 1565 2939 Put.
1587 2895 1656 2939 M.
1684 2906 1727 2941 et
1741 2897 1794 2944 V.
1816 2901 1917 2946 Ale.

1086 2965 1175 2991 ien.
1201 2954 1237 2992 A
1265 2951 1307 2993 d.

1087 3035 1272 3076 incedit.
1355 3035 1430 3078 Sic
1463 3036 1597 3079 MSS.
1634 3036 1754 3082 Flor.
1797 3045 1917 3096 (test.

1032 3090 1171 3146 Vict.)
1212 3091 1319 3147 Reg.
1354 3093 1467 3135 ssud.
1498 3091 1647 3137 Guelf.
1675 3098 1784 3153 Agr.
1819 3099 1918 3143 edd.

1032 3148 1149 3206 Spir.
1181 3147 1384 3192 Rhenau.
1427 3149 1532 3193 Ald.
1568 3151 1745 3195 Ernest.
1788 3154 1916 3201 Brut.

1035 3205 1240 3248 Oberlin.
1260 3220 1355 3263 sqq.
1383 3235 1440 3242 --
1471 3211 1677 3251 ascendit
1700 3209 1916 3257 edd.Put.

1031 3264 1098 3305 Μ.
1123 3271 1165 3304 et
1187 3260 1242 3304 V.
1264 3261 1475 3307 Beroald.
1501 3264 1601 3308 Ale.
1629 3289 1684 3298 ·-
1735 3266 1916 3313 inscen-

1031 3322 1101 3362 dit
1135 3319 1233 3360 edd.
1268 3319 1402 3377 Lipsii
1434 3336 1529 3379 sqq.
1566 3323 1618 3365 ad
1646 3322 1915 3381 Ernestium,

1030 3386 1077 3420 ut
1100 3375 1297 3424 videtur,
1327 3393 1350 3419 e
1371 3377 1470 3421 MS.
1490 3380 1627 3422 vatic.
1688 3379 1800 3425 Nam
1815 3376 1914 3443 Lip-

1026 3434 1117 3534 {3¹3⁸
1149 3433 1400 3535 progtqitugf
1417 3435 1754 3537 e1¹ifi³1ri⁸·i¹a‹1⁸e
1787 3442 1913 3540 reJti-

1047 3507 1174 3534 uisse.
1268 3507 1289 3532 e
1364 3508 1371 3515 ·
1398 3522 1408 3534 .
1459 3525 1471 3544 ,
1551 3524 1562 3536 .
1594 3508 1689 3536 mee
1721 3507 1806 3539 unt
1855 3514 1907 3540 o-

1024 3563 1098 3592 cos
1135 3554 1355 3592 maestos.
1423 3549 1534 3595 infr.
1566 3566 1606 3595 c.
1627 3551 1699 3596 22.
1715 3554 1909 3609 fontem
