2164 3990
22 0 82 56 ,¹2²
197 42 218 79 a
245 12 255 27 μ’
296 42 297 45 ¹
1285 66 1292 98 '

107 231 399 353 ‘ffgsgg
571 266 909 344 muxn.
983 263 1443 330 CAP.42.43.
1800 259 1931 335 '113

79 417 183 463 tor
198 403 320 461 eius
329 398 606 461 Vitellius
626 397 993 454 validissima
1015 398 1201 473 gratia
1214 443 1230 468 ‚
1267 409 1452 456 aetate
1477 409 1731 459 extrema
1753 400 1930 481 (adeo

79 490 334 546 incertae
366 496 506 543 sunt
540 482 874 559 potentium
909 480 1031 562 res)
1072 484 1441 557 accusatione
1473 485 1793 561 corripitur
1826 490 1933 547 de-

75 574 299 631 ferente
333 567 506 628 Iunio
539 567 713 643 Lupo
757 579 1045 640 senatore.
1148 569 1200 624 is
1235 569 1482 626 crimina
1521 571 1840 644 maiestatis
1875 589 1933 635 et

78 657 418 734 cupidinem
474 653 712 730 imperii
764 652 1111 712 obiectabat.
1218 654 1696 733 praebuissetque
1761 678 1932 717 aures

75 739 319 812 Caesar,
379 739 498 796 nisi
540 734 906 814 Agrippinae
953 736 1134 793 minis
1188 739 1372 813 magis
1427 759 1606 816 quam
1656 744 1932 817 precibus

74 837 332 884 mutatus
355 835 532 895 esset,
570 835 639 881 ut
661 821 987 880 accusatori
1011 842 1165 899 aqua
1187 836 1361 901 atque
1388 824 1515 898 igni
1535 825 1931 894 interdiceret.

74 908 356 970 hactenus
374 908 656 968 Vitellius
677 909 966 968 voluerat.

239 1019 465 1080 XLIII.
528 1018 726 1079 Multa
764 1039 831 1076 eo
871 1039 1029 1076 anno
1069 1019 1342 1094 prodigia
1380 1040 1643 1089 evenere.
1740 1023 1932 1082 inses-

76 1128 208 1166 sum
262 1107 409 1163 diris
460 1106 669 1163 avibus
723 1104 1094 1180 capitolium,
1165 1105 1384 1161 crebris
1428 1117 1617 1163 terrae
1665 1110 1930 1168 motibus

74 1203 351 1268 prorutae
389 1193 625 1260 domm,
677 1209 744 1246 ac
779 1191 924 1246 dum
957 1188 1134 1255 latius
1165 1191 1477 1261 metuitur,
1536 1193 1929 1268 trepidatione

74 1277 239 1351 vulgi
270 1276 566 1332 invalidus
594 1274 841 1351 quisque
873 1274 1095 1334 obtriti.
1180 1276 1416 1347 frugum
1447 1297 1682 1354 quoque
1711 1292 1929 1355 egestas
2014 1323 2017 1334 .

74 1372 131 1417 et
153 1371 281 1419 orta
309 1380 379 1417 ex
402 1381 468 1418 eo
495 1361 677 1416 fames
711 1359 777 1415 in
812 1359 1152 1434 prodigium
1183 1361 1595 1436 accipiebatur.
1679 1360 1802 1423 Nec
1827 1387 1931 1425 oc-

74 1445 217 1503 culti
235 1457 468 1503 tantum
496 1458 762 1522 questus,
805 1445 906 1500 sed
934 1445 1065 1501 iura
1091 1445 1437 1501 reddentem
1458 1444 1780 1525 Claudium
1812 1451 1931 1509 cir..

70 1550 407 1588 cumvasere
440 1531 799 1588 clamoribus
837 1530 1092 1587 turbidis
1121 1531 1477 1608 pulsumque
1513 1531 1579 1588 in
1611 1546 1931 1596 extremam

0 1674 1 1677 ,
69 1615 189 1673 fori
213 1626 442 1692 partem
469 1616 534 1673 vi
568 1616 886 1689 urgebant,
931 1615 1117 1672 donec
1153 1616 1415 1672 militum
1449 1617 1625 1690 globo
1667 1618 1929 1681 infensos

70 1702 356 1777 perrupit.
449 1699 810 1772 Quindecim
838 1700 1070 1756 dierum
1109 1699 1388 1758 alimenta
1420 1702 1587 1773 urbi,
1642 1702 1766 1761 non
1799 1727 1930 1763 am-

71 1785 257 1860 plius,
306 1785 659 1860 superfuisse
704 1785 990 1842 constitit:
1057 1803 1385 1863 magnaque
1430 1787 1607 1845 deum
1652 1790 1928 1865 benigni-
1990 1832 1992 1834 ψ

128 2043 254 2086 aqua
274 2035 415 2084 atque
437 2027 548 2083 igni.
599 2027 675 2071 Sic
687 2026 820 2071 MSS.
835 2026 959 2071 Flor.

69 2087 188 2142 (test.
212 2083 352 2142 Viet.)
383 2083 541 2131 Guelf.
581 2084 652 2128 ed.
685 2084 875 2129 Bekkcri
908 2101 960 2127 ex

67 2158 153 2187 usu
174 2143 337 2186 Taciti.
397 2158 426 2185 a
459 2158 522 2185 ua
551 2149 691 2198 atque
727 2144 827 2198 igne
855 2142 957 2186 edd.

67 2201 172 2245 Put.
197 2200 268 2243 Μ.
289 2207 333 2244 et
350 2197 407 2242 V.
428 2219 430 2222 ·
474 2199 645 2243 eroald.
673 2199 776 2244 Alc.
810 2199 957 2244 Rhen-

55 2273 167 2318 ‘sqq.
227 2272 354 2315 aqua
373 2264 421 2300 et
441 2258 548 2312 igne
572 2256 640 2300 ed.
665 2257 784 2315 Spir.

1090 2035 1212 2071 orta.
1267 2027 1352 2072 Ed.
1378 2027 1497 2087 Spir.
1523 2037 1671 2074 ortae.

1029 2099 1424 2200 Gaaeiquzggaffl.
1520 2099 1598 2144 Sic
1632 2101 1771 2146 MSS.
1809 2103 1926 2174 I3ud.

1030 2171 1231 2280 ὸαῗῗιαξε
1249 2189 1349 2280 ed'q.
1387 2172 1924 2282 εᾏῖἶῃῄἷᾲὲἓὲῃ.”ἒῗιῖἴῖἷεζ

1027 2286 1134 2372 {ii-‘tn
1168 2268 1346 2314 sllentlo
1373 2269 1584 2316 V1etoru.
1652 2273 1822 2319 Parum
1855 2293 1924 2322 re-

125 2341 434 2385 interdiceret.
531 2338 608 2383 Sic
650 2338 785 2383 MSS.
829 2341 956 2387 Flor.

67 2400 184 2456 (test.
204 2398 343 2452 Vict.)
363 2396 482 2440 Bud.
507 2397 607 2439 edd.
628 2395 831 2441 Rhenan.
856 2415 906 2457 sq
944 2433 954 2444 .
1086 2400 1444 2443 circumvasere.
1501 2399 1585 2443 Ed.
1603 2398 1724 2458 Spir.
1748 2401 1924 2448 circum

65 2481 127 2491 —
155 2455 504 2499 interdiceretur
525 2453 660 2497 MSS.
677 2453 803 2498 Harl.
821 2455 918 2499 Bod
946 2488 956 2499 .
1028 2455 1258 2514 inuasere.
1679 2456 1682 2460 “

68 2513 154 2558 Ies.
187 2511 342 2558 Guelf.
374 2510 475 2555 edd.
499 2510 601 2553 Put.
629 2511 697 2553 M.
725 2519 768 2553 et
790 2513 846 2555 V.
872 2512 956 2556 Be·

66 2570 212 2615 roald.
234 2570 341 2615 Alc.
371 2592 430 2602 —
485 2568 732 2611 interdicat
750 2568 954 2629 ed.Spir.
1026 2582 1148 2625 Vict.
1190 2583 1239 2623 vi
1277 2585 1562 2637 urguebant,
1621 2599 1748 2628 more
1783 2586 1921 2646 Jibri)

66 2628 170 2673 MS.
194 2627 308 2686 Reg.
1027 2639 1131 2682 edd.
1170 2639 1290 2695 Spir.
1323 2639 1453 2683 Pich.
1491 2656 1590 2700 sqq.
1681 2640 1923 2690 omittitur

123 2715 349 2755 voluerat.
427 2709 530 2754 MS.
568 2709 721 2755 Guelf.
767 2712 954 2754 voluat*
1027 2698 1076 2738 υἱ
1109 2695 1156 2738 in
1186 2695 1286 2738 edd·
1315 2695 1420 2739 Put-
1453 2698 1524 2753 Μ·
1559 2708 1602 2742 et
1625 2698 1683 2742 V·
1705 2699 1917 2747 Beroald-

67 2768 128 2826 (h.
153 2786 195 2813 e.
215 2770 462 2825 volvatur).
809 2795 811 2797 -
1026 2752 1129 2797 Alc.
1165 2751 1369 2795 Rhenan.
1398 2770 1525 2855 ⁵⁶¹?
1570 2757 1694 2800 abest
1725 2758 1861 2803 etiam
1894 2777 1919 2805 a

123 2849 235 2895 CAP.
258 2850 330 2894 43·
389 2866 596 2896 evenere·
658 2850 762 2896 MS·
790 2851 954 2896 Covar.
1024 2809 1161 2853 MSS.
1185 2809 1300 2852 Bud.
1329 2809 1447 2853 Guel

1083 2526 1133 2568 vi
1157 2527 1398 2580 urgebant.
1468 2526 1546 2571 Sic
1572 2527 1672 2571 MS.
1706 2526 1832 2573 Flor.
1865 2533 1922 2587 (t.

1844 2886 1920 2932 sic

67 2924 170 2956 ruv.
183 2911 342 2966 suere.
1078 2883 1231 2935 globo.
1312 2879 1397 2924 Ed.
1431 2880 1550 2940 spir.
1583 2884 1760 2937 globos·

118 3001 366 3048 prorutae.
444 2992 522 3038 Sic
553 2992 657 3036 MS.
688 2994 812 3038 Flor.
849 2994 952 3038 edd.

65 3049 184 3109 Lips.
208 3049 393 3094 Piehen.
418 3066 469 3108 sq
507 3082 518 3093 .
569 3058 830 3106 proruptae
850 3050 953 3095 MS.

66 3106 224 3152 Guelf.
245 3105 344 3150 edd.
365 3065 707 3166 antequpsium.
735 3130 795 3142 -·
841 3109 954 3152 Bro-

65 3165 205 3209 terius
246 3180 270 3206 e
312 3165 486 3222 scriptis
538 3165 756 3223 editisque
810 3167 955 3210 adfert

60 3227 336 3278 proruptae,
361 3229 661 3276 praeruptae,
679 3231 954 3279 perruptae.

68 3277 130 3323 cf.
156 3287 251 3322 not.
274 3277 331 3321 ad
354 3278 420 3329 15,
444 3278 517 3321 40.

1025 2945 1067 2981 et
1088 2938 1191 2981 MS.
1215 2937 1329 2995 Reg.

1082 3008 1303 3063 infensos.
1373 3005 1449 3050 Sic
1471 3006 1606 3052 MSS.
1641 3010 1767 3054 Flor.
1815 3021 1915 3057 test.

1026 3064 1148 3108 Vict.
1182 3082 1224 3108 c.
1256 3063 1332 3120 al.)
1366 3063 1477 3132 Reg.
1504 3066 1618 3123 Agr.
1656 3067 1757 3110 edd.
1857 3069 1914 3114 ir.

1023 3121 1168 3180 Ryek.
1193 3137 1289 3180 sqq.
1324 3145 1375 3155 -
1427 3122 1623 3176 mfestos
1643 3123 1780 3168 MSS.
1835 3125 1914 3171 arl.

1023 3179 1155 3221 Bodl.
1187 3178 1302 3220 Bud.
1337 3177 1492 3222 Guelf.
1527 3178 1627 3221 edd.
1651 3181 1754 3225 Put.
1778 3182 1846 3232 Μ,
1871 3192 1917 3227 et

1025 3236 1083 3278 V.
1113 3233 1325 3278 Beroald.
1361 3235 1465 3278 Alc.
1497 3234 1700 3280 Rbenan.
1727 3254 1823 3298 sqq.
1854 3266 1915 3277 —

1022 3294 1059 3337 Ι.
1086 3291 1297 3338 Gronov.
1321 3308 1344 3333 e
1367 3292 1468 3335 MS.
1497 3291 1647 3337 Oxou.
1675 3294 1819 3340 adfert
1838 3299 1914 3340 in-

123 3361 295 3405 obtriti.
352 3361 430 3405 Sic
443 3361 679 3405 MS.F10r.
706 3363 822 3415 (test.
835 3363 953 3408 vict.
1010 3352 1158 3407 festa

69 3432 110 3460 c.
138 3415 283 3473 Pich.)
329 3418 431 3461 edd.
474 3418 523 3460 Li
559 3436 596 3462 s.
632 3418 817 3463 Pichen.
853 3437 950 3479 sqq.

68 3475 256 3516 obtritus
280 3474 412 3518 MSS.
430 3436 554 3520 Harii
576 3475 709 3519 Bodl.
730 3477 815 3520 les.
833 3477 949 3520 Bud.

1076 3419 1309 3474 perrupit.
1380 3419 1456 3463 Sic
1478 3420 1613 3464 MSS.
1642 3421 1766 3466 Flor.
1799 3424 1909 3483 Reg.

1023 3479 1130 3535 Agr.
1152 3476 1270 3518 b'ud.
1297 3475 1453 3520 Guelf.
1479 3478 1581 3520 edd.
1608 3477 1786 3524 Puteol.
1811 3497 1910 3539 sqq.

70 3528 221 3572 Guelf.
245 3531 347 3574 edd.
370 3533 398 3574 S
433 3533 487 3576 ir.
513 3532 615 3576 Put.
637 3534 700 3578 M.
726 3543 764 3577 et
788 3536 842 3577 V.
869 3535 950 3579 Be·
1018 3535 1239 3589 prorupit
1263 3533 1332 3575 ed.
1360 3533 1478 3590 Spir.

68 3584 211 3630 roald.
233 3585 337 3631 Ale.
363 3588 402 3631 R
435 3606 507 3633 en.
527 3589 635 3634 Ald.

150 3652 393 3704 TAcrrus
438 3653 507 3707 Π.

1078 3595 1235 3634 deum.
1297 3590 1382 3635 Ed.
1407 3589 1528 3648 Spir.
1556 3593 1739 3638 deinde.

1256 3651 1314 3708 H
