2164 3990
0 33 12 42 ,

188 207 407 249 A,U.812.

185 253 236 287 A.
257 252 304 288 C.
332 252 394 285 >59
409 262 420 276 Ι

579 196 753 269 ιἸΒ.
784 207 952 269 xm.
1024 207 1220 269 CAP.
1245 207 1345 267 40.
1376 208 1478 269 41.
1829 210 1949 272 199

97 345 306 402 mediis
334 343 794 398 decumanorum
820 338 1084 395 delectis:
1129 348 1355 414 recepta
1382 338 1537 394 inter
1562 338 1799 394 ordines
1833 338 1947 394 im·-

95 429 427 507 pedimenta
476 436 532 481 et
578 435 806 496 tergum
851 424 1014 479 mille
1058 425 1277 500 equites
1321 423 1667 491 tuebantur,
1732 423 1967 498 quibus

97 517 368 581 iusserat,
445 521 512 565 ut
555 508 913 565 instantibus
963 509 1233 565 cominus
1275 508 1642 576 resisterent,
1712 509 1946 581 refugos

96 620 221 656 non
235 598 639 674 sequerentur.
725 593 791 648 in
828 593 1107 649 cornibus
1144 595 1352 668 pedeS‚
1394 593 1722 667 sagittarius
1760 603 1815 648 et
1851 612 1945 648 ce-
1986 593 1992 597 *

95 697 218 741 tera
243 700 453 738 manus
482 679 747 754 equitum
782 678 935 746 ibat,
975 679 1350 753 productiore
1388 698 1672 734 cornuum
1707 676 1943 733 sinistro

95 788 201 846 per
233 768 357 823 ima·
383 765 651 833 collium,
691 775 788 833 ut,
833 764 883 818 si
919 760 1104 820 hostis
1138 763 1494 831 intravisset,
1535 764 1732 818 fronte
1770 761 1946 818 simul

97 867 154 911 et
175 853 308 910 sinu
335 850 713 923 exciperetur.
798 844 1114 905 Adsultare
1144 869 1210 903 ex
1240 849 1469 904 diverso
1497 847 1792 904 Tiridates
1819 867 1944 902 non

96 958 281 1015 usque
315 938 389 993 ad
419 937 633 991 iactum
660 933 793 1002 teli,
838 936 937 989 sed
967 946 1093 990 tum
1114 933 1425 1002 minitanS‚
1465 944 1591 989 tum
1611 932 1800 1006 specie
1825 943 1945 989 tre-

93 1022 379 1099 pidanti5‚
423 1021 471 1076 si
505 1021 699 1075 laxare
734 1019 971 1074 ordines
1006 1029 1062 1074 et
1098 1018 1357 1073 diversos
1387 1017 1705 1074 consectari
1733 1027 1946 1092 posset.

82 1109 202 1171 ,ubi
227 1103 380 1163 nihil
407 1099 728 1162 temeritate
763 1104 1019 1159 solutum
1057 1122 1164 1158 nec
1200 1103 1451 1176 amplius
1488 1123 1664 1178 quam
1706 1101 1943 1157 decurio

96 1193 359 1269 equitum
396 1188 706 1246 audentius
734 1207 1070 1262 progressus
1096 1199 1152 1244 et
1178 1187 1398 1260 sagittis
1433 1188 1691 1243 confixus
1725 1192 1946 1243 ceteros

96 1279 170 1333 ad
197 1276 542 1352 obsequium
569 1273 830 1347 exemplo
854 1273 1216 1343 firmaverat,
1258 1272 1610 1348 propinquis
1635 1273 1751 1328 iam
1781 1255 1944 1328 terse-

93 1363 218 1419 br-is
249 1360 540 1418 abscessit.
1907 1352 1911 1357 ’

209 1512 211 1515 v
262 1469 423 1530 XLL
499 1467 579 1527 Et
612 1469 875 1527 Corbulo
914 1480 1095 1525 castra
1129 1468 1193 1523 in
1229 1468 1359 1524 loco
1395 1479 1677 1537 metatus,
1734 1489 1811 1524 an
1848 1489 1947 1525 ex·-

96 1556 310 1634 peditis
364 1556 694 1629 legionibus
747 1566 916 1610 nocte
959 1550 1237 1610 Artaxata
1283 1564 1547 1627 pergeret
1598 1553 1946 1629 obsidioque

96 1642 510 1710 circumdaret,
561 1641 801 1714 agitavit
841 1638 1187 1695 concessisse
1223 1638 1366 1695 illuc
1402 1637 1732 1695 Tiridatem
1767 1649 1947 1698 ratus.

97 1728 238 1785 dein
275 1737 582 1802 postquam
622 1726 1012 1799 exploratores
1059 1723 1303 1779 attulere
1353 1723 1747 1799 longinquum
1794 1725 1948 1798 regis

98 1813 214 1872 iter
250 1823 333 1882 et,
387 1810 558 1867 Medi
595 1830 669 1866 an
708 1805 932 1866 Albani
966 1819 1332 1885 peterentur,
1383 1808 1704 1880 incertum,
1754 1808 1948 1865 lucem

151 2045 536 2086 decumanorum.
595 2039 672 2083 Sic
698 2038 800 2083 MS.
829 2037 982 2082 Guelf.

96 2099 198 2144 edd.
226 2100 326 2142 Put.
357 2115 453 2157 sqq.
487 2123 541 2131 —
596 2098 682 2141 Ed.
708 2096 826 2155 Spir.
861 2098 984 2138 deci-

97 2173 367 2200 manorum.
447 2157 618 2200 Locum
660 2155 824 2197 mediis
858 2159 904 2198 d.
939 2157 984 2196 d.

95 2214 440 2273 intelligendum
480 2229 574 2256 esse
611 2213 814 2269 suppleto
850 2212 984 2270 parti·

95 2272 215 2331 cipio
242 2272 367 2317 verbi
393 2269 658 2314 substantivi
687 2271 800 2312 bene
833 2269 986 2312 docuit

94 2330 133 2373 1.
166 2330 243 2373 Fr.
266 2328 528 2372 Gronovius
563 2336 721 2371 contra
760 2326 986 2376 Grotium,

96 2386 174 2446 qui
199 2386 462 2429 emendabat
486 2386 650 2427 dilecti.

156 2473 438 2516 resisterent.
502 2468 601 2511 MS.
630 2465 778 2511 Guelf.
800 2468 986 2509 insiste-

97 2536 220 2587 rent.
281 2528 391 2569 Mox
425 2524 495 2568 ed.
532 2525 650 2582 Spir.
689 2525 747 2566 In
776 2525 988 2566 cornibus

92 2587 276 2641 pedites
318 2584 669 2638 sagittariique:
719 2591 762 2624 et
784 2588 987 2635 *caetera

100 2657 268 2687 manus
304 2645 510 2698 equitum
544 2643 656 2684 ibat.
731 2638 858 2696 Quae
887 2638 986 2693 talia

99 2701 208 2744 mihi
232 2717 323 2744 esse
349 2699 584 2747 videntur,
615 2705 664 2740 ut
687 2694 861 2738 facilius
886 2694 988 2738 inde

96 2758 194 2801 fieri
218 2751 446 2815 potuerint
468 2756 664 2813 vulgata,
696 2769 828 2811 quam
855 2770 902 2794 ex
923 2752 987 2794 bis

98 2815 190 2866 illa.
275 2814 476 2856 Verbum
518 2813 615 2854 ibat
655 2811 800 2869 potuit
841 2810 987 2852 fraudi

100 2888 208 2922 esse,
242 2870 520 2929 utllibrarius
547 2877 722 2926 putaret
750 2872 989 2910 numerum

95 2982 97 2985 .
130 2927 319 2973 lux-alem
358 2926 560 2981 pedum,
614 2925 857 2981 sagittarii
898 2941 989 2967 esse

99 2946 281 3030 iials‘um.
341 2985 426 3042 Sed
460 2984 517 3027 cf.
552 2984 727 3026 nona&
754 2983 883 3032 1,10.
906 2981 988 3024 sub

103 3044 236 3087 verbo
275 3042 537 3085 abstulerat
576 3049 619 3082 et
651 3041 692 3091 2,
723 3041 796 3084 71.
830 3040 911 3083 sub
944 3055 990 3086 v.

98 3102 334 3144 movebat.

157 3185 452 3239 productiore
506 3195 731 3224 cornuum
786 3180 991 3222 sinistro.

105 3240 168 3284 Ex
200 3241 508 3286 emendatione
543 3238 704 3297 Lipsii,
755 3253 889 3295 quam
925 3252 994 3279 re-

95 3312 265 3355 -cepere
299 3297 427 3340 Pich.
459 3312 556 3353 sqq.
602 3321 652 3329 —
725 3294 838 3337 Edd.
878 3293 995 3351 Spir.

108 3353 211 3398 Fut.
235 3355 305 3399 Μ.
327 3363 368 3396 et
391 3354 444 3397 V.
470 3352 675 3397 Beroald.
698 3354 993 3406 productiore

108 3425 248 3454 cornu
281 3412 328 3453 in
357 3413 542 3454 sinistro
569 3416 627 3460 (e.
653 3409 803 3454 silent.
827 3408 999 3464 Vict.);

106 3467 165 3510 ita
198 3468 328 3512 etiam
361 3476 425 3511 est
455 3469 502 3512 in
532 3468 635 3511 MS.
667 3467 780 3524 Reg.
849 3466 936 3509 Sed
971 3482 993 3507 e

99 3523 211 3570 MS.
243 3523 371 3569 Flor.
407 3525 606 3571 pichena
650 3523 838 3583 protulit
880 3537 994 3579 pro-

1054 2038 1267 2081 ductiore
1290 2038 1411 2080 corn’
1434 2039 1480 2081 in
1510 2039 1727 2091 sontetrm
1765 2040 1947 2085 collatio
1984 2062 1987 2064 ·

1056 2097 1090 2139 l.
1113 2094 1335 2138 Gronovii
1366 2096 1453 2138 fert
1480 2099 1778 2151 productiore
1809 2113 1951 2150 corn;

1055 2154 1243 2196 sinistro
1258 2187 1268 2204 ‚
1302 2153 1425 2210 quod
1447 2155 1768 2212 compendium
1789 2155 1948 2200 fortas·

1058 2227 1103 2252 ,se
1139 2210 1221 2253 sibi
1258 2213 1351 2254 vult
1382 2226 1623 2254 cornuum.
1703 2213 1807 2257 MS.
1832 2213 1946 2270 Agr.

1053 2269 1355 2324 productiore
1383 2283 1547 2310 eorum
1573 2270 1762 2312 sinistro
1774 2288 1788 2322 ;
1818 2278 1861 2312 at
1883 2287 1947 2314 se-

1059 2325 1259 2369 cundum
1279 2325 1500 2382 liyckium
1521 2327 1823 2379 productiore
1846 2342 1946 2370 cor-

1058 2398 1126 2424 nu
1170 2383 1254 2425 sin.
1285 2383 1338 2425 M
1411 2383 1414 2388 ’
1462 2383 1583 2428 Harl.
1621 2383 1753 2426 Bodl.
1794 2384 1945 2433 Guelf.

1059 2439 1175 2484 Bud.
1223 2440 1326 2483 edd.
1434 2456 1503 2482 en.
1537 2457 1637 2498 sqq.
1680 2450 1723 2483 et
1753 2440 1946 2496 Broterii

1054 2499 1324 2551 productior
1339 2511 1478 2538 cornu
1495 2499 1542 2538 in
1565 2499 1755 2540 sinistro
1778 2494 1950 2554 (Guelf.

1059 2556 1266 2607 cornus).
1341 2554 1444 2597 Ms‘.
1463 2553 1546 2596 les.
1566 2558 1826 2610 productor
1849 2564 1948 2604 test.

1059 2613 1184 2654 Brot.
1213 2639 1271 2647 —-
1330 2612 1421 2653 lac.
1449 2609 1708 2655 Gronovius
1743 2612 1805 2656 ihi
1839 2613 1950 2660 vidit

1053 2670 1324 2725 productior·
1344 2682 1512 2710 cornus
1535 2671 1582 2711 in
1603 2671 1808 2722 sinistro,
1899 2674 1903 2679 ’
1935 2671 1937 2674 ⁴

1117 2741 1378 2780 adsultare.
1438 2736 1513 2781 Sic
1534 2739 1602 2781 ed.
1621 2739 1740 2798 Spir.
1803 2728 1950 2786 assulz

1061 2805 1165 2839 tare
1197 2795 1297 2838 edd.
1325 2795 1501 2838 Puteol.
1538 2796 1646 2839 aliae
1681 2812 1735 2838 ue
1759 2806 1871 2843 vett.
1893 2823 1951 2831 --

1062 2855 1168 2897 Mox
1190 2868 1274 2908 pro
1298 2854 1510 2894 diversos
1524 2853 1656 2897 MSS.
1713 2854 1784 2898 ud.
1799 2850 1950 2900 Guelf.

1063 2912 1169 2955 dant
1195 2912 1397 2952 diversa.

1119 2981 1210 3023 teli.
1284 2979 1367 3022 Ed.
1418 2978 1537 3035 Spir.
1563 2973 1708 3025 Velis.
1782 2982 1949 3028 Eadem

1059 3041 1157 3092 ερέ,
1191 3037 1255 3080 uti
1279 3035 1391 3080 solet
1426 3053 1504 3094 per
1525 3039 1848 3096 compendium
1868 3058 1951 3100 pro

1062 3097 1220 3151 specie.
1305 3095 1395 3136 Pro
1428 3097 1680 3138 audentius
1710 3097 1814 3140 MS.
1839 3099 1950 3158 Agr.

1063 3153 1195 3196 habet
1206 3153 1445 3194 ardentius
1456 3169 1472 3202 ,-
1501 3151 1601 3194 MS.
1615 3151 1768 3198 Guelf.
1778 3158 1951 3200 aduen-

1066 3212 1211 3254 titz'us.
1270 3209 1359 3252 Sed
1384 3208 1443 3252 ef.
1466 3210 1507 3259 4,
1527 3209 1597 3251 47.

1093 3328 1095 3331 ,
1125 3293 1238 3338 CAP.
1257 3292 1327 3334 41.
1387 3293 1662 3348 obsidioque.
1718 3294 1795 3340 Sic
1818 3297 1953 3343 MSS.

1065 3350 1195 3393 Flor.
1227 3352 1346 3403 (test.
1367 3348 1487 3391 Vict.
1516 3366 1554 3393 c.
1581 3348 1659 3407 al.)
1679 3350 1745 3395 Re
1779 3387 1789 3397 .
1815 3355 1955 3399 Corb.

1066 3407 1178 3464 Agr.
1207 3406 1308 3449 edd.
1329 3405 1447 3463 Spir.
1467 3405 1612 3465 Ryek.
1634 3409 1721 3453 lac.
1793 3427 1952 3454 ronow

1067 3480 1183 3565 {¹031
1198 3491 1289 3567 T..
1313 3465 1798 3570 ‘'1333“‘22‘531‘2213383
1829 3469 1953 3571 {¹³15}

1189 3554 1200 3566 .
1292 3552 1305 3564 0
1431 3549 1439 3563 a
1606 3555 1620 3567 ι
1730 3556 1743 3569 ι
1803 3542 1828 3569 u
1855 3558 1866 3572 η
1940 3562 1952 3575 .
