2164 3990
159 239 163 242 -
194 234 242 270 Α.
259 233 314 269 υ.
333 220 421 268 81⁰.

193 279 246 313 A.
268 277 316 312 c,
338 294 339 297 κ
361 276 424 310 ω.

647 231 820 292 LIB.
854 230 1019 292 XIV.
1088 227 1286 292 CAP.
1323 226 1424 288 59.
1835 228 1962 287 313.

102 369 413 445 Poppaeae
452 365 531 422 oh
572 360 867 420 eiusmodi
901 372 1152 418 terrores
1180 359 1412 418 ”dilatas
1454 366 1748 420 maturare
1791 369 1962 433 parat

109 452 536 527 Octaviamque
574 449 883 520 coniugem
923 445 1187 514 amoliri,
1230 440 1498 521 quamvis
1531 442 1792 499 modeste
1825 463 1961 518 age-
2041 516 2043 520 γ

107 550 198 596 ret
213 583 231 608 ,
270 537 514 593 nomine
533 532 716 609 patris
743 543 800 588 et
822 531 1029 587 studiis
1054 529 1263 604 populi
1287 545 1540 602 gravem.
1627 525 1746 583 Sed
1774 530 1849 584 ad
1870 549 1960 587 se..

107 634 315 680 natum
338 622 560 678 litteras
585 617 747 674 misit
769 617 841 672 de
867 616 1040 672 caede
1065 614 1265 672 Sullae
1291 610 1603 687 Plautique
1632 605 1795 675 haud
1817 635 1963 671 con-

105 709 293 766 fessus
313 750 331 776 ‚
377 724 585 761 verum
609 702 916 777 utriusque
946 700 1255 757 turbidum
1279 696 1732 771 ingenium-esse
1760 711 1818 756 et
1847 699 1963 756 sibi

109 790 576 850 incolumitatem
606 787 695 844 rei
724 787 993 862 publicae
1025 803 1238 856 magna
1273 803 1407 840 cura
1440 778 1662 840 haberi.
1747 781 1966 843 Decre-

107 889 200 935 tae
248 897 317 934 eo
365 874 609 931 nomine
655 871 1143 948 supplicationeS‚
1199 879 1380 944 utque
1421 866 1588 925 Sulla
1628 878 1685 923 et
1717 867 1964 926 Plautus

110 972 317 1019 senatu
356 969 768 1028 moverentur,
821 955 1189 1030 gravioribus
1233 964 1430 1011 tamen
1473 951 1750 1011 ludibriis
1785 974 1964 1031 quam

109 1047 301 1106 malis.

112 1212 216 1255 Ber.
246 1225 325 1253 cur
345 1209 626 1265 inquitNero
647 1207 852 1264 deposito
875 1211 1005 1246 metu
1073 1202 1204 1302 Klane
1241 1204 1295 1246 ab
1333 1202 1398 1246 bis
1435 1201 1548 1246 dicta
1582 1202 1774 1248 Neronis
1797 1205 1967 1251 „refert-

113 1278 198 1312 etc.
224 1276 266 1310 et
286 1268 351 1311 sic
373 1266 504 1309 MSS.
521 1298 533 1315 ,
583 1265 668 1308 nisi
703 1264 821 1321 quod
847 1261 1000 1304 Guetf.
1101 1260 1189 1302 *am
1226 1261 1379 1303 scribit
1405 1259 1503 1302 ille:
1553 1258 1787 1318 τόγ’γοῦν
1807 1265 1967 1307 mafi-

114 1336 156 1369 et
198 1326 280 1368 les.
327 1340 408 1379 pro
452 1340 532 1365 cur·
575 1321 755 1376 antique
801 1319 1004 1363 scribunt
1074 1334 1156 1361 τον
1178 1317 1474 1372 ἀποκτείνας,
1518 1317 1675 1361 ἔπειτα
1706 1320 1787 1375 τὴν
1819 1337 1967 1378 κεφα-

113 1398 253 1438 ιμιον,
289 1379 564 1423 MSS.F10r.
590 1381 703 1433 (test.
722 1379 836 1420 vict.
861 1393 901 1419 e.
925 1375 1003 1430 al.)
1073 1375 1156 1430 λὴν
1179 1374 1319 1419 αὐτοῦ
1344 1376 1730 1432 προςενεχθ·εῖσάν
1763 1383 1807 1423 οἱ
1838 1379 1971 1436 ἰδὼν,
2004 1417 2005 1420 ,

112 1439 226 1482 Bud.
263 1454 347 1496 pro
380 1438 588 1492 deposito
623 1436 730 1478 dant
750 1442 808 1476 'et
835 1435 1002 1488 posito.
1083 1433 1177 1478 Οὐκ
1200 1430 1352 1490 ᾔδειν,
1388 1436 1504 1490 ἔφη,
1544 1432 1614 1476 ὅτι,
1636 1433 1844 1493 μεγάλην
1866 1429 1973 1498 ῥῑρα

113 1497 200 1540 Sed
227 1496 327 1550 quia
352 1503 582 1538 contextus
605 1494 772 1550 poscit,
806 1500 850 1533 ut
872 1491 1009 1533 inter·
1080 1489 1226 1550 εἶχεν,
1267 1489 1414 1550 ὥςπερ
1436 1490 1715 1549 φεισάμενος
1733 1491 1792 1537 ἄν
1811 1493 1952 1540 αὐτοῦ

112 1553 288 1610 rogatio
314 1553 460 1610 potius
485 1568 587 1594 cum
611 1552 846 1607 negatione
870 1563 1007 1590 enun-
1081 1554 1121 1595 εἰ
1201 1551 1336 1593 τοῦτο
1416 1554 1746 1608 προυπίστατο.
1850 1528 1975 1610 Quid

114 1611 274 1660 tietur,
330 1610 377 1653 in
413 1609 517 1653 lVlS.
552 1609 666 1650 Bud.
715 1623 806 1649 sec.
851 1620 1008 1647 manus
1080 1608 1254 1651 multa?
1301 1607 1449 1650 nullus
1495 1607 1651 1650 dubito
1694 1608 1847 1654 locum
1879 1628 1975 1656 esse

113 1668 220 1710 feeit
250 1681 343 1709 non
366 1672 528 1722 parat·
588 1664 827 1707 Rhenanus
862 1671 1007 1705 lamen
1080 1664 1289 1711 mutilum
1336 1674 1378 1708 et
1422 1665 1572 1708 deesse
1613 1665 1827 1723 Neronis!
1856 1668 1974 1717 dicta

117 1724 283 1775 maluit¹
304 1727 414 1781 quin
448 1738 530 1782 pro
562 1737 644 1764 cur
675 1721 904 1777 ediditque
935 1719 1007 1761 lo·-

116 1797 219 1826 cum
255 1782 342 1824 sic:
386 1781 532 1839 Quin,
570 1779 744 1835 inquit,
782 1780 907 1820 Nero
931 1780 1008 1818 de-

113 1841 266 1894 posito
299 1846 426 1882 metu
455 1837 646 1891 nuptias
673 1836 920 1890 Poppaeae
953 1835 1008 1874 ob

117 1898 342 1938 eiusmodi
381 1903 584 1938 terrores
629 1896 805 1935 dilatas
846 1899 1003 1934 matu-

117 1968 228 1996 rare
259 1961 402 2007 parat
437 1961 524 1995 etc.
564 1968 701 2009 eaque
735 1951 869 1995 verba
906 1948 1008 1991 dein

118 2027 278 2054 omnes
315 2011 415 2053 edd.
451 2010 723 2069 repetivere,
774 2023 886 2065 quae
930 2022 1009 2062 ge-

117 2068 253 2118 nuina
279 2083 372 2111 esse
396 2074 640 2124 nequeunt.
677 2064 792 2110 Nam
813 2065 1011 2122 primum

117 2124 232 2168 illud
251 2133 296 2168 et
308 2126 464 2181 posito
486 2123 533 2171 in
545 2123 678 2167 MSS.
691 2122 815 2165 Flor.
841 2119 1012 2165 etBud.

115 2182 222 2226 satis
268 2182 414 2239 arguit
461 2182 650 2225 alterum
701 2182 908 2233 deposito
963 2193 1013 2219 ex

119 2239 390 2283 emendandi
416 2238 563 2281 studio
586 2239 633 2280 in
661 2237 798 2280 libros
825 2236 1014 2285 venisse,

121 2313 376 2355 quanquam
407 2305 651 2352 utrumque
679 2295 870 2339 verbum
908 2308 1010 2336 cum

120 2362 248 2396 metu
277 2363 375 2412 apte
410 2355 716 2409 coniungitur.
777 2351 834 2393 cf.
872 2349 1011 2394 Ovid.

120 2412 309 2454 Metam.
341 2412 379 2459 1,
401 2410 499 2453 736.
532 2410 573 2461 3,
597 2409 695 2453 634.
736 2409 775 2455 5,
801 2409 900 2450 226.
935 2405 1012 2447 ubi

116 2483 290 2524 ponere
342 2475 547 2520 metam3
605 2475 764 2510 eontra
823 2464 1019 2519 depositi

123 2533 273 2568 melus
294 2526 333 2577 5,
354 2525 452 2570 363.
513 2525 602 2568 Sed
625 2523 745 2582 quod
774 2524 914 2566 maius
938 2529 1016 2569 est,

125 2583 224 2640 quis
248 2582 330 2626 sibi
366 2582 650 2639 persuadebit
681 2582 847 2627 verba:
894 2579 1017 2635 Quin

127 2670 226 2685 ....
256 2644 484 2695 gravem?
521 2649 618 2682 tum
658 2656 682 2682 e
713 2637 907 2681 Neronis
939 2649 1018 2678 ore

126 2715 279 2742 corani
319 2698 598 2742 audientibus
633 2695 865 2754 profecta?
920 2691 1020 2751 quis

126 2772 220 2801 non
254 2756 387 2798 sentit
410 2757 517 2799 haec
539 2773 560 2797 a
585 2755 763 2797 Nerone
788 2761 919 2816 atque
945 2748 1019 2793 tali.

130 2813 366 2857 occasione
410 2813 551 2855 aliena
590 2828 685 2854 non
725 2811 871 2853 solum
908 2823 1014 2868 pro-

129 2879 227 2927 pter
252 2869 388 2912 totius
414 2869 585 2928 periodi
611 2872 906 2918 structuram,
942 2864 1019 2908 sed

132 2928 260 2969 etiam
286 2936 468 2984 propter
491 2935 716 2983 postrema
739 2927 832 2969 eius
858 2925 1018 2967 verba:

132 2984 344 3040 quamvis
380 3016 391 3027 .
413 3016 424 3027 .
449 3015 460 3026 .
494 2999 709 3037 gravem,
749 2999 860 3041 quae
898 2983 1017 3024 Nero

132 3051 251 3085 certe
272 3057 365 3084 non
387 3040 567 3083 addidit.
630 3041 780 3095 Quare
813 3049 860 3083 ut
893 3041 1021 3082 locus

133 3098 402 3145 concinnior
425 3098 653 3146 evaderet,
682 3097 764 3141 viri
789 3097 911 3140 docti
938 3113 1020 3141 va-

131 3157 199 3198 rie
237 3156 483 3198 mutabant.
566 3155 792 3198 Muretnst
852 3168 1019 3210 paras.

132 3212 350 3257 Hillerus:
378 3226 500 3267 para
523 3221 566 3254 et
588 3215 810 3262 amolire,
839 3222 888 3256 ut
911 3212 1022 3268 quin

134 3271 191 3314 sit
226 3270 441 3328 particula
476 3269 711 3312 hortantis.
785 3270 870 3314 lac.
909 3270 1024 3312 Gro-

134 3330 324 3372 novius:
369 3341 504 3368 curre
529 3327 678 3380 Nero,
719 3336 764 3369 et
790 3359 800 3370 .
818 3360 828 3370 .
845 3357 887 3371 ..
914 3342 1022 3369 ma-

137 3393 300 3427 turare
329 3398 468 3438 para.
536 3385 706 3426 Verum
738 3401 792 3428 ne
824 3385 888 3428 sie
919 3385 1023 3441 qui-

137 3444 238 3488 dem
264 3441 487 3500 pinguedo
511 3440 751 3483 sententiae
774 3451 1023 3485 amovetur.

137 3500 326 3544 Accedit
348 3499 468 3556 quod
490 3498 580 3541 Dio
604 3499 673 3546 62,
700 3500 765 3541 14.
791 3500 845 3542 de
866 3498 1025 3541 eodem

140 3558 256 3605 haud
285 3557 416 3601 dubie
439 3556 599 3601 Plauto
633 3556 820 3617 loquens
854 3555 1026 3604 diversa

1080 1732 1180 1782 post
1226 1721 1499 1766 vocabulum
1542 1724 1693 1774 Nero,·
1744 1728 1974 1783 sequentia

1081 1790 1257 1828 autem,
1300 1787 1345 1821 et
1370 1780 1526 1834 posito
1555 1790 1682 1822 metu
1719 1791 1806 1837 etc.
1841 1785 1976 1841 perti-

1080 1854 1189 1894 nere
1247 1837 1300 1879 ad
1360 1837 1592 1894 scriptoris
1650 1842 1975 1888 narrationem.

1083 1894 1221 1950 Quod
1248 1894 1281 1937 si
1313 1894 1540 1945 admittas,
1582 1911 1689 1939 sana
1724 1897 1857 1941 etiam
1892 1901 1978 1943 erit

1081 1952 1302 2009 scriptura
1325 1960 1527 1995 veterum
1548 1952 1768 1997 librorum
1789 1956 1835 1998 in
1862 1973 1978 2012 age-

1080 2017 1180 2064 ret,
1223 2009 1442 2062 nomine,
1496 2024 1579 2066 pro
1615 2025 1706 2067 quo
1738 2011 1979 2059 Rhenanus

1083 2084 1133 2110 ex
1163 2066 1342 2122 ingenio
1378 2065 1500 2108 dedit
1540 2074 1655 2120 agat
1693 2076 1739 2110 et
1773 2074 1977 2123 nomine,

1083 2123 1187 2182 quia
1219 2123 1414 2166 Neronis
1448 2139 1663 2181 personae
1695 2136 1855 2181 ageret
1885 2147 1979 2174 non

1085 2182 1315 2223 videbatur
1338 2180 1593 2224 convenire.
1631 2180 1688 2215 —'
1728 2185 1837 2235 *Pro
1858 2190 1978 2231 eius-

1085 2239 1216 2282 modi
1239 2236 1392 2281 Guelf.
1416 2237 1504 2280 fert
1527 2240 1636 2282 eius.
1664 2247 1667 2258 ⁴

1142 2301 1199 2337 cle
1227 2298 1377 2337 caede.
1438 2296 1514 2338 Sic
1536 2295 1671 2340 MSS.
1699 2297 1823 2344 Flor.
1858 2301 1978 2357 (test.

1084 2353 1225 2409 Vict.)
1250 2353 1363 2394 Bud'.
1386 2352 1487 2394 edd.
1512 2352 1630 2410 Spir.
1655 2353 1856 2400 Rhenan.
1879 2376 1979 2418 sqq.

1083 2415 1142 2452 de
1180 2410 1395 2452 caedibus
1427 2408 1529 2451 MS.
1558 2409 1711 2454 Guelf.
1751 2415 1849 2458 edd.
1871 2415 1976 2463 Put.

1085 2468 1155 2510 M.
1182 2477 1223 2509 et
1245 2465 1301 2509 V.
1328 2466 1432 2508 Ber.
1459 2467 1558 2511 Ate.
1831 2508 1839 2514 ,

1144 2523 1323 2565 Sullae.
1355 2524 1429 2566 Sic
1443 2523 1544 2566 MS.
1558 2525 1678 2569 Flor.
1699 2526 1813 2581 (test.
1829 2529 1981 2588 Vict.).

1090 2582 1247 2638 Syllae
1276 2579 1431 2623 Guelf.'
1456 2580 1554 2624 edd.
1576 2581 1694 2641 Spir.
1718 2584 1819 2632 Put.
1844 2587 1915 2633 M.
1939 2599 1983 2633 et

1091 2641 1147 2681 V.
1175 2639 1281 2682 Ber.
1305 2637 1407 2680 Alc.
1431 2637 1573 2682 Rhen.
1603 2657 1697 2698 sqq.

1150 2697 1384 2739 turbidum
1428 2695 1664 2750 ingenium
1707 2715 1822 2745 esse.
1905 2704 1983 2749 sic

1094 2754 1196 2796 edd.
1234 2753 1352 2810 Spir.
1384 2750 1585 2796 Rhenan.
1632 2757 1707 2810 (ut'
1738 2758 1917 2804 videtur
1957 2779 1982 2805 e

1091 2811 1196 2853 MS.
1232 2810 1364 2866 Bud.)
1400 2826 1501 2868 sqq.
1571 2814 1807 2869 ingenium
1841 2822 1983 2861 turbi*

1090 2871 1204 2910 dum
1230 2881 1328 2910 esse
1355 2867 1454 2912 MS.
1480 2867 1632 2914 Guelf.
1659 2871 1760 2915 edd.
1786 2874 1889 2918 Put.
1911 2877 1981 2919 M.

1091 2935 1134 2969 et
1166 2925 1221 2968 V.
1264 2925 1475 2968 Beroald.
1521 2927 1622 2972 Alc.
1662 2945 1766 2978 cum
1804 2931 1984 2978 silentio

1090 2982 1299 3026 Victorii.

1149 3055 1323 3094 magna
1347 3054 1475 3084 cura.
1534 3041 1742 3089 Heinsius
1781 3048 1984 3109 corrige-

1091 3099 1189 3142 batz
1254 3113 1453 3152 magnae
1492 3114 1644 3145 curae.
1726 3103 1984 3164 Perperam.

1093 3154 1367 3211 Oppositum
1414 3165 1479 3199 est
1515 3158 1614 3200 sine
1657 3175 1772 3203 cura
1815 3160 1984 3210 habere

1092 3212 1205 3254 llist.
1238 3213 1272 3261 1,
1287 3212 1380 3263 79.,
1412 3221 1453 3255 et
1475 3230 1654 3269 magna
1679 3233 1788 3261 cura
1811 3229 1876 3266 est
1898 3238 1983 3281 pro

1084 3285 1200 3321 'cum
1223 3284 1288 3310 m.
1313 3285 1349 3311 c.

1149 3327 1441 3380 gravioribus
1455 3336 1614 3371 tamen
1629 3332 1831 3376 ludibriis
1844 3350 1985 3391 quam

1095 3383 1249 3426 malis.
1319 3383 1394 3427 Sic
1429 3385 1527 3428 MS.
1562 3386 1710 3434 Guelf.
1751 3389 1850 3437 edd.
1880 3393 1983 3439 Put.

1096 3441 1164 3484 Μ.
1205 3449 1248 3483 et
1281 3439 1336 3484 V.
1372 3442 1583 3487 Beroald.
1633 3445 1690 3500 (c.
1734 3448 1804 3493 sil.
1849 3451 1987 3508 Vict.)

1097 3498 1197 3561 Alc.
1230 3497 1371 3541 Rhen.
1408 3517 1507 3558 sqq.
1578 3501 1670 3546 Pro
1711 3512 1869 3548 tamen
1912 3510 1984 3558 ed,

1098 3555 1215 3613 Spir.
1244 3555 1414 3605 exhibet
1436 3566 1563 3611 tam,
1609 3560 1728 3606 unde
1754 3564 1852 3611 cod.
1878 3566 1986 3627 Agr.
2050 3557 2051 3561 Ἰ
