2164 3990
1768 178 1826 219 A.
1835 181 1891 219 U.
1900 176 1994 220 εισι

168 176 171 177 ’
215 179 341 240 264
886 177 1444 243 ANNALJ‘UM‘
1514 191 1518 216 ³
1773 224 1894 262 xc.
1928 226 1990 265 σι.

218 321 347 379 tur,
402 309 498 379 cui
536 310 816 367 nobilitas
855 329 962 384 per
999 319 1251 367 matrem
1298 310 1558 377 exflulia
1606 314 1850 378 familia.
1947 316 2082 395 Ipse

218 393 434 469 placita
468 396 761 452 maiorum
798 395 1027 452 colebat
1061 389 1270 453 habitu
1306 415 1537 468 severo,
1585 412 1739 457 casta
1774 413 1831 460 et
1862 417 2082 463 secreta

179 479 183 481 ’
221 481 431 548 dom0‚
495 492 833 556 quantoque
890 490 1054 535 metu
1086 481 1422 553 ·occultior‚
1486 495 1650 542 tanto
1703 485 1839 561 plus
1885 488 2114 555 famae.

221 566 483 639 adeptus,
572 562 755 622 Auxit
779 584 1082 621 rumorem
1105 566 1237 640 pari
1268 568 1524 630 vanitate
1557 582 1686 627 orta
1724 571 2080 648 interpreta-

156 692 161 702 .
221 651 305 707 tio
330 651 600 723 fulguris.
688 670 827 705 nam
848 667 930 726 qu
940 650 995 705 ia'
1022 646 1723 712 disc‘umbe‘ntis‘Neronis
1749 659 1907 733 apud
1921 658 2083 728 Sim.

218 735 435 791 bruina
462 747 695 808 stagna,
752 736 848 791 cui
874 734 1279 812 Sublaqueum
1305 755 1527 794 nomen
1559 752 1671 811 est,
1724 742 1872 799 ictae
1905 745 2084 820 dapes

218 840 534 896 mensaque
564 820 803 876 disiecta
835 832 957 877 erat
984 821 1163 897 idque
1186 822 1406 878 finibus
1424 821 1748 882 Tiburtum
1773 829 2081 901 acciderat,

219 907 379 962 unde
422 917 664 979 paterna
697 904 909 962 Plauto
959 906 1177 979 orig0‚‘
1209 903 1370 964 hunc
1414 908 1868 970 illumnumine
1903 915 2082 974 deum

225 990 509 1064 destinari
559 991 906 1061 credebant,
969 993 1366 1069 fovebantque
1402 994 1606 1073 multi,
1672 996 1887 1071 quibus
1927 1020 2085 1068 nova

220 1087 276 1133 et
301 1075 582 1149 ancipitia
608 1078 943 1152 praecolere
969 1077 1140 1133 avida
1170 1090 1228 1135 et
1252 1078 1603 1155 plerumque
1628 1080 1806 1138 fallax
1831 1083 2078 1145 ambitio

219 1171 320 1220 est.
418 1157 576 1234 Ergo
629 1174 930 1237 permotus
977 1158 1068 1218 his
1102 1161 1272 1220 Nero
1331 1165 1637 1240 componit
1685 1168 1761 1222 ad
1804 1164 2086 1243 Plautum

216 1246 468 1315 litteraS‚
513 1250 844 1306 consuleret
881 1248 1068 1325 quieti
1105 1249 1272 1305 urbis
1310 1268 1486 1326 seque
1511 1271 1694 1326 prava
1719 1251 2086 1323 diffamanti-

218 1445 327 1483 vett.
385 1438 426 1482 E
456 1438 558 1483 MS.
582 1440 704 1483 Flor.
732 1440 827 1484 Iac.
849 1439 1116 1485 Gronovius
1188 1448 1264 1483 tur
1306 1437 1439 1481 illum
1480 1455 1577 1482 non
1619 1440 1896 1487 discubuisse
1929 1450 2089 1502 aperto

219 1496 368 1538 attulit
392 1505 524 1553 atque
551 1497 691 1541 edidit
713 1501 996 1550 celebratus;
1030 1495 1118 1540 Vi-
1191 1512 1351 1553 campo
1381 1506 1425 1540 et
1450 1504 1710 1554 stagnorum
1735 1499 1891 1552 litore,
1919 1502 2006 1547 sed
2039 1502 2090 1546 in

221 1553 390 1596 ctorius
425 1563 576 1597 tamen
610 1565 654 1599 et
678 1556 874 1599 Pichena
907 1572 1006 1598 eam
1039 1571 1119 1600 va·

218 1610 425 1654 rietatem
457 1611 694 1671 ignorant,
749 1625 1007 1671 quanquam
1047 1613 1121 1656 hic.

220 1677 404 1712 auctore
424 1669 609 1713 Mureto
637 1671 763 1714 dedit
785 1672 1121 1724 celebrabatur,

220 1726 344 1783 quod
393 1726 497 1769 dein
541 1743 698 1772 omnes
746 1729 941 1772 edidere.
992 1749 994 1754 ·
1031 1727 1122 1772 Sed

218 1783 342 1826 nulla
370 1793 464 1827 erat
486 1787 690 1829 mutandi
715 1802 848 1830 causa
876 1796 919 1829 et
948 1786 1121 1843 saepius

218 1841 383 1883 Noster
403 1850 580 1899 tempus
608 1859 815 1901 praesens
839 1844 1012 1901 posuit,
1041 1842 1121 1886 ubi

220 1898 485 1958 interpretes
507 1900 1028 1960 vellentsimperfeetum.
1059 1899 1120 1944 cf.

220 1963 316 1998 not.
349 1957 403 1998 ad
431 1957 474 2005 2,
495 1958 566 2000 23.
606 1960 687 2001 sub
720 1975 764 2005 v.
797 1960 1117 2014 praecipitan-

223 2020 329 2061 tur,
373 2023 416 2056 et
449 2015 564 2058 Hist.
590 2015 632 2065 3,
659 2019 727 2060 10.
760 2017 843 2059 sub
878 2033 917 2060 v.
950 2030 1122 2072 asper-

218 2078 411 2115 uantur.

276 2136 385 2170 orta
408 2129 736 2185 interpretatio
757 2131 978 2187 fulguris.
1038 2130 1122 2174 Ed.

221 2184 341 2242 Spir.
360 2195 472 2229 orca
495 2189 620 2229 inter
651 2204 707 2231 ea
737 2197 783 2231 et
814 2189 937 2231 actio
954 2189 1122 2246 fulgu-

220 2244 301 2285 ris.
359 2243 482 2287 Ante
505 2254 614 2288 orta
634 2246 709 2288 illa
729 2255 951 2304 punctum
974 2246 1118 2305 ponit.

281 2312 565 2360 Simbruina.
669 2316 755 2361 Ed.
816 2316 936 2376 Spir.
1001 2318 1120 2360 sim-

221 2371 406 2414 bruma.

280 2430 355 2471 eui
365 2429 682 2488 Sublaqueum
706 2447 878 2476 nomen
900 2439 987 2475 est.
1049 2432 1119 2474 In-

221 2488 495 2544 terpretibus
546 2488 822 2534 inconcinna
875 2490 981 2533 sunt
1025 2489 1120 2536 visa

222 2541 364 2588 Taciti
390 2546 530 2591 verba
553 2547 815 2591 scribentis:
846 2547 1122 2591 Simbruina

218 2609 414 2656 stagna,
445 2606 528 2646 cui.
587 2602 704 2648 Hinc
724 2605 847 2649 varie
872 2606 1121 2649 mutabant.

224 2658 325 2702 Alii*
342 2676 446 2705 cum
462 2661 611 2720 Lipsio
633 2662 839 2709 inserunt
861 2665 994 2713 villa,
1024 2663 1123 2714 cui5

221 2718 296 2762 vel
329 2721 450 2770 loeo,
482 2721 568 2763 cui.
634 2719 723 2762 Alii
752 2737 856 2763 cum
884 2719 1119 2764 Gronovio

223 2772 402 2831 legunt=
454 2779 552 2818 loco
587 2776 906 2834 Sublaqueum
948 2791 1122 2821 nomen

223 2839 304 2875 est.
381 2833 471 2876 Alii
512 2834 670 2878 volunt
706 2837 871 2892 quibus
911 2836 996 2894 pro
1021 2836 1122 2879 tui.

221 2888 279 2932 Et
313 2889 355 2933 hi
390 2891 575 2950 quidem
598 2893 803 2993 {iessimffl
864 2893 980 2937 Nam
1001 2891 1122 2935 Sub·-

222 2950 440 3003 laqueum
512 2950 598 3004 (vil
621 2953 671 3007 a)
741 2960 784 2994 et
845 2951 1123 2994 Simbruina

222 3012 396 3060 stagna
433 3007 610 3053 diversa
641 3016 762 3051 sunt.
823 3009 943 3052 Plin.
973 3007 1015 3060 3,
1050 3009 1118 3050 12.

142 3086 145 3089 ,
220 3065 344 3106 Anio
379 3067 508 3109 locus
541 3074 640 3108 tres
672 3067 963 3108 amoenitate
989 3067 1120 3108 nohi-

224 3122 292 3162 les
307 3154 318 3170 ,
351 3124 431 3178 qui
451 3137 627 3165 nomen
654 3126 823 3165 dedere
845 3123 1122 3180 Sublaqueo,

222 3179 374 3232 desert
417 3181 465 3222 in
501 3180 722 3224 Tiberim.
803 3181 1018 3240 Sequitur
1060 3188 1122 3224 ta·

223 3249 327 3277 men
342 3237 679 3281 Stronnbeekius
695 3239 958 3282 mendacem
972 3253 1121 3282 emen-

224 3291 468 3337 dationem.
530 3296 590 3338 At
620 3295 657 3338 si
695 3296 804 3354 quid
827 3304 947 3339 recte
971 3296 1122 3346 video.

222 3348 318 3414 ipsa
342 3353 478 3394 verba
505 3356 634 3407 apud
653 3355 925 3398 Simbruina
950 3362 1123 3408 stagna

222 3406 473 3463 Significant
510 3410 660 3452 villam
694 3411 757 3464 ibi
789 3412 934 3455 sitam.
1006 3411 1122 3454 Nam

221 3464 258 3506 si
298 3463 420 3506 Nero
472 3465 635 3510 dicitur
682 3468 957 3512 discubuisse
1004 3468 1123 3523 apud

222 3520 483 3567 Simbruina
511 3532 686 3580 stagna,
728 3543 808 3583 per
842 3543 887 3570 se
920 3524 1123 3583 intelligi-

1191 1554 1374 1597 aedibus
1417 1553 1710 1612 quibusdam,
1761 1572 1878 1614 quae
1918 1557 1980 1603 ibi
2021 1574 2089 1603 es·

1191 1620 1306 1655 sent.
1377 1610 1595 1655 Similiter
1626 1612 1783 1671 aliquis
1816 1613 1906 1658 diei
1937 1625 2089 1673 posset

1191 1668 1367 1711 Romae
1390 1668 1667 1713 discubuisse
1690 1671 1812 1714 inter-
1827 1670 1941 1716 dnos
1960 1672 2091 1722 lucos

1194 1726 1270 1781 (cf.
1293 1725 1393 1771 Liv.
1420 1728 1459 1775 1,
1482 1727 1570 1784 8.),
1608 1737 1660 1771 ut
1690 1728 1859 1786 cogites
1891 1729 1946 1774 de
1969 1730 2091 1778 aedi-

1191 1785 1284 1851 bus⁸
1305 1785 1354 1851 in
1376 1783 1456 1827 illo
1482 1783 1587 1828 loco
1609 1784 1718 1830 sitis.
1777 1786 1838 1830 lta
1859 1786 1906 1830 ‘si
1935 1787 2090 1856 locum

1189 1857 1369 1954 Ξῗέξῖἓ
1391 1842 2095 1958 ἓὲᾆῗέῗιῗέῖῖῗῗῧὲῗοδῗὲἲῑ

1190 1956 1370 2058 laelium:
1391 2015 1545 2059 illum.
1606 2013 1890 2069 Groslotius,
1917 2016 2093 2064 Rhena-

1191 2087 1277 2114 nus
1319 2081 1362 2115 et
1403 2071 1592 2116 Grotiusv
1637 2073 1800 2119 volunt
1849 2076 1953 2118 hino
2003 2085 2091 2134 pro

1191 2132 1327 2173 huno.
1387 2129 1646 2187 Perperam.
1698 2130 1852 2176 Verba
1872 2133 2091 2190 usquead

1195 2187 1327 2241 origo
1370 2189 1568 2255 pendent
1607 2205 1632 2232 e
1678 2189 1922 2258 superi-ore-
1963 2191 2095 2248 quio,

1193 2259 1287 2345 {¹3}
1311 2246 2095 2372 Ξίἒῑῖῑὲἶῗὲᾗῖῗέἶῗὦῶἶῗωῖἑιέιῗέ

1192 2360 1314 2402 “”
1326 2360 2093 2477 ..¹1²213mv‘323211‘taftaff21332

1193 2477 1494 2588 ¹²‘Zff‘rm0tus
1542 2511 1643 2577 nis.
1714 2533 1792 2579 sie
1844 2536 1916 2580 ed.
1968 2511 2092 2595 spir.

1194 2590 1327 2636 MSS.
1359 2593 1480 2636 Harl.
1508 2591 1638 2635 Bodl.
1663 2591 1746 2635 les.
1771 2591 1913 2637 Corb.
1938 2592 2092 2639 Guelf.

1192 2649 1424 2717 Victorius
1446 2650 1663 2711 intactum
1677 2648 1861 2748 ‘eliqsssi‘
1876 2652 1946 2703 ι’ἰε,
1966 2651 2091 2709 quod

1194 2715 1259 2763 est
1291 2723 1341 2750 m
1370 2707 1476 2751 edd.
1498 2708 1598 2750 Put.
1623 2707 1690 2749 M.
1715 2715 1760 2751 et
1826 2739 1839 2751 .
1863 2707 1966 2752 Ber.
1989 2707 2093 2755 Ate.

1191 2763 1336 2832 Rben.
1363 2781 1463 2823 sqq.
1525 2764 1613 2807 Sed
1640 2766 1715 2808 his
1744 2765 2092 2835 praeferendum

1194 2821 1594 2937 Puffsffisaif’ssbii'
1621 2825 2092 2927 pantfflsszm.

1194 2938 1415 2982 Pichenae
1429 2970 1443 2991 ,
1487 2953 1622 2996 quam
1652 2937 1799 2982 hausit
1820 2953 1844 2980 e
1869 2937 2094 2998 scriptura

1196 3009 1296 3051 cod.
1333 3008 1458 3051 Flor.
1503 3009 1758 3051 consuleret
1797 3013 1838 3068 ,ᾳ
1871 3015 1917 3050 et
1946 3009 2091 3052 urbis.

1192 3064 1399 3108 Victorio
1439 3065 1660 3110 intactum
1703 3065 1869 3109 mansit
1919 3066 2014 3109 sibi
2049 3071 2095 3108 et

1195 3125 1361 3174 turbis,
1406 3124 1529 3182 quod
1561 3123 1635 3168 vul
1671 3137 1698 3164 ο
1731 3122 1863 3166 estin
1887 3123 2025 3167 MSS.
2049 3129 2094 3166 et
2142 3140 2148 3145 ·

1194 3180 1296 3229 edd.
1320 3180 1424 3227 Put.
1453 3181 1523 3225 M.
1549 3188 1592 3224 et
1661 3212 1672 3223 .
1700 3180 1805 3224 Ber.
1828 3179 2091 3224 Alc.Rhen.

1193 3253 1290 3296 sqq.
1353 3239 1404 3282 ln
1431 3239 1531 3282 MS.
1557 3237 1697 3281 Corb.
1722 3245 1763 3280 et
1787 3238 1857 3282 ed.
1879 3236 2000 3296 Spir.
2021 3252 2091 3281 re·

1193 3295 1365 3354 peritur
1387 3298 1478 3339 sibi
1493 3311 1517 3338 e
1536 3295 1695 3339 turbis.

1246 3367 1402 3407 prava
1422 3353 1792 3409 dtffamantihus.
1848 3351 1928 3397 Sic
1951 3350 2092 3398 MSS.
2131 3357 2138 3370 ⁸

1194 3409 1320 3455 Flor.
1363 3413 1481 3467 (test.
1517 3411 1655 3468 vict.)
1689 3408 1832 3454 corb.
1870 3409 1991 3454 Bud.
2022 3409 2093 3455 ed.

1197 3469 1229 3512 S
1265 3469 1317 3512 ir.
1397 3470 1543 3513 Bene>
1566 3475 1611 3510 et
1649 3481 1806 3526 graeca
1849 3475 2092 3513 structura·

1197 3541 1222 3570 c
1243 3556 1255 3570 .
1279 3526 1549 3572 Ramshorn.
1570 3523 1726 3571 Gram.
1746 3524 1790 3582 §-
1804 3524 1902 3571 152.
1934 3523 2094 3586 pm.
