2164 3990
226 136 284 173 A.
302 135 356 175 U,
368 134 458 169 1814.

224 182 278 216 A.
296 180 343 217 C.
392 178 439 210 61

620 132 795 194 ΜΒ.
831 132 998 196 xlv,
1060 99 1252 198 CAP.
1288 138 1390 196 21.
1429 140 1529 199 22.

1875 149 2001 207 263

138 274 270 351 quis
322 288 427 344 per
480 283 577 323 eos
621 263 746 319 dies
790 263 1055 339 plerique
1099 264 1486 336 incesserant,
1555 280 1681 325 tum
1727 276 1994 332 exoleve-

136 368 302 416 rann

300 434 498 495 XXII.
555 403 719 493 Inter
753 451 901 507 quae
926 443 981 489 et
1003 433 1162 491 sidus
1188 448 1440 493 cometes
1469 438 1714 511 effulsit,
1757 441 1831 498 de
1867 466 1986 520 quo

131 525 294 599 vulgi
331 521 536 597 opinio
573 529 685 586 est,
740 529 1021 592 tanquam
1054 521 1442 577 mutationem
1473 524 1623 596 regis
1656 531 1984 599 portendat.

130 612 321 686 Igitur
353 605 522 683 quasi
555 604 674 660 iam
711 602 955 676 depulso
991 601 1257 674 Nerone,
1312 606 1584 682 quisnam
1615 610 1983 684 deligeretur,

128 694 539 783 anquirenant.
607 699 663 744 et
688 687 954 743 omnium
981 709 1083 745 ore
1107 687 1423 747 Rubellius
1447 691 1691 760 Plautus
1722 697 1981 756 celebra-

124 907 129 910 ,
179 885 279 943 qui-s
292 895 379 938 per
400 895 437 924 e.
459 882 505 923 d.
525 894 575 934 ρ.
595 877 892 921 incesserant.
921 876 1015 920 Pro
1088 878 1297 923 Heinsius
1319 882 1509 925 malebat
1531 887 1852 930 exoleverunt.
1891 887 1979 933 Sed

122 946 219 1002 quis
243 940 403 998 legitur
428 952 517 992 quo
544 935 590 978 iu
612 933 749 978 MSS.
772 935 895 978 Flor.
934 935 1012 988 (ibi

124 1005 171 1058 q⁰
194 1006 289 1044 test.
306 995 512 1050 Pichen.)
539 991 653 1035 Bud.
667 993 848 1037 Fames.
865 990 1010 1036 Vatic.

118 1060 231 1115 Agr.
256 1055 326 1098 ed.
350 1053 469 1110 Spir.
528 1048 754 1092 Victorius
775 1058 923 1091 tamen
945 1049 1009 1091 in-

120 1123 290 1160 tactum
323 1110 502 1165 reliquit
536 1121 677 1163 quos,
729 1105 850 1163 quod
884 1122 1007 1163 prae·

119 1173 228 1218 bent
261 1168 365 1212 MS.
393 1164 543 1210 Guelf.
579 1165 782 1218 (fortasse
817 1171 857 1204 et
890 1161 1008 1204 Oxo-

118 1231 323 1278 rutensem
357 1240 461 1266 nam
495 1221 728 1263 Broterius
758 1220 812 1261 de
840 1218 907 1261 his
946 1227 1009 1261 ta-

117 1294 187 1330 cet
219 1283 445 1338 ediditque
489 1281 620 1334 quos)
661 1276 762 1319 edd.
794 1276 896 1318 Put.
935 1277 1006 1319 M.

113 1353 159 1391 et
176 1344 230 1384 V.
253 1337 460 1383 Beroald.
486 1337 588 1380 Alc.
609 1332 935 1377 Rhen.Ald.Li
970 1351 1005 1378 s.

114 1400 324 1444 Gronov.
345 1394 488 1453 Ryek.
512 1394 691 1436 Broter.
715 1390 893 1447 aliique.
935 1351 1007 1434 βί-

112 1458 252 1503 ebena
282 1453 535 1501 coniecerat
575 1452 831 1506 quomodo,
880 1450 1002 1507 quod

111 1513 282 1571 recepit
319 1510 590 1566 Bernegger.
629 1505 860 1550 Groslotio
906 1523 1002 1549 sua-

111 1588 212 1617 sore
234 1567 464 1626 Bipontini
480 1600 492 1618 ,
520 1563 681 1607 Oberl.
702 1580 801 1621 sqq.
822 1564 1003 1607 edidere

113 1631 231 1687 quz's.
323 1625 490 1667 Verum
545 1623 734 1665 fortasse
777 1621 884 1663 vidit
921 1621 1000 1663 Er-

111 1686 309 1736 nestius‚
345 1682 423 1741 qui
445 1680 576 1728 dicit,
604 1679 651 1722 in
676 1693 763 1733 quo
787 1677 896 1722 nihil
918 1677 1006 1720 im-

110 1743 264 1803 pedire
338 1755 428 1797 quo
501 1738 650 1780 minus
726 1735 1002 1794 intelligatur

108 1801 307 1850 amictu,
339 1795 424 1840 etsi
439 1794 621 1855 pluralis
643 1792 900 1851 praecedat,
925 1809 1001 1836 cu·

106 1861 175 1903 ius
197 1858 370 1900 formae
395 1852 593 1911 exempla
616 1852 704 1895 sint
724 1850 839 1908 apud
865 1849 1001 1893 Grae-

108 1933 186 1960 cos
237 1921 281 1958 et
331 1912 524 1955 Latinos.
615 1907 791 1951 Etenim
840 1907 1002 1962 graeci

106 1969 307 2016 amianas
345 1969 646 2024 (griechische
685 1965 996 2019 Kleidungen)

105 2031 154 2073 in
179 2029 439 2073 universum
466 2026 700 2071 dicuntur,
731 2022 897 2080 quippe
919 2022 1002 2079 qui.

105 2088 152 2130 in
178 2086 331 2129 multis
353 2083 503 2142 plures
526 2089 643 2125 sunt.
704 2079 795 2123 Sed
818 2080 901 2138 qui·
920 2081 994 2121 in-

104 2145 294 2192 cedunt,
322 2156 492 2196 graeco
513 2141 690 2182 amictu
714 2138 895 2195 quidem
923 2137 1000 2192 (in.

103 2202 408 2258 griechischer
457 2198 714 2250 Kleidung)
774 2195 997 2246 incedere,

33 2264 39 2269 '
102 2276 187 2304 nec
205 2258 506 2312 vero-graecis
526 2254 774 2298 amictibus
795 2253 1001 2307 (in-grie-

103 2317 310 2360 chiscben
360 2313 672 2366 Kleidungen)
729 2318 849 2352 recte
908 2309 998 2352 dici

103 2382 318 2433 possunt;
354 2387 458 2413 nam
493 2371 545 2412 de
574 2369 719 2411 forma
746 2365 993 2409 vestimenti

104 2431 376 2486 cogitamus,
400 2443 510 2484 quae
534 2428 579 2469 in
608 2441 698 2467 uno
719 2439 903 2482 quoque
926 2438 999 2466 ea·-

103 2489 208 2531 dem
240 2495 316 2530 est.
388 2484 527 2529 Secus
559 2482 716 2526 Germ.
749 2481 827 2526 17.
860 2481 995 2522 lineis

103 2545 349 2588 amictibus
401 2544 634 2585 velantun.
722 2537 995 2595 Exemplum

103 2604 232 2661 plane
265 2600 408 2645 simile
441 2607 574 2643 exstat
604 2596 780 2644 His1.‚3,
803 2598 874 2639 80.
909 2609 992 2637 ra-

95 2662 210 2715 ptis,
261 2661 384 2715 quod
418 2658 576 2712 cuique
610 2656 824 2708 obvium,
873 2653 998 2697 telis.

101 2718 272 2774 Nempe
293 2715 348 2758 ab
379 2715 589 2757 omnibus
619 2711 856 2770 rapiuntur
888 2712 996 2758 tela,

101 2776 155 2829 ab
206 2787 483 2830 unoquoque
531 2770 686 2814 telum.
774 2768 995 2815 Editores,

38 2886 45 2892 ἱ
102 2831 179 2889 qui
212 2829 471 2888 praeferunt
502 2842 644 2884 quos,
692 2826 887 2871 verbum
918 2826 992 2869 in-

103 2896 342 2932 cesserant
373 2885 600 2943 accipiunt
632 2900 715 2941 pro
749 2884 994 2927 incessive-

104 2953 244 2993 rant,
303 2943 528 2987 intellecto
584 2941 817 2985 conviciis.
912 2940 992 2981 Vix

103 3003 238 3046 credo
263 3017 357 3045 eam
383 3000 603 3043 rationem
629 2998 733 3044 huic
757 2997 860 3040 loco
885 3012 991 3041 con-

102 3061 270 3103 venire.

159 3125 259 3159 tum
281 3117 614 3158 exoleverunt.
670 3112 753 3156 Ed.
781 3113 897 3170 Spir.
922 3121 991 3154 ta·

103 3187 214 3224 men
238 3176 532 3216 exoluerunt.
592 3169 739 3212 Etiam
761 3171 862 3214 MS.
877 3170 993 3213 Bud.

104 3232 401 3274 exoluerunt.
467 3227 553 3271 Sed
598 3226 655 3271 cf.
693 3228 734 3278 6,
766 3228 838 3271 25.
880 3243 992 3269 non·

105 3290 216 3329 dum
253 3289 293 3331 is
325 3289 458 3330 dolor
490 3289 778 3328 exoleverat.
846 3285 993 3328 Etiam

102 3342 323 3394 iti-Guelf.
351 3352 415 3387 est
437 3352 596 3386 tamen
626 3359 710 3401 pro
746 3350 861 3385 tum.
920 3341 992 3385 De

107 3399 330 3457 frequenti
359 3402 621 3444 vocularum
643 3407 744 3444 tum
766 3407 809 3442 et
833 3407 993 3442 tamen

107 3457 370 3503 confusione
392 3459 653 3504 adnotatum
678 3465 743 3504 est
763 3456 822 3503 ad
844 3456 991 3510 13,42.

1084 937 1573 995 plusquamperfectum
1595 943 1667 985 hic
1688 945 1873 1000 ponitur
1894 962 1977 1004 pro

1083 993 1349 1051 imperfecto
1386 995 1427 1038 h.
1462 1014 1500 1040 e.
1535 998 1704 1046 indicat
1737 1001 1806 1054 id,
1855 1004 1978 1060 quod

1079 1060 1175 1116 tum
1202 1061 1294 1094 erat
1318 1053 1400 1106 (sie
1421 1068 1580 1097 waren
1601 1070 1688 1098 aus
1707 1061 1795 1100 der
1803 1058 1975 1118 Made).

1080 1109 1156 1151 διο
1179 1120 1449 1163 coeperant,
1489 1115 1829 1168 meminerant,
1865 1133 1974 1160 sue-—

1076 1173 1211 1207 verat
1236 1167 1294 1218 (c.
1317 1167 1379 1224 4.)
1407 1167 1593 1224 aliaque.

1139 1223 1249 1266 CAP.
1271 1223 1342 1266 22.
1402 1225 1535 1268 Inter
1557 1242 1687 1283 quae.
1745 1228 1828 1274 Ed.
1849 1230 1970 1290 Spir.

1077 1281 1204 1322 intra
1228 1296 1365 1336 quae.
1427 1282 1543 1324 Dein
1569 1293 1613 1326 et
1635 1288 1763 1329 sidus
1786 1289 1873 1343 (vel
1897 1305 1972 1343 sy-

1077 1340 1182 1393 dus)
1224 1338 1327 1381 edd.
1377 1347 1482 1382 vett.
1526 1358 1681 1384 omnes
1726 1360 1828 1386 cum
1866 1345 1969 1389 MS.

1079 1393 1229 1438 Guetf.
1258 1401 1262 1404 ’
1294 1396 1361 1438 Ne
1397 1397 1531 1452 igitur
1562 1399 1714 1443 credas
1746 1401 1971 1452 Broterio,

1075 1453 1152 1519 qui
1201 1453 1381 1496 tradidit
1421 1455 1718 1500 Puteolanum
1761 1467 1807 1502 et
1851 1461 1975 1505 omi-

1074 1526 1205 1554 sisse.⁴

1109 1567 1253 1634 ‘regis
1279 1572 1550 1622 portendat.
1613 1570 1689 1615 Sic
1722 1573 1822 1616 libri
1859 1584 1973 1619 vett..

1074 1625 1161 1667 nisi
1200 1626 1322 1681 quod
1365 1626 1434 1671 ed.
1466 1627 1589 1684 Spir.
1628 1630 1795 1674 omittit
1832 1637 1973 1688 reglis,

1072 1682 1173 1729 MS.
1189 1681 1338 1726 Guelf.
1364 1683 1435 1726 dat
1451 1689 1741 1738 portendant
1759 1704 1843 1744 pro
1859 1706 1975 1745 por·-

1073 1743 1252 1782 tenda-t.
1313 1739 1402 1783 Sed
1428 1758 1452 1784 e
1477 1742 1665 1785 Bentleii
1699 1745 1772 1799 (ad
1794 1745 1965 1790 Lucan.

1075 1800 1114 1846 1,
1138 1797 1257 1850 529.)
1283 1799 1566 1842 correctione
1589 1801 1847 1854 Broterius,
1881 1804 1965 1847 Bi-

1071 1854 1273 1912 pontini,
1333 1853 1578 1900 Oberlinus
1629 1873 1733 1915 sqq.
1786 1860 1964 1906 edidere

1068 1913 1224 1966 regnis
1243 1927 1327 1968 pro
1348 1915 1484 1966 regis.
1529 1914 1623 1956 Cur
1634 1915 1659 1957 ’.θ’
1682 1932 1789 1958 num
1814 1917 1970 1976 displi-.

1071 1977 1142 2012 cet
1193 1969 1318 2022 regis
1362 1969 1639 2014 vocabulum
1686 1973 1740 2016 de
1781 1974 1962 2019 Nerone

1067 2027 1365 2084 usurpatum?
1425 2027 1527 2069 Non
1574 2037 1639 2071 est
1678 2046 1761 2073 cur
1803 2033 1962 2089 displi-

1067 2093 1178 2127 ceat.
1239 2083 1354 2125 Nam
1377 2085 1499 2141 vulgi
1524 2085 1678 2143 opinio
1700 2086 1773 2131 hic
1794 2089 1841 2132 in
1864 2093 1960 2134 uni-

1065 2157 1249 2186 versum
1277 2140 1567 2185 describitur=
1598 2144 1790 2189 credunt
1811 2162 1961 2191 come·

1066 2207 1144 2242 ten
1184 2199 1481 2242 mutationem
1523 2201 1640 2258 regis
1686 2204 1959 2259 portendere

1068 2272 1130 2301 sc.
1150 2257 1195 2301 in
1221 2272 1469 2313 eoregtlrio,¹
1487 2257 1562 2299 ubi
1587 2258 1808 2316 effulgeat.
1841 2260 1960 2306 Hinc

1069 2321 1242 2356 cometa
1258 2312 1429 2355 Romae
1447 2314 1569 2360 visus
1592 2315 1780 2359 debebat
1800 2318 1958 2362 referri

1066 2371 1120 2413 ad
1170 2368 1423 2427 principem
1461 2370 1736 2415 Romanum.
1823 2374 1977 2419 Oete--

1063 2443 1168 2469 rum
1206 2441 1334 2483 saepe
1369 2425 1534 2470 Noster
1572 2430 1696 2483 regis
1736 2432 1958 2478 vocabulo

1064 2484 1206 2527 utitur
1228 2483 1282 2526 de
1305 2483 1506 2542 principe
1521 2484 1728 2530 Romano
1753 2489 1956 2547 loquens.

1068 2540 1128 2584 cf.
1164 2556 1204 2583 c.
1242 2539 1309 2582 13.
1343 2555 1540 2596 quorum
1568 2557 1663 2584 non
1695 2546 1794 2587 alia
1825 2549 1963 2602 regia.

1053 2598 1339 2655 secundior5
1397 2614 1438 2642 c.
1465 2599 1534 2642 59.
1577 2601 1846 2663 rpinistrum
1875 2602 1954 2648 ιὲε-

1065 2657 1211 2710 gium.
1305 2654 1606 2700 Mutationem
1647 2660 1803 2713 regnis
1846 2677 1956 2718 por-

1067 2712 1190 2756 tendi
1217 2711 1346 2755 latius
1374 2722 1490 2770 patet
1504 2730 1525 2766 3,
1551 2730 1655 2756 narn
1687 2717 1828 2760 variae
1853 2728 1957 2763 sunt

1067 2769 1368 2827 mutationes,¹
1415 2786 1526 2827 quae
1552 2773 1714 2829 ¹regnis
1751 2775 1955 2819 accidere

1064 2827 1250 2884 possint,
1320 2827 1405 2870 Hic
1438 2843 1548 2871 vero
1582 2830 1768 2873 mutatio
1805 2834 1957 2876 stricte

1062 2883 1347 2950 intelligenda
1381 2893 1447 2930 est
1479 2885 1533 2928 de
1566 2885 1678 2930 alius
1710 2887 1835 2946 regis⁴
1859 2906 1957 2934 suc-

1063 2956 1287 2987 cessione„
1566 2976 1578 2984 .

1121 2999 1455 3054 anquirebant.
1546 2998 1624 3044 Sic
1675 3001 1780 3045 MS.
1829 3002 1954 3052 Flor.

1063 3060 1179 3110 (test.
1207 3056 1318 3099 vict.
1344 3072 1382 3101 c.
1403 3055 1481 3112 al.)
1507 3056 1606 3101 edd.
1630 3059 1718 3101 lac.
1744 3058 1952 3107 Gronov.

1063 3114 1241 3156 Ernest.
1272 3129 1369 3171 sqq.
1428 3113 1486 3155 cf.
1522 3122 1617 3158 not.
1648 3115 1701 3157 ad
1732 3115 1800 3171 13,
1824 3118 1866 3160 6.
1895 3148 1955 3156 --

1059 3171 1390 3227 perquirebant
1422 3169 1556 3216 MSS.
1589 3170 1702 3228 Reg.
1735 3172 1848 3233 Agr.
1880 3176 1951 3220 ed.

1066 3226 1182 3286 Spir.
1221 3255 1280 3262 -
1337 3227 1635 3282 Inquirebant.
1662 3229 1796 3275 MSS.
1827 3231 1952 3278 Harl.

1065 3283 1197 3327 Bodl.
1237 3285 1319 3326 les.
1355 3283 1515 3330 Guelf..
1542 3285 1660 3330 Bud.
1694 3304 1782 3332 sec.
1814 3306 1877 3332 m.
1914 3291 1954 3344 (a

1096 3358 1135 3384 r.
1160 3357 1220 3383 m.
1245 3340 1360 3383 Bud.
1382 3342 1710 3400 anquirebant)
1734 3346 1834 3389 edd.
1852 3347 1953 3391 Put.

1063 3358 1130 3442 3²1.
1154 3406 1197 3442 et
1221 3396 1274 3441 V.
1295 3397 1399 3441 Ber.
1425 3394 1526 3442 Alc.
1547 3399 1690 3444 Rhen.
1712 3419 1808 3461 sqq.

1121 3456 1395 3501 celebratur.
1468 3456 1544 3503 Sic
1582 3457 1717 3504 MSS.
1759 3468 1801 3504 et
1843 3444 1948 3510 edd,
