2164 3990
187 226 239 266 A.
251 223 305 262 u.
319 197 406 260 am.

188 269 301 309 ΑΛ).
331 269 406 302 48·

588 221 774 315 Llss.
808 218 915 281 xl.
999 214 1195 279 CAP.
1225 216 1329 278 23.
1355 213 1461 276 24.
1874 221 1954 282 41

110 359 390 422 vocabulo
435 353 710 414 civitatis:
777 349 1032 425 insignia
1069 360 1334 425 patrum,
1398 346 1612 403 decora
1654 348 1960 422 magistra..

110 461 276 508 tuum
300 463 375 500 ne
406 442 733 514 vulgarent.

272 551 496 613 XXIV.
581 549 694 607 His
717 560 889 625 atque
912 547 1130 603 talibus
1153 541 1314 600 haud
1349 553 1650 617 permotus
1687 544 1962 624 princeps
2018 562 2020 564 ’

96 644 168 702 ἐἰ
214 641 406 699 statim
456 648 660 694 contra
696 633 972 691 disseruit
1010 643 1065 688 et
1100 640 1303 687 vocato
1342 639 1546 684 senatu
1602 629 1684 685 ita
1723 649 1964 690 exorsus

110 740 220 787 est:
279 722 588 797 „Maiores
609 720 759 789 mei,
803 738 1058 794 quorum
1091 713 1530 790 antiquissimus
1556 711 1805 772 Clausus
1843 718 1967 774 ori-

110 814 290 888 „gine
323 809 545 889 Sabina
588 804 864 862 simul'in
898 802 1192 859 civitatem
1227 798 1563 856 Romanam
1601 810 1658 855 et
1695 800 1761 856 in
1791 801 1967 859 fami-

111 899 266 969 „lias
310 893 694 971 patriciorum
731 889 984 946 adscitus
1031 897 1142 954 est,
1197 880 1537 953 hortantur,
1590 885 1680 940 uti
1721 888 1966 960 paribus

112 981 436 1053 „consiliis
473 998 602 1034 rem
654 975 955 1051 publicam
1009 988 1302 1044 capessam
1357 971 1760 1027 transferendo
1829 969 1967 1044 huc,

112 1068 323 1145 „quod
345 1084 596 1140 usquam
621 1059 917 1135 egregium
935 1056 1133 1113 fuerit.
1219 1075 1410 1130 neque
1443 1055 1601 1110 enim
1631 1055 1840 1129 ignoro
1864 1056 1968 1115 Iu-

113 1154 274 1223 „lios
307 1147 492 1218 Alba,
532 1143 936 1204 Coruncanios
969 1138 1274 1210 Camerio,
1315 1138 1558 1196 Porcios
1584 1138 1847 1200 Tusculo
1893 1156 1971 1215 et,

114 1257 237 1308 „ne
267 1233 463 1292 tretera
497 1242 850 1298 scrutemur,
892 1223 1135 1284 Etruria
1167 1224 1547 1303 Lucaniaque
1577 1236 1635 1284 et
1658 1229 1825 1285 omni
1850 1227 1971 1287 Ita-

118 1503 280 1535 remur
302 1488 382 1545 (vel
406 1490 515 1545 quid
534 1489 580 1530 si
594 1486 819 1529 memoria
843 1499 1008 1528 eorum

118 1557 366 1592 renovetur
408 1553 484 1589 aut
522 1545 788 1597 innovetur.)
834 1545 937 1600 quis
983 1557 1008 1584 e

120 1605 332 1660 capitolio
354 1611 400 1647 et
418 1619 525 1646 aree
538 1604 598 1646 R.
626 1603 873 1643 manubias
892 1603 1010 1641 deo-

120 1677 228 1705 rum
253 1664 504 1716 pensastis.
564 1660 620 1702 Ni
644 1658 810 1703 mavist
846 1660 953 1714 quid
971 1657 1017 1698 si

122 1719 357 1762 memoria
401 1732 560 1760 eorum
602 1723 867 1766 renovetur,
907 1713 1011 1770 quis

125 1776 391 1832 capitolium
424 1782 467 1816 et
499 1788 656 1816 arcem
681 1773 740 1815 R.
765 1773 1012 1815 manubias

125 1836 319 1876 deorum
330 1832 580 1887 pensastis.
636 1830 772 1872 Forte
795 1838 838 1871 et
859 1830 1012 1872 Seno-

124 1904 239 1932 num
264 1891 368 1931 latet
399 1903 568 1930 nomen
598 1886 679 1929 sub
711 1887 896 1929 nomine
929 1900 1010 1928 eo-

124 1962 250 1990 rum.
265 1945 292 1962 '¹
348 1943 699 1989 Freinshemius:
743 1942 864 2001 Quid
885 1945 928 1986 si
947 1958 1011 1984 m.

127 2019 293 2047 eorum
314 2004 580 2054 moriretur,
621 2003 700 2057 qui
725 2007 862 2055 capta
899 2001 1013 2043 olim

127 2069 174 2104 et
194 2076 310 2103 arsa
319 2061 496 2110 Roma,
523 2060 738 2101 manibus
759 2061 1014 2100 eorundem

126 2120 361 2174 prostrati
364 2117 562 2174 fuerint.
582 2135 586 2139 ·
611 2116 866 2158 Broteriuse
893 2115 1016 2174 Quid

128 2176 174 2218 si
193 2191 257 2218 m.
280 2190 317 2218 e.
341 2182 665 2225 renovaretur,
693 2175 772 2229 qui
788 2189 823 2216 c.
845 2181 889 2215 et
910 2186 1016 2214 arce

130 2234 193 2278 R.
210 2234 423 2276 manibus
436 2235 684 2274 eorundem
695 2230 810 2286 fere
828 2245 1017 2284 supera-

58 2302 63 2311 ·
130 2293 213 2342 tis,
261 2290 466 2345 pretium
496 2288 549 2331 P.
583 2289 642 2334 R.
675 2291 804 2330 mille
838 2291 1021 2343 pondus

131 2349 236 2390 acri
242 2349 454 2404 fecerint.
514 2345 615 2404 Bip.
645 2346 766 2402 Quid
785 2347 828 2388 si
843 2362 908 2389 m.
932 2345 1019 2388 Se-

131 2419 313 2449 nonum
334 2406 622 2454 recoleretur,
655 2405 734 2458 qui
747 2406 892 2456 captis
911 2404 1020 2444 olim

132 2479 165 2505 a
195 2477 246 2505 se
276 2461 531 2511 Romanis,
579 2461 819 2502 manubiis
857 2474 1022 2502 eorum

134 2522 238 2562 dein
266 2519 582 2574 processerint
613 2520 742 2560 satis.
801 2516 1022 2560 Hillerus:

141 2577 196 2636 Q.
220 2591 258 2620 s.
279 2592 343 2618 m.
365 2574 606 2618 Senonum
629 2583 910 2625 moveretur,
933 2575 1024 2630 qui,

140 2635 364 2689 Capitolio
388 2639 434 2674 et
454 2647 561 2674 arce
585 2633 644 2675 R.
677 2647 764 2686 per
794 2647 845 2674 se
870 2632 1027 2679 salm's,

139 2691 352 2735 manibus
382 2693 519 2732 aedes
548 2691 848 2745 prostrarint.
934 2687 1027 2732 Alii

142 2749 239 2792 alia.
337 2747 492 2804 Nuper
552 2762 802 2790 accessere:
867 2746 1028 2794 Feder,

145 2807 362 2850 Observv.
384 2807 483 2847 crit.
511 2805 558 2846 in
579 2811 702 2847 auct.
739 2813 847 2848 vett.
871 2819 1026 2859 graec.

142 2871 282 2920 atque
317 2866 401 2905 lat.
441 2863 670 2915 specimen
714 2863 1031 2918 quadruplex.

148 2921 268 2966 1818.
309 2919 385 2978 qui
409 2918 531 2963 vult:
578 2919 700 2975 Quid
729 2920 777 2962 si
803 2920 1033 2962 memoria

147 2993 306 3021 eorum
338 2984 634 3025 moveretur,
675 2978 775 3032 qui,
815 2977 1031 3031 capitolio

148 3043 194 3079 et
223 3050 325 3078 arce
347 3036 403 3080 R.
439 3035 756 3083 manentibus,
796 3037 1034 3077 seniorum

148 3096 330 3135 caedem
347 3106 432 3147 per
458 3095 606 3135 scelus
633 3091 880 3146 epidissent
910 3091 955 3145 (ἲ
971 3089 1032 3134 cf.

147 3149 355 3195 Biblioth.
384 3148 484 3193 crit.
510 3150 634 3192 1819.
664 3150 796 3200 nr.7‚
827 3164 869 3206 p.
886 3149 1007 3199 697.)
1034 3162 1048 3200 ;

148 3214 191 3251 et
202 3207 408 3250 Moebius
424 3205 471 3248 in
484 3207 594 3250 bibl.
612 3206 712 3250 crit.
733 3207 859 3250 1820.
880 3221 922 3262 p.
935 3205 1034 3248 828.

153 3266 260 3321 quid
281 3267 323 3307 si
339 3281 400 3307 m.
426 3279 465 3307 e.
488 3265 742 3306 inoriretur
774 3263 864 3319 (vel
892 3264 1033 3305 inire-

153 3323 266 3376 tur),
297 3323 375 3378 qui
395 3322 611 3376 capitolio
635 3328 681 3362 et
712 3336 822 3363 arce
845 3321 904 3363 R.
929 3336 1035 3362 ma-

86 3394 92 3397 ·
153 3379 285 3420 nibus
323 3382 575 3421 eorundem
614 3380 855 3433 separati?
893 3379 1039 3434 frue-

155 3443 368 3478 renturve
391 3438 613 3479 vocabulo
635 3437 866 3478 civitatis?
891 3443 943 3478 at
965 3436 1037 3477 in-

155 3494 302 3546 signia
333 3501 416 3538 etc.
485 3494 670 3537 Frustra
706 3508 878 3537 omnes.
949 3493 1038 3536 De·

158 3556 258 3596 sunt
279 3549 430 3608 plura,
472 3566 608 3609 quam
644 3559 692 3595 ut
722 3550 866 3610 aliqua
898 3558 1038 3596 muta-

1076 1484 1202 1527 tione
1226 1490 1302 1526 aut
1335 1482 1425 1526 levi
1460 1481 1763 1527 additamento
1791 1491 1974 1529 senten-

1076 1542 1138 1585 tia
1159 1540 1320 1584 idonea
1344 1541 1442 1584 elici
1464 1541 1619 1598 possit.
1670 1539 1800 1595 Quae
1820 1558 1972 1601 super-

1079 1606 1183 1642 sunt
1217 1597 1439 1642 vocabula
1483 1598 1608 1640 omni
1643 1598 1761 1641 inter
1795 1615 1842 1644 se
1877 1599 1974 1645 vin·

1081 1655 1186 1699 culo
1221 1663 1387 1698 carent.
1446 1655 1557 1697 Mox
1582 1655 1729 1700 delevi
1753 1664 1818 1706 at,
1850 1659 1974 1715 quod

1082 1721 1183 1755 ante
1217 1713 1419 1766 insignia
1445 1720 1604 1755 contra
1628 1714 1764 1758 MSS.
1796 1721 1841 1756 et
1874 1715 1974 1759 edd.

1081 1777 1190 1816 vett.
1238 1769 1459 1812 indiderat
1502 1767 1764 1813 Oberlinus.
1858 1771 1975 1816 Nam

1082 1827 1152 1869 ed.
1179 1843 1275 1884 pr.,
1305 1842 1418 1884 quae
1445 1825 1578 1868 habet
1614 1833 1684 1875 et,
1716 1843 1809 1870 non
1832 1843 1882 1872 ea
1910 1838 1977 1873 est

1082 1883 1373 1933 auctoritate,
1413 1890 1463 1925 ut
1488 1898 1594 1941 prae
1616 1882 1689 1928 illa
1711 1901 1974 1944 spernamus

1085 1940 1219 1984 codd.
1241 1940 1450 1984 MSStos.

1142 2012 1256 2056 CAP.
1287 2009 1360 2054 24.
1431 2017 1477 2052 et
1510 2012 1691 2055 statim.
1767 2012 1844 2063 Sic
1876 2015 1978 2060 MS.

1083 2069 1210 2114 Flor.
1247 2069 1364 2123 (test.
1390 2067 1509 2112 Viet.
1536 2085 1641 2112 cum
1661 2069 1808 2128 Pich.)
1837 2069 1981 2117 Corb.

1087 2126 1189 2170 edd.
1214 2125 1342 2170 Pich.
1365 2141 1463 2184 sqq.
1532 2128 1675 2175 ettam
1693 2130 1857 2171 statim
1878 2131 1980 2174 edd.

1088 2184 1210 2241 Spir.
1241 2184 1343 2227 Put.
1376 2184 1444 2228 M.
1472 2193 1515 2228 et
1535 2182 1596 2227 V.
1631 2184 1845 2230 Beroald.
1877 2187 1980 2232 Alc.

1088 2243 1233 2287 Rhen.
1253 2241 1362 2291 Ald-
1385 2241 1504 2299 Lips.
1530 2239 1664 2286 Grut.
1698 2243 1837 2289 MSS.
1858 2243 1982 2290 Harl.

1090 2300 1224 2344 Bodl.
1250 2301 1337 2343 les.
1359 2297 1515 2343 Guelf-

1150 2371 1364 2414 Clausus.
1448 2369 1534 2413 Ed.
1582 2369 1700 2429 Spir.
1743 2370 1984 2418 Claudius.

1093 2428 1183 2472 Sed
1213 2427 1272 2472 cf.
1304 2429 1346 2480 4,
1371 2429 1413 2472 9.
1445 2427 1597 2486 ibique
1630 2436 1726 2472 not.
1795 2429 1985 2476 sueton.

1093 2485 1196 2530 Tib.
1230 2503 1272 2530 c.
1298 2488 1338 2529 1.
1387 2486 1479 2530 Liv.
1514 2488 1556 2537 2,
1584 2484 1653 2528 16.
1712 2485 1907 2546 Dionys.
1943 2488 1988 2539 5,

1093 2543 1166 2586 40.
1237 2543 1376 2599 Quod
1421 2541 1662 2602 pleraeque
1691 2544 1793 2591 edd.
1832 2561 1990 2604 paren-

1097 2599 1209 2643 thesi
1251 2601 1538 2644 circumdant
1579 2601 1738 2644 verba:
1792 2618 1990 2659 quorum

1098 2659 1301 2701 adscitus
1332 2666 1424 2710 est,
1467 2657 1593 2700 nihili
1629 2665 1714 2708 est,
1752 2675 1838 2705 nec
1871 2661 1990 2720 apud

1099 2723 1206 2758 vett.
1231 2714 1372 2758 libros
1394 2715 1641 2760 invenitur.

1158 2800 1259 2828 rem
1286 2786 1521 2839 publicam
1549 2801 1794 2842 capessam
1828 2795 1994 2832 trans-

1089 2843 1307 2901 ferendo.
1364 2842 1446 2885 Ed.
1471 2843 1588 2901 Spir.
1612 2858 1666 2887 re
1680 2861 1732 2901 p.
1753 2859 1994 2900 capescen-

1102 2905 1193 2944 da:
1224 2903 1272 2944 in
1297 2899 1642 2957 transferenda.
1974 2912 1976 2915 ’

1160 2971 1490 3015 Coruncanios.
1520 2971 1595 3016 Sic
1609 2972 1709 3020 MS.
1723 2973 1875 3020 Guelf.
1891 2973 1994 3022 edd·

1104 3039 1292 3074 recentt.
1307 3028 1412 3072 inde
1428 3044 1452 3070 a
1465 3028 1584 3088 Lips.
1603 3032 1760 3086 prima.
1817 3031 1874 3076 cf.
1898 3033 1996 3078 Cic.

1106 3103 1190 3148 pro
1204 3086 1358 3130 Plane.
1374 3087 1416 3128 8.
1429 3095 1472 3130 et
1485 3102 1566 3145 pro
1581 3087 1740 3133 Sulla,
1765 3087 1881 3134 Vett.
1896 3091 1997 3135 edd.

1108 3147 1228 3205 Spir.
1264 3145 1367 3187 Put.
1400 3143 1469 3186 M.
1491 3153 1534 3188 et
1555 3143 1611 3189 V.
1660 3146 1866 3191 Beroald.
1911 3149 1998 3205 (nil

1107 3211 1306 3249 mutante
1336 3199 1478 3258 Vici.)
1517 3201 1619 3247 Alc.
1652 3203 1858 3248 Rhenan.
1893 3205 1999 3250 Ald-

1111 3262 1429 3304 Cor-uncanos.

1169 3318 1395 3360 Camerio.
1475 3315 1559 3361 Ed.
1602 3317 1722 3376 Spir.
1771 3318 1997 3367 Camena.

1107 3376 1364 3441 Mox·cum
1396 3371 1600 3441 Beklfero
1632 3377 1791 3421 sustuli
1826 3378 1997 3437 plenio-

1110 3448 1205 3476 rem
1235 3440 1645 3487 interpunctionem
1676 3433 1795 3478 inter
1833 3438 1998 3481 accitos

1111 3498 1155 3534 et
1177 3495 1442 3544 posu-emm
1479 3506 1583 3539 nam
1607 3491 1805 3551 pendent
1837 3491 1946 3542 haec
1974 3510 2001 3538 e

1111 3547 1253 3599 verbo
1272 3547 1451 3602 ignoro.
