2164 3990
1234 64 1294 123 ,ἢ

187 247 242 324 2:
258 243 315 339 ἒξ
332 239 419 351 ³³33:

610 245 780 308 LIB.
808 244 917 308 XI.
991 243 1186 311 CAP.
1219 246 1321 307 28.
1355 245 1460 307 29.
1872 248 1956 308 49

106 384 439 439 damnatam
474 388 610 435 ante
649 397 826 454 quam
859 397 1035 440 ream.
1122 376 1220 434 sed
1256 376 1321 433 in
1346 396 1413 432 eo
1439 375 1756 433 discrimen
1781 380 1955 450 verti,

104 467 154 524 si
188 463 456 522 defensio·
487 463 817 533 audiretur,
871 474 1052 541 utque
1090 463 1318 521 clausae
1351 481 1521 518 aures
1559 462 1737 519 etiam
1772 465 1957 520 confi·-

103 550 247 608 tenti
266 551 481 607 forent.
714 602 732 613 s

75 696 87 709 ἱ
264 631 487 692 ΧΧΙΧ.
530 626 619 688 Ac
653 631 847 708 primo
875 629 1181 702 Callistus,
1219 633 1338 690 iam
1373 627 1528 687 mihi
1564 632 1717 688 circa
1750 651 1956 689 necem

99 716 362 778 Caesaris
396 728 693 787 narratUS,
738 728 793 774 et
813 711 1119 792 Appianae
1146 719 1336 774 caedis
1365 717 1608 774 molitor
1627 714 1956 786 NarciSSUS,

95 803 662 879 flagrantissimaque
695 823 762 859 eo
799 803 864 858 in
903 815 1164 878 tempore
1201 798 1384 876 gratia
1412 801 1608 858 Pallas
1642 802 1956 874 agitavere,

96 909 244 946 num
268 887 678 946 Messallinam
707 887 940 945 secretis
972 887 1152 943 minis
1188 888 1546 962 depellerent
1575 907 1773 944 amore
1801 886 1958 958 Silii,

97 985 305 1031 cuncta
343 975 457 1030 alia
496 973 955 1030 dissimulantes:
1002 972 1143 1028 dein
1174 985 1366 1042 metu,
1408 992 1484 1028 ne
1519 972 1595 1028 ad
1632 972 1957 1047 perniciem

93 1061 251 1116 ultro
280 1054 682 1127 traherentur,
725 1055 1041 1127 desistunt,
1082 1055 1278 1113 Pallas
1305 1077 1412 1133 per
1447 1057 1772 1130 ignaviam,
1806 1054 1956 1133 ¹Cal—

94 1144 265 1206 listus
299 1143 514 1220 prioris
552 1162 786 1218 quoque
825 1141 1018 1215 regiae
1050 1142 1274 1217 peritus
1312 1153 1368 1199 et
1405 1143 1731 1216 potentiam
1768 1142 1955 1200 cautis

95 1249 271 1306 quam
297 1228 528 1284 acribus
553 1227 814 1283 consiliis
839 1227 1023 1284 tutius
1046 1223 1272 1286 haberi.
1342 1227 1599 1301 perstitit
1624 1225 1955 1300 NarciSSUS,

93 1314 378 1370 ut‘solum
413 1313 476 1370 id
512 1313 860 1382 immutanS,
903 1331 979 1367 ne
1014 1333 1131 1389 quo
1169 1332 1438 1368 sermone
1474 1313 1798 1388 praesciam
1835 1313 1953 1371 cri-

1061 1504 1198 1549 tiores
1242 1505 1342 1549 edd.
1387 1503 1494 1548 dant
1531 1503 1578 1547 C.
1620 1504 1854 1557 Caesaris,
1905 1521 1954 1549 ex

153 1507 236 1546 sed
266 1506 311 1545 in
343 1519 395 1546 eo
428 1505 693 1547 discrimen.
752 1502 835 1547 Ed.
867 1502 988 1562 Spir-

1060 1563 1245 1616 Fa'etni,
1286 1562 1469 1613 Ursini,
1510 1562 1807 1607 Freinshemii
1841 1563 1952 1609 alio-

95 1562 258 1605 omittit
279 1563 329 1604 in
353 1577 423 1606 ea.

152 1626 307 1675 utque.
366 1619 596 1663 Ernestius
620 1618 797 1662 volebat
823 1634 985 1675 neque,

94 1676 148 1719 ad
205 1677 455 1719 evitandam
500 1678 733 1720 duriorem
780 1677 987 1734 ellipsim.

97 1732 184 1774 Sed
228 1743 447 1789 repugnat
494 1735 532 1776 ei
576 1733 860 1778 coniecturae
908 1750 987 1776 vox

96 1791 260 1840 etiam,
301 1805 413 1846 quae
433 1800 540 1834 ‘tuni
573 1791 702 1847 plane
732 1789 875 1834 aliena
907 1799 987 1842 est,

97 1845 182 1888 nisi
224 1847 384 1888 iterum
426 1847 480 1890 ad
513 1847 699 1903 ellipsim
734 1847 982 1906 confugias.

92 1902 341 1946 Broterius-
370 1904 564 1947 coniecit
616 1906 793 1959 utique,
851 1915 985 1956 certe,

94 1960 305 2010 omnino,
346 1977 457 2018 quae
481 1969 625 2004 tamen
657 1962 903 2005 emendatio
928 1977 982 2004 eo

93 2016 289 2066 laborat,
337 2019 460 2076 quod
496 2034 590 2060 non
627 2020 728 2061 satis
773 2018 983 2062 convenit

92 2073 266 2121 verbis=
307 2076 354 2117 in
386 2091 439 2117 eo
473 2077 722 2117 discrimen
757 2079 897 2128 verti,
940 2083 983 2118 et

91 2131 227 2174 nimis
259 2133 367 2176 dura
394 2142 459 2175 est
482 2132 663 2176 omissio
691 2133 979 2176 coniunctio-

91 2189 160 2231 nis
182 2197 248 2232 ut.
292 2190 388 2247 Rip.
413 2191 575 2248 aliique
597 2198 735 2246 utque
760 2191 980 2249 explicant

90 2261 170 2302 per
193 2254 237 2288 et
258 2252 501 2303 quomodo.
543 2248 631 2290 Sed
655 2247 720 2290 nil
744 2250 848 2291 inde
871 2248 976 2291 red-

90 2303 227 2346 undat
262 2304 314 2347 ad
355 2305 570 2348 orationis
606 2306 979 2349 concinnitatem.

89 2359 215 2402 Latet
237 2361 382 2404 omnis
407 2363 536 2419 culpa
559 2364 605 2404 in
629 2363 860 2420 scriptoris
882 2364 980 2406 bre·

88 2418 252 2466 vitate,
289 2433 372 2475 qua
397 2420 507 2462 solet
529 2419 815 2474 intelligenda
843 2436 980 2476 quae-

91 2475 191 2517 dam
224 2475 490 2532 relinquere.
551 2476 745 2520 Uberius
778 2477 983 2535 scripsis-

89 2540 178 2576 set:
211 2534 259 2573 in
295 2548 348 2574 eo
379 2534 632 2575 discrimen
662 2536 800 2584 verti,
837 2545 888 2576 ut
912 2536 980 2576 vi·-

89 2593 280 2640 der-ent,
317 2604 374 2632 ne
391 2591 628 2646 facilitate
657 2606 745 2633 saa
771 2591 979 2647 imperci-

90 2654 166 2688 ιον·
201 2660 387 2690 rursum
419 2647 643 2703 flectatur
683 2650 731 2690 in
771 2652 978 2691 alteram

84 2711 297 2758 partem,
326 2706 372 2747 si
386 2706 595 2761 defensio
615 2706 885 2755 audiretur,
909 2715 978 2749 ut-

90 2777 174 2815 que
212 2763 395 2804 clausae
439 2777 577 2804 aures
617 2770 702 2805 etc.
773 2763 974 2807 Similem

89 2819 184 2861 fere
216 2818 370 2862 locum
403 2819 594 2862 vidimus
628 2819 719 2862 An.
751 2821 791 2872 4,
820 2821 891 2866 38.
927 2830 979 2865 ut

90 2877 337 2918 maioribus
355 2884 438 2920 etc.
497 2875 538 2916 V
539 2877 598 2919 id.
625 2886 721 2920 not.

146 2934 256 2978 CAP.
280 2934 353 2976 29.
388 2935 620 2976 Callistus.
685 2934 761 2977 Sic
785 2935 885 2980 edd.
909 2952 978 2979 re·

91 2998 220 3033 centt.
245 2991 348 3033 inde
372 3007 394 3031 a
413 2991 629 3049 Bernegg.
652 2992 851 3034 Cah‘stus
871 3002 973 3037 vett.

71 3046 185 3090 libri
215 3048 318 3090 mei.
380 3048 449 3091 De
479 3049 574 3090 viro
607 3049 665 3090 cf.
691 3047 782 3091 Dio
807 3051 875 3098 59,
905 3052 972 3094 19.

87 3105 156 3148 29.
201 3104 371 3162 loseph.
403 3106 532 3158 19,1.
563 3106 725 3164 quibus
758 3107 971 3152 scribitur

85 3159 350 3218 Κάλλιστος.

114 3222 116 3224 ’
143 3222 262 3262 circa
279 3235 455 3262 necem.
499 3220 574 3263 Sic
588 3220 689 3263 MS.
705 3220 826 3265 Flor.
853 3223 968 3276 (test.

86 3274 202 3319 Vict.
219 3294 259 3321 c.
272 3276 413 3333 Pieh.)
437 3277 536 3320 edd.
553 3277 676 3320 Pich.
693 3294 789 3336 sqq.
852 3279 967 3322 Cum

86 3333 208 3376 Flor.
233 3334 455 3376 consentit
481 3335 588 3376 und.
614 3343 654 3376 et
672 3334 822 3380 Guelf.
847 3338 970 3379 circa

88 3398 284 3432 mortem
318 3391 418 3434 edd.
457 3391 571 3448 Spir.
605 3391 704 3435 Put.
738 3393 804 3436 M.
840 3402 883 3435 et
917 3394 969 3441 V.

78 3446 288 3495 Beroald.
307 3448 404 3490 Alc.
420 3448 562 3491 Rhen.
589 3465 685 3508 sqq.
743 3449 813 3494 De
836 3467 886 3493 re
908 3450 967 3495 cf.

86 3503 259 3560 loseph.
291 3505 356 3553 19,
384 3508 418 3557 1,
447 3509 510 3548 10.

146 3561 368 3606 Caesaris.
425 3561 502 3607 Sic
525 3562 627 3606 libri
652 3571 761 3612 vett.
786 3563 967 3609 Recen-

82 3626 324 3678 TAcm'us
353 3627 418 3678 11.

1058 1635 1252 1676 rumque
1279 1620 1515 1664 sententia.
1576 1619 1779 1662 Frustra.
1837 1619 1955 1664 Nam

1059 1676 1159 1734 quis
1186 1677 1428 1720 Caesarum
1459 1676 1624 1734 poterit
1654 1676 1845 1733 intelligi
1870 1677 1956 1720 nisi

1062 1736 1236 1777 Caius?
1292 1733 1362 1776 De
1389 1734 1575 1777 Caesare
1609 1732 1827 1784 dictatore
1857 1750 1954 1777 non

1059 1791 1289 1847 cogitabis,
1313 1790 1478 1849 quippe
1499 1790 1628 1834 cuius
1649 1805 1805 1832 necem
1830 1807 1956 1834 enar·

1057 1863 1158 1890 rare
1206 1864 1299 1891 non
1346 1855 1440 1890 erat
1481 1846 1645 1890 horum
1689 1847 1954 1892 Annalium.

1044 1903 1183 1947 Solet
1207 1913 1355 1947 autem
1379 1904 1544 1946 Noster
1568 1903 1808 1946 Caesarum
1830 1920 1956 1963 prae-

1057 1961 1240 2004 nomina
1263 1962 1510 2020 negligere,
1533 1961 1764 2018 quotiens,
1789 1963 1865 2019 qui
1887 1963 1954 2006 in-

1055 2018 1284 2074 telligendi
1309 2020 1422 2068 sint,
1453 2019 1557 2062 satis
1583 2026 1771 2062 constat.

1110 2077 1358 2131 Appianae
1382 2079 1534 2119 caedis
1557 2077 1750 2118 molitor
1767 2076 1827 2119 N.
1890 2076 1952 2122 cf.

1052 2133 1144 2176 Dio
1167 2135 1237 2182 60,
1265 2133 1331 2177 14.
1392 2134 1578 2176 Sueton.
1605 2132 1762 2176 Claud.
1791 2149 1829 2176 c.
1856 2132 1926 2177 37.

1109 2207 1163 2233 ea
1193 2193 1240 2233 in
1272 2199 1497 2246 tempore.
1560 2190 1635 2234 Sic
1669 2189 1803 2234 MSS.
1832 2191 1954 2236 Flor.

1053 2250 1172 2299 (test.
1210 2248 1330 2293 Vict.
1375 2265 1416 2292 c.
1451 2247 1596 2303 Pieh.)
1646 2246 1799 2291 Guelf.
1848 2250 1950 2292 edd.

1051 2305 1170 2363 Spir.
1195 2305 1320 2349 Pich.
1344 2321 1394 2362 sq
1433 2329 1523 2346 .--
1567 2304 1616 2348 in
1652 2320 1704 2346 eu
1739 2314 1952 2361 tempore

1052 2363 1151 2407 MS.
1174 2363 1288 2406 Bud.
1310 2371 1360 2405 ut
1382 2366 1402 2406 1
1438 2396 1449 2414 ‚
1470 2363 1542 2407 47.
1576 2387 1627 2393 —-
1663 2377 1715 2403 eo
1737 2371 1951 2414 tempore

1053 2420 1157 2463 edd.
1178 2420 1282 2464 Put.
1311 2422 1378 2464 M.
1402 2429 1444 2462 et
1466 2418 1524 2462 V.
1550 2420 1652 2462 Ber.
1677 2419 1778 2462 Alc.
1799 2419 1948 2466 Rhen.

1053 2493 1152 2535 sqq.
1185 2481 1294 2520 Mox
1309 2479 1410 2521 MS.
1426 2476 1576 2520 Guelf.
1599 2491 1692 2518 non
1711 2492 1796 2534 pro
1815 2491 1948 2522 num.

1110 2535 1235 2578 dein.
1296 2535 1372 2579 Sic
1395 2535 1493 2578 MS.
1519 2535 1647 2579 Flor.
1682 2534 1798 2587 (test.
1823 2533 1946 2579 Vict.

1051 2600 1093 2635 et
1116 2591 1206 2634 lae.
1227 2591 1395 2648 Gron.)
1463 2590 1611 2649 Vulgo
1647 2591 1749 2634 edd.
1780 2593 1944 2635 deinde

1051 2664 1153 2692 cum
1179 2648 1328 2691 Guelf.

1107 2709 1171 2746 ad
1205 2706 1462 2761 perniciem
1497 2707 1645 2749 ultro.
1700 2705 1789 2751 Ed.
1826 2707 1945 2765 Spir.

1049 2767 1113 2805 ad
1130 2765 1383 2817 pernitiem
1407 2765 1551 2806 ultra.

1111 2828 1154 2862 et
1170 2823 1449 2873 potentiam.
1505 2820 1588 2864 Ed.
1610 2821 1731 2880 Spir.
1749 2836 1838 2875 per
1853 2835 1943 2876 po-

1051 2878 1267 2921 tentiam.

1108 2938 1304 2978 acribus.
1375 2934 1476 2977 MS.
1506 2933 1625 2978 Bud.
1659 2937 1759 2985 edd,
1791 2936 1939 2980 Rhen.

1049 2993 1149 3036 Ald.
1174 3009 1272 3049 sqq.
1296 2993 1564 3034 acrioribus.
1624 2992 1852 3036 Ernestins
1869 3009 1940 3037 re-

1046 3051 1187 3094 stituit
1219 3051 1426 3098 αενίόιιε,
1467 3049 1586 3107 quod
1612 3049 1774 3091 habent
1799 3049 1935 3095 MSS.
1977 3048 1979 3051 ’

1041 3108 1161 3151 F10r‚
1196 3112 1311 3149 (tzsst.
1339 3107 1425 3151 lae.
1451 3104 1616 3158 Gron.)
1648 3105 1797 3149 Guelf.
1829 3108 1936 3152 edd.

1042 3166 1072 3209 S
1107 3166 1160 3208 ir.
1195 3164 1298 3206 Pul.
1331 3163 1394 3204 M.
1421 3171 1462 3206 et
1485 3162 1541 3206 V.
1565 3163 1771 3206 Beroald.
1810 3171 1935 3210 (cum

1041 3223 1074 3265 si
1099 3222 1219 3265 entio
1254 3218 1398 3273 Vict.)
1431 3219 1534 3264 Alc.
1591 3219 1747 3263 Recte.
1817 3222 1934 3267 Nam

1042 3277 1317 3337 comparatio
1352 3277 1423 3321 hic
1456 3277 1586 3334 plane
1619 3293 1715 3319 non
1758 3279 1934 3336 attingit

1045 3335 1263 3382 vocabula
1289 3335 1438 3376 cautis
1462 3341 1503 3376 et
1525 3335 1727 3378 acribus.
1835 3382 1839 3387 s

1096 3392 1316 3447 perstitit.
1379 3391 1479 3435 MS.
1506 3385 1903 3446 Guelffpersistic.

1099 3459 1149 3491 uc
1168 3453 1319 3492 solum
1339 3449 1388 3490 id
1403 3450 1676 3492 immutans.
1710 3449 1787 3492 Sic
1798 3450 1934 3499 MSS.

1041 3508 1163 3550 Flor.
1203 3511 1303 3550 (test
1345 3505 1537 3550 Vicl.'c.
1571 3506 1650 3555 al.)
1684 3506 1790 3563 Beg.
1817 3507 1932 3550 Bnd.

1040 3565 1103 3608 ed.
1124 3564 1242 3622 Spir.
1258 3587 1311 3595 -—
1326 3571 1370 3605 et
1383 3566 1531 3607 solum
1545 3562 1646 3606 MS.
1660 3561 1808 3606 Guelf.
1826 3563 1929 3606 edd.

1238 3623 1293 3681 D
