2164 3990
197 131 324 192 290

878 122 1379 188 ANNALIUM

1743 124 1797 162 A.
1810 98 1966 160 υζειε.

1743 164 1796 203 A.
1815 166 1866 204 Cu
1886 173 1890 183 ‘
1906 167 1971 203 62.

204 257 450 332 „evenit
475 257 773 334 consulari
795 255 926 313 viro
957 254 1125 311 domi
1157 260 1295 312 suae
1325 255 1634 314 interfecto
1667 274 1772 333 per
1810 257 2058 316 insidias

206 344 548 417 ‚‚servileS,>
578 361 724 420 quas
764 361 941 398 nemo
977 334 1287 416 prohibuit
1332 353 1436 400 aut
1479 343 1749 419 prodidit
1788 343 2060 422 quamvis

205 430 527 501 „nondum
566 446 847 486 concusso
882 436 1118 481 senatus
1149 428 1448 498 consult0‚
1502 429 1664 505 quod
1705 429 2061 505 supplicium

206 516 367 586 „toti
398 513 656 571 familiae
689 511 1095 570 minitabatur.

1190 511 1486 570 decernite
1523 510 1764 571 hercule
1798 513 2061 590 impuni-

208 647 243 671 „
255 613 462 670 tatem,
497 610 564 656 ut
587 617 761 675 quem
787 596 1044 669 dignitas
1075 614 1179 651 sua
1200 596 1502 667 defendat,
1541 618 1676 656 cum
1699 599 2063 675 praefectura

209 685 425 757 „urbis
454 703 578 740 non
612 681 923 758 profuerit.

1008 678 1203 753 Quem
1227 701 1509 761 numerus
1543 703 1849 742 servorum
1869 683 2064 742 tuebi-

213 783 387 842 „tur‚
431 789 565 826 cum
590 767 923 825 Pedanium
950 764 1295 824 Secundum
1331 768 1748 844 quadringenti
1774 789 1899 826 non
1923 789 2065 845 pro-

212 852 546 927 „texerinw
630 852 726 910 cui
774 851 998 909 familia
1047 872 1222 927 opem
1263 852 1439 922 feret,
1490 849 1640 929 'quae
1666 871 1759 919 =ne·
1805 855 1871 914 in
1906 866 2067 912 metu

266 1112 491 1172 prodidit.
591 1108 677 1152 Ed.
700 1163 710 1167 ν
732 1107 855 1175 spir.
907 1110 1104 1164 prodiit.

213 1174 325 1217 Mox
350 1168 626 1213 Puteolanus
653 1173 876 1210 consentit
908 1167 956 1209 in
989 1182 1109 1209 non·-

216 1235 354 1280 dum,
386 1243 530 1288 quum
553 1224 659 1268 alibi
680 1224 852 1267 dederit
877 1228 1107 1267 nundum.

274 1307 326 1341 ut
349 1313 487 1354 quem
516 1295 720 1351 dignitas
749 1308 837 1337 sua
867 1294 1105 1351 defendat.

218 1357 295 1402 Sic
329 1355 468 1400 MSS.
499 1355 624 1397 Flor.
663 1355 783 1409 (test.
813 1351 950 1409 Vici.)
990 1353 1105 1396 Bud.

216 1415 327 1472 Reg.
349 1414 418 1456 ed.
440 1413 558 1470 Spir.
606 1409 746 1453 Bene.
793 1408 908 1453 Nam
933 1409 999 1453 sic
1020 1411 1110 1453 iro-

217 1473 292 1517 nia
319 1470 434 1514 belle
466 1469 784 1516 continuatur,
819 1467 940 1525 quod
975 1467 1111 1510 etiam

218 1529 353 1573 sensit
374 1527 620 1571 Ernestius.
677 1524 770 1567 Pro
793 1535 842 1567 ut
863 1541 999 1581 quem
1011 1525 1112 1568 MS.

219 1585 373 1631 Guelf.
405 1585 493 1628 fert
529 1590 670 1640 atque
700 1583 976 1641 compendio
1008 1598 1115 1625 usus

218 1653 337 1702 atqy,
374 1643 540 1690 et1dein
564 1640 801 1697 desendet.
858 1639 956 1683 MS.
974 1639 1114 1683 Corb.

221 1711 266 1746 et
297 1717 449 1758 quem.
538 1699 778 1742 Rhenanus
814 1697 1006 1741 malebat
1037 1713 1111 1740 ec-

220 1775 375 1817 quem.
449 1757 566 1800 Edd.
603 1756 708 1798 Put.
740 1755 808 1798 M.
844 1763 887 1797 et
918 1755 976 1799 V.
1007 1755 1111 1798 Ber.

220 1817 324 1861 Alc.
358 1815 502 1859 Rhen.
526 1830 622 1872 sqq.
647 1815 710 1856 At
738 1829 874 1869 quem
907 1813 1116 1868 dignitas

218 1891 306 1920 sua
328 1873 569 1930 defendet,
599 1873 823 1914 incentum
847 1886 904 1912 an
931 1887 953 1914 e
979 1870 1117 1914 MSS.

219 1934 290 1976 De
323 1929 656 1976 Oxbniensibus
690 1928 925 1971 Brozerius
961 1930 1020 1972 ita
1053 1937 1114 1970 ta-

222 1998 314 2041 cet,
347 1996 400 2032 ut
423 1988 654 2030 videantur
675 2002 777 2028 curn
804 1985 980 2044 vulgata
1006 1983 1115 2028 scri-

251 2057 353 2091 tura
383 2045 656 2102 conspirare.
721 2041 891 2085 Verum
924 2044 1116 2101 particu-

219 2064 309 2148 i’am
345 2110 397 2146 at
437 2103 541 2145 huie
587 2100 693 2143 loco
737 2116 832 2143 non
874 2098 1117 2143 convenire

221 2169 344 2206 recte
367 2161 656 2204 observatum
681 2166 746 2201 est
771 2157 825 2199 ab
846 2157 1072 2202 Ernestio.

273 2260 381 2299 ‘cum
408 2242 714 2299 praefectura
736 2242 863 2283 urbis
886 2257 979 2284 non
997 2257 1116 2297 pro-

208 2303 371 2361 fuerit.
464 2299 540 2343 Sic
581 2299 684 2342 edd.
726 2298 830 2341 Put.
867 2299 935 2343 M.
980 2307 1022 2343 et
1054 2298 1115 2343 V.

222 2359 404 2405 Berold.
436 2358 538 2402 Alc.
566 2356 712 2400 Rhen.
745 2371 844 2414 sqq.
912 2356 1001 2400 Sed
1035 2373 1117 2415 pro

222 2434 326 2460 cum
354 2418 400 2460 in
418 2415 551 2458 MSS.
565 2414 694 2457 Flor.
721 2415 835 2468 (test.
853 2413 988 2471 Vict.)
1006 2415 1071 2457 Re
1107 2446 1117 2456 .

223 2476 364 2521 Corb.
398 2473 513 2515 Bud.
545 2472 660 2526 (sec.
692 2474 785 2526 m.)
824 2471 947 2514 Harl.
987 2429 1118 2515 Bodi.

223 2533 292 2577 ed.
305 2532 422 2590 Spir.
442 2528 606 2587 legitur
626 2530 719 2577 cui,
740 2528 798 2572 -in
815 2528 950 2573 MSS.
965 2527 1117 2572 Guelf.

224 2591 305 2634 les.
336 2592 413 2631 vel
443 2589 527 2630 cui.
596 2585 731 2630 Unus
754 2587 870 2630 Bud.
907 2592 994 2645 (pr.
1033 2589 1116 2642 m.)

224 2648 356 2690 habet
377 2662 498 2689 cum.
545 2643 728 2687 DeMS.
746 2644 855 2702 Agr.
879 2653 1044 2688 tacent.
1063 2667 1120 2676 -

223 2705 316 2748 Pro
342 2702 649 2759 praefectura
682 2701 816 2746 MSS.
838 2702 964 2746 Flor.
1000 2703 1116 2758 (test.

226 2761 365 2818 Vict.)
382 2760 496 2817 Reg.
526 2759 625 2802 edd.
654 2758 771 2817 Spir.
797 2760 883 2802 lae.
912 2758 1115 2803 Gronov.

225 2819 334 2862 dant
372 2817 664 2874 praefectum
721 2815 821 2860 MS.
857 2815 996 2861 Corb.
1031 2821 1116 2860 de-

210 2878 380 2932 sectus.
394 2898 449 2907 ·-
495 2874 586 2916 Pro
603 2873 840 2930 profuerit
853 2873 982 2919 MSS.
1005 2874 1116 2933 Reg.

226 2933 365 2977 Corb.
402 2932 532 2975 Bodl.
567 2930 722 2975 Guelf.
767 2932 848 2975 les.
893 2932 962 2975 ed.
998 2932 1118 2990 Spir.

225 2992 442 3050 praebent
467 2989 663 3045 profuit.
717 2988 775 3032 Et
801 2989 996 3047 primum
1022 2991 1118 3048 qui·

226 3049 329 3091 dem
369 3065 528 3107 parum
562 3047 775 3090 interesse
817 3047 988 3090 videtur
1022 3048 1118 3092 sive

226 3106 344 3163 legas
365 3106 460 3157 cui,
490 3103 576 3147 seu‘
594 3105 720 3148 malis
747 3120 877 3156 cum;
910 3121 1012 3146 nam
1047 3105 1123 3148 cui

227 3163 292 3206 sic
319 3163 504 3220 ponitur
528 3178 611 3220 pro
645 3177 748 3204 cum
779 3163 942 3214 alicui;
980 3161 1118 3205 refer-

227 3228 302 3261 tur
326 3220 444 3263 enim
459 3220 514 3264 ad
536 3218 819 3264 indefinitum
837 3219 946 3262 illud
966 3234 1118 3275 quem,

230 3276 350 3333 quod
401 3276 643 3334 praecedit.
734 3276 1009 3333 Praefectus
1060 3292 1117 3320 an

229 3333 368 3390 possit
401 3334 544 3401 accipi
585 3330 893 3392 pronomine
934 3342 1117 3392 quartae

229 3389 566 3440 declinationis,
607 3392 991 3448 quemadmodum
1026 3395 1129 3439 ada

216 3446 398 3501 fectus,
421 3450 676 3503 profit-tus,
704 3449 934 3505 defectus,
968 3457 1015 3493 ut
1037 3463 1121 3508 po·

1180 1119 1312 1154 natur
1341 1126 1425 1170 pro
1452 1109 1778 1166 praefectura,
1821 1108 1895 1155 vix
1930 1109 2068 1154 credi-

1178 1168 1267 1211 bile
1290 1176 1376 1235 est‚
1407 1183 1660 1226 quanquam
1683 1167 1914 1226 potiorum
1925 1165 2071 1239 'libr-o-

1179 1242 1284 1269 rum
1305 1241 1351 1268 m
1377 1241 1425 1269 ea
1444 1240 1554 1267 voce
1580 1240 1853 1268 consensum
1878 1240 2073 1268 mireris.

1182 1284 1393 1341 Denique
1429 1283 1610 1339 profuit
1652 1290 1694 1325 et
1737 1282 1970 1339 profuerit
2011 1283 2072 1326 ita

1181 1341 1415 1394 differunt,
1442 1348 1493 1382 ut
1509 1340 1802 1398 praecedente
1823 1356 1928 1383 cum
1947 1338 2072 1398 sequi

1183 1399 1339 1442 debeat
1366 1398 1598 1454 profuerit
1612 1415 1628 1448 ;
1668 1405 1772 1456 post
1806 1399 1883 1439 cui
1906 1406 2073 1441 utram·

1184 1472 1270 1514 que
1292 1457 1484 1499 formam
1507 1455 1700 1498 latinitas
1721 1455 1899 1511 patitur.
1958 1454 2073 1498 Nam
2129 1456 2143 1459 ”

1183 1515 1392 1557 M'acrob.
1428 1514 1519 1556 Sat.
1550 1513 1590 1564 7,
1620 1512 1661 1556 3.
1693 1512 1869 1555 Tullius
1893 1513 1944 1554 in
1962 1527 2075 1556 con—

1183 1574 1355 1623 sulem,
1386 1571 1467 1627 qui
1484 1585 1575 1612 uno
1597 1576 1784 1612 tantum
1806 1570 1885 1612 die
1912 1582 2072 1613 consu-

1185 1632 1338 1671 latum
1352 1629 1529 1684 peregit
1542 1642 1557 1670 .·
1586 1628 1637 1671 V
1631 1628 1983 1683 igilantzissimus
1995 1635 2076 1678 est,

1185 1688 1350 1742 inquit,
1381 1688 1542 1728 consul
1570 1692 1755 1736 noster,
1785 1685 1866 1741 qui
1887 1686 1934 1727 in
1962 1699 2077 1735 ωτι-ς

1186 1747 1347 1788 sulatu
1386 1758 1470 1786 suo
1505 1757 1723 1786 somnum
1763 1757 1858 1785 non
1897 1742 2082 1786 vidit!

1186 1801 1355 1847 Contra
1380 1799 1527 1843 Cicer.
1553 1801 1682 1843 Fam.
1703 1800 1745 1851 7,
1762 1799 1832 1843 30.
1859 1800 2080 1844 Caninius

1172 1861 1273 1917 fuit
1314 1859 1512 1915 mit-fica
1550 1857 1819 1911 vigilantia,
1874 1858 1956 1915 qui
1992 1873 2080 1902 suo

1187 1925 1286 1960 toto
1314 1919 1562 1959 consulatu
1595 1917 1828 1958 somnium
1858 1930 1959 1957 non
1987 1919 2077 1958 υί-

1186 1975 1364 2017 derit.
1444 1973 1616 2031 Nempe
1651 1973 1969 2019 coniunctivus
1997 1989 2080 2031 per

1187 2047 1350 2075 nexum
1391 2031 1611 2073 causalem
1646 2045 1742 2073 rem
1776 2030 1927 2080 effert,
1963 2030 2079 2074 indi-

1189 2088 1358 2132 cativus
1392 2088 1560 2130 omisso
1601 2085 1681 2130 illo
1719 2087 1905 2133 vinculo
1945 2086 2079 2147 expli·

1189 2145 1321 2190 candi
1343 2153 1518 2189 tantuin
1542 2144 1674 2188 habet
1694 2150 1800 2192 vim.

1189 2244 1305 2329 vss'i
1308 2228 1457 2342 3⁶1}ss
1459 2235 1549 2328 '2²25
1587 2226 1918 2345 εζῖῗῖᾆψῖἰπ
1948 2230 2079 2342 ‘¹2²'

1190 2351 1263 2386 ret
1286 2343 1385 2387 edd.
1407 2343 1511 2386 Put.
1530 2343 1598 2387 M.
1623 2342 1728 2387 etV.
1751 2344 1960 2388 Beroald.
1977 2343 2080 2390 Alc.

1188 2401 1334 2444 Rhen.
1365 2417 1490 2460 sqq„
1527 2399 1701 2446 scilicet
1725 2403 1783 2445 ob
1808 2402 2079 2460 praecedens

1190 2460 1406 2502 tuebitur.
1486 2459 1575 2503 Sed
1617 2456 1797 2504 Tacitus
1843 2459 2082 2514 variandae

1190 2515 1401 2560 dictionis
1428 2532 1593 2561 *amans
1628 2524 1711 2561 est.
1790 2517 1891 2561 MS.
1926 2516 2079 2562 Guelf.

1177 2573 1352 2630 ferret.
1390 2598 1408 2607 κ

1248 2658 1366 2701 quae
1397 2658 1459 2687 ne
1494 2647 1542 2686 in
1574 2651 1704 2687 metu
1730 2646 1930 2701 quidem.
2025 2644 2085 2688 In

1192 2710 1319 2745 metu
1353 2701 1396 2744 h.
1431 2717 1472 2744 e.
1510 2702 1553 2743 in
1579 2718 1632 2744 eo
1657 2710 1798 2758 statu,
1829 2718 1919 2762 quo
1954 2710 2079 2746 nunc

1191 2777 1239 2804 ex
1266 2759 1435 2816 legibus
1467 2759 1673 2803 imminet
1703 2775 1849 2818 poena
1883 2760 2079 2804 necdum

1188 2815 1430 2875 impunitas
1466 2818 1644 2861 decreta
1677 2825 1759 2861 est.
1823 2816 1883 2862 cf.
1920 2817 1986 2870 15,
2007 2818 2080 2861 45.

1188 2889 1386 2922 aurum,
1439 2878 1562 2931 quod
1601 2874 1754 2918 omnis
1795 2891 1909 2930 pop.
1944 2876 2081 2919 Rom.

1190 2939 1328 2975 aetas
1346 2946 1570 2987 prospere
1593 2939 1677 2975 aut
1697 2935 1744 2975 in
1764 2941 1892 2975 metu
1914 2946 2080 2976 sacra-

1187 2997 1337 3032 verat.
1396 2988 1507 3034 Hist.
1534 2992 1573 3039 1,
1589 2991 1659 3032 86.
1687 3005 1805 3046 quae
1827 3005 1950 3033 nunc
1971 2998 2081 3034 tan-

1190 3055 1290 3090 tum
1324 3047 1373 3088 in
1400 3055 1530 3089 metu
1562 3049 1840 3091 audiuntur.
1901 3047 1960 3091 ef.
1983 3057 2080 3091 not.

1190 3105 1242 3148 ad
1274 3107 1311 3155 l,
1332 3105 1404 3147 40.
1468 3104 1678 3148 Celerum
1704 3105 1806 3149 MS.
1827 3107 1934 3166 Agr.
1962 3107 2081 3160 (test.

1190 3161 1393 3218 Heinsio)
1418 3165 1495 3206 sui
1512 3171 1643 3205 metu
1660 3163 1790 3206 habet
1808 3178 1892 3222 pro
1914 3165 1961 3205 in
1978 3178 2080 3206 me-

1191 3228 1258 3271 tu,
1279 3220 1527 3264 exinscitia.
1545 3245 1602 3253 —
1642 3220 1749 3263 Mox
1763 3222 1931 3263 avertit
1946 3220 2082 3265 MSS.

1189 3277 1301 3335 Reg.
1324 3277 1432 3333 Agr.
1466 3278 1571 3321 edd.
1596 3277 1716 3336 Spir.
1745 3277 1845 3321 Put.
1868 3278 1935 3320 M.
1961 3287 2003 3321 et
2024 3277 2079 3322 V.

1190 3334 1398 3378 Beroald.
1427 3340 1486 3387 (c.
1511 3336 1652 3379 silent.
1679 3336 1816 3391 Vict.)
1843 3335 1941 3378 Alc.
1965 3335 2078 3379 Rhe-

1191 3406 1294 3435 nan.
1315 3408 1411 3450 sqq.
1434 3392 1762 3452 Ryck.E1-nest.
1776 3408 1874 3450 sqq.
1894 3421 1952 3429 --
1990 3396 2080 3436 ad-

1190 3453 1325 3493 vertit
1354 3450 1490 3494 MSS.
1523 3450 1639 3495 Bud.
1672 3450 1793 3494 Harl.
1818 3452 1900 3495 les.
1927 3449 2079 3495 Guelf.
