<?xml version="1.0" encoding="UTF-8"?>
<!DOCTYPE html PUBLIC "-//W3C//DTD XHTML 1.0 Transitional//EN"
    "http://www.w3.org/TR/xhtml1/DTD/xhtml1-transitional.dtd">
<html xmlns="http://www.w3.org/1999/xhtml" xml:lang="en" lang="en">
 <head>
  <title>
</title>
<meta http-equiv="Content-Type" content="text/html;charset=utf-8" />
  <meta name='ocr-system' content='tesseract 3.04.00' />
  <meta name='ocr-capabilities' content='ocr_page ocr_carea ocr_par ocr_line ocrx_word'/>
</head>
<body>
  <div class='ocr_page' id='page_1' title='image "./operarecensuitet02taciuoft/operarecensuitet02taciuoft_0451.png"; bbox 0 0 2164 3990; ppageno 0'>
   <div class='ocr_carea' id='block_1_1' title="bbox 198 218 427 298">
    <p class='ocr_par' dir='ltr' id='par_1_1' title="bbox 198 218 427 298">
     <span class='ocr_line' id='line_1_1' title="bbox 199 218 427 266; baseline 0.009 -17"><span class='ocrx_word' id='word_1_1' title='bbox 199 221 248 254; x_wconf 72' lang='grc' dir='ltr'>Α,</span> <span class='ocrx_word' id='word_1_2' title='bbox 269 218 427 266; x_wconf 35' lang='lat' dir='ltr'>Utsssffl·</span> 
     </span>
     <span class='ocr_line' id='line_1_2' title="bbox 198 261 425 298; baseline -0.004 -1"><span class='ocrx_word' id='word_1_3' title='bbox 198 265 249 297; x_wconf 80' lang='lat' dir='ltr'><strong>A.</strong></span> <span class='ocrx_word' id='word_1_4' title='bbox 270 261 315 298; x_wconf 83' lang='lat' dir='ltr'>c,</span> <span class='ocrx_word' id='word_1_5' title='bbox 366 262 425 296; x_wconf 84' lang='lat'>67.</span> 
     </span>
    </p>
   </div>
   <div class='ocr_carea' id='block_1_2' title="bbox 572 220 1956 286">
    <p class='ocr_par' dir='ltr' id='par_1_2' title="bbox 572 220 1956 286">
     <span class='ocr_line' id='line_1_3' title="bbox 572 220 1956 286; baseline 0.004 -6"><span class='ocrx_word' id='word_1_6' title='bbox 572 222 744 284; x_wconf 89' lang='lat' dir='ltr'><strong>LIB.</strong></span> <span class='ocrx_word' id='word_1_7' title='bbox 779 222 942 284; x_wconf 86' lang='lat' dir='ltr'><strong>XVI.</strong></span> <span class='ocrx_word' id='word_1_8' title='bbox 1021 220 1217 284; x_wconf 89' lang='lat' dir='ltr'><strong>CAP.</strong></span> <span class='ocrx_word' id='word_1_9' title='bbox 1260 223 1354 283; x_wconf 88' lang='lat'>17.</span> <span class='ocrx_word' id='word_1_10' title='bbox 1398 226 1491 284; x_wconf 84' lang='lat'><strong>18.</strong></span> <span class='ocrx_word' id='word_1_11' title='bbox 1836 227 1956 286; x_wconf 81' lang='lat'>441</span> 
     </span>
    </p>
   </div>
   <div class='ocr_carea' id='block_1_3' title="bbox 104 350 1962 1093">
    <p class='ocr_par' dir='ltr' id='par_1_3' title="bbox 104 350 1962 1093">
     <span class='ocr_line' id='line_1_4' title="bbox 114 350 1962 431; baseline 0.002 -22"><span class='ocrx_word' id='word_1_12' title='bbox 114 369 363 431; x_wconf 87' lang='lat' dir='ltr'>rumque</span> <span class='ocrx_word' id='word_1_13' title='bbox 387 353 510 409; x_wconf 85' lang='lat' dir='ltr'>eius</span> <span class='ocrx_word' id='word_1_14' title='bbox 530 350 948 409; x_wconf 83' lang='lat' dir='ltr'>Cossutianum</span> <span class='ocrx_word' id='word_1_15' title='bbox 974 352 1322 429; x_wconf 78' lang='lat' dir='ltr'>Capitonem</span> <span class='ocrx_word' id='word_1_16' title='bbox 1359 353 1662 426; x_wconf 77' lang='lat' dir='ltr'>erogabat,</span> <span class='ocrx_word' id='word_1_17' title='bbox 1715 363 1832 430; x_wconf 88' lang='lat' dir='ltr'>quo</span> <span class='ocrx_word' id='word_1_18' title='bbox 1866 377 1962 412; x_wconf 91' lang='lat' dir='ltr'>ce-</span> 
     </span>
     <span class='ocr_line' id='line_1_5' title="bbox 114 434 1960 516; baseline 0.002 -21"><span class='ocrx_word' id='word_1_19' title='bbox 114 451 237 495; x_wconf 86' lang='lat' dir='ltr'>tera</span> <span class='ocrx_word' id='word_1_20' title='bbox 258 447 583 496; x_wconf 79' lang='lat' dir='ltr'>manerent.</span> <span class='ocrx_word' id='word_1_21' title='bbox 655 434 913 494; x_wconf 81' lang='lat' dir='ltr'>Additur</span> <span class='ocrx_word' id='word_1_22' title='bbox 935 440 1220 496; x_wconf 82' lang='lat' dir='ltr'>codicillis</span> <span class='ocrx_word' id='word_1_23' title='bbox 1246 451 1528 514; x_wconf 78' lang='lat' dir='ltr'>tanquam</span> <span class='ocrx_word' id='word_1_24' title='bbox 1552 439 1624 494; x_wconf 81' lang='lat' dir='ltr'>d&#39;e</span> <span class='ocrx_word' id='word_1_25' title='bbox 1648 439 1960 516; x_wconf 74' lang='lat' dir='ltr'>iniquitate</span> 
     </span>
     <span class='ocr_line' id='line_1_6' title="bbox 116 522 1961 604; baseline 0.003 -25"><span class='ocrx_word' id='word_1_26' title='bbox 116 522 278 580; x_wconf 84' lang='lat' dir='ltr'>exitii</span> <span class='ocrx_word' id='word_1_27' title='bbox 303 542 554 600; x_wconf 84' lang='lat' dir='ltr'>querens</span> <span class='ocrx_word' id='word_1_28' title='bbox 582 522 664 578; x_wconf 89' lang='lat' dir='ltr'>ita</span> <span class='ocrx_word' id='word_1_29' title='bbox 699 524 1019 598; x_wconf 84' lang='lat' dir='ltr'>scripsisse:</span> <span class='ocrx_word' id='word_1_30' title='bbox 1076 544 1135 579; x_wconf 91' lang='lat' dir='ltr'>se</span> <span class='ocrx_word' id='word_1_31' title='bbox 1169 525 1408 600; x_wconf 89' lang='lat' dir='ltr'>quidem</span> <span class='ocrx_word' id='word_1_32' title='bbox 1434 523 1589 604; x_wconf 82' lang='lat' dir='ltr'>mori</span> <span class='ocrx_word' id='word_1_33' title='bbox 1611 525 1794 580; x_wconf 84' lang='lat' dir='ltr'>nullis</span> <span class='ocrx_word' id='word_1_34' title='bbox 1821 545 1961 602; x_wconf 85' lang='lat' dir='ltr'>sup—-</span> 
     </span>
     <span class='ocr_line' id='line_1_7' title="bbox 112 605 1961 688; baseline 0.002 -23"><span class='ocrx_word' id='word_1_35' title='bbox 112 609 278 684; x_wconf 87' lang='lat' dir='ltr'>plicii</span> <span class='ocrx_word' id='word_1_36' title='bbox 312 609 532 677; x_wconf 82' lang='lat' dir='ltr'>causiS,</span> <span class='ocrx_word' id='word_1_37' title='bbox 582 606 829 671; x_wconf 85' lang='lat' dir='ltr'>Rufium</span> <span class='ocrx_word' id='word_1_38' title='bbox 859 616 1053 666; x_wconf 87' lang='lat' dir='ltr'>autem</span> <span class='ocrx_word' id='word_1_39' title='bbox 1087 607 1431 684; x_wconf 80' lang='lat' dir='ltr'>Crispinum</span> <span class='ocrx_word' id='word_1_40' title='bbox 1460 605 1824 688; x_wconf 40' lang='lat' dir='ltr'>·et,Anic&#39;i111n</span> <span class='ocrx_word' id='word_1_41' title='bbox 1848 610 1961 669; x_wconf 87' lang='lat' dir='ltr'>Ce-</span> 
     </span>
     <span class='ocr_line' id='line_1_8' title="bbox 104 692 1961 774; baseline 0.002 -24"><span class='ocrx_word' id='word_1_42' title='bbox 104 695 320 750; x_wconf 83' lang='lat' dir='ltr'>rialem</span> <span class='ocrx_word' id='word_1_43' title='bbox 345 694 467 750; x_wconf 84' lang='lat' dir='ltr'>vita</span> <span class='ocrx_word' id='word_1_44' title='bbox 489 692 611 749; x_wconf 85' lang='lat' dir='ltr'>frui</span> <span class='ocrx_word' id='word_1_45' title='bbox 640 694 899 750; x_wconf 88' lang='lat' dir='ltr'>infensos</span> <span class='ocrx_word' id='word_1_46' title='bbox 932 693 1207 769; x_wconf 84' lang='lat' dir='ltr'>principi.</span> <span class='ocrx_word' id='word_1_47' title='bbox 1295 714 1443 769; x_wconf 90' lang='lat' dir='ltr'>quae</span> <span class='ocrx_word' id='word_1_48' title='bbox 1478 695 1798 769; x_wconf 89' lang='lat' dir='ltr'>composita</span> <span class='ocrx_word' id='word_1_49' title='bbox 1835 712 1961 774; x_wconf 53' lang='lat' dir='ltr'>cref-</span> 
     </span>
     <span class='ocr_line' id='line_1_9' title="bbox 115 774 1960 855; baseline 0.001 -18"><span class='ocrx_word' id='word_1_50' title='bbox 115 781 408 837; x_wconf 87' lang='lat' dir='ltr'>debantur</span> <span class='ocrx_word' id='word_1_51' title='bbox 437 774 509 834; x_wconf 85' lang='lat' dir='ltr'>de</span> <span class='ocrx_word' id='word_1_52' title='bbox 534 777 842 854; x_wconf 81' lang='lat' dir='ltr'>Crispinn,</span> <span class='ocrx_word' id='word_1_53' title='bbox 887 781 1024 855; x_wconf 87' lang='lat' dir='ltr'>quia</span> <span class='ocrx_word' id='word_1_54' title='bbox 1060 779 1398 835; x_wconf 79' lang='lat' dir='ltr'>interfectus</span> <span class='ocrx_word' id='word_1_55' title='bbox 1428 790 1577 848; x_wconf 84' lang='lat' dir='ltr'>erat,</span> <span class='ocrx_word' id='word_1_56' title='bbox 1620 780 1697 846; x_wconf 57' lang='lat' dir='ltr'>de⁴</span> <span class='ocrx_word' id='word_1_57' title='bbox 1715 778 1960 852; x_wconf 80' lang='lat' dir='ltr'>Ceriale,</span> 
     </span>
     <span class='ocr_line' id='line_1_10' title="bbox 113 864 1962 942; baseline 0.001 -22"><span class='ocrx_word' id='word_1_58' title='bbox 113 875 180 920; x_wconf 90' lang='lat' dir='ltr'>ut</span> <span class='ocrx_word' id='word_1_59' title='bbox 203 865 642 922; x_wconf 84' lang='lat' dir='ltr'>interficeretur.</span> <span class='ocrx_word' id='word_1_60' title='bbox 729 884 919 942; x_wconf 88' lang='lat' dir='ltr'>neque</span> <span class='ocrx_word' id='word_1_61' title='bbox 948 865 1106 920; x_wconf 87' lang='lat' dir='ltr'>enim</span> <span class='ocrx_word' id='word_1_62' title='bbox 1128 865 1315 920; x_wconf 87' lang='lat' dir='ltr'>multo</span> <span class='ocrx_word' id='word_1_63' title='bbox 1342 875 1475 939; x_wconf 88' lang='lat' dir='ltr'>post</span> <span class='ocrx_word' id='word_1_64' title='bbox 1502 864 1626 920; x_wconf 87' lang='lat' dir='ltr'>vim</span> <span class='ocrx_word' id='word_1_65' title='bbox 1658 865 1771 920; x_wconf 78' lang='lat' dir='ltr'>&#39;sibi</span> <span class='ocrx_word' id='word_1_66' title='bbox 1807 879 1962 924; x_wconf 88' lang='lat' dir='ltr'>attu-</span> 
     </span>
     <span class='ocr_line' id='line_1_11' title="bbox 113 949 1962 1025; baseline 0.003 -21"><span class='ocrx_word' id='word_1_67' title='bbox 113 949 183 1005; x_wconf 88' lang='lat' dir='ltr'>lit</span> <span class='ocrx_word' id='word_1_68' title='bbox 224 950 455 1005; x_wconf 86' lang='lat' dir='ltr'>minore</span> <span class='ocrx_word' id='word_1_69' title='bbox 492 969 669 1024; x_wconf 87' lang='lat' dir='ltr'>quam</span> <span class='ocrx_word' id='word_1_70' title='bbox 711 950 886 1006; x_wconf 89' lang='lat' dir='ltr'>ceteri</span> <span class='ocrx_word' id='word_1_71' title='bbox 922 951 1325 1017; x_wconf 80' lang='lat' dir='ltr'>miseratione,</span> <span class='ocrx_word' id='word_1_72' title='bbox 1386 950 1524 1025; x_wconf 88' lang='lat' dir='ltr'>quia</span> <span class='ocrx_word' id='word_1_73' title='bbox 1559 951 1854 1024; x_wconf 76' lang='lat' dir='ltr'>proditam</span> <span class='ocrx_word' id='word_1_74' title='bbox 1894 951 1962 1012; x_wconf 89' lang='lat' dir='ltr'><strong>C.</strong></span> 
     </span>
     <span class='ocr_line' id='line_1_12' title="bbox 112 1022 1473 1093; baseline 0.001 -2"><span class='ocrx_word' id='word_1_75' title='bbox 112 1022 347 1091; x_wconf 81' lang='lat' dir='ltr'>Caesari</span> <span class='ocrx_word' id='word_1_76' title='bbox 373 1035 843 1091; x_wconf 83' lang='lat' dir='ltr'>coniurationem</span> <span class='ocrx_word' id='word_1_77' title='bbox 870 1035 942 1091; x_wconf 89' lang='lat' dir='ltr'>ab</span> <span class='ocrx_word' id='word_1_78' title='bbox 973 1055 1040 1092; x_wconf 86' lang='lat' dir='ltr'>eo</span> <span class='ocrx_word' id='word_1_79' title='bbox 1066 1034 1473 1093; x_wconf 83' lang='lat' dir='ltr'>meminerant.</span> 
     </span>
    </p>
   </div>
   <div class='ocr_carea' id='block_1_4' title="bbox 281 1137 1964 1234">
    <p class='ocr_par' dir='ltr' id='par_1_4' title="bbox 281 1137 1964 1234">
     <span class='ocr_line' id='line_1_13' title="bbox 281 1137 1964 1234; baseline 0.005 -22"><span class='ocrx_word' id='word_1_80' title='bbox 281 1154 507 1215; x_wconf 79' lang='lat' dir='ltr'><strong>XVIII.</strong></span> <span class='ocrx_word' id='word_1_81' title='bbox 548 1156 639 1214; x_wconf 88' lang='lat' dir='ltr'>De</span> <span class='ocrx_word' id='word_1_82' title='bbox 664 1156 729 1216; x_wconf 90' lang='lat' dir='ltr'>C.</span> <span class='ocrx_word' id='word_1_83' title='bbox 753 1156 1032 1216; x_wconf 87' lang='lat' dir='ltr'>Petronio</span> <span class='ocrx_word' id='word_1_84' title='bbox 1058 1180 1240 1234; x_wconf 89' lang='lat' dir='ltr'>pauca</span> <span class='ocrx_word' id='word_1_85' title='bbox 1269 1179 1443 1234; x_wconf 85' lang='lat' dir='ltr'>supra</span> <span class='ocrx_word' id='word_1_86' title='bbox 1473 1162 1784 1234; x_wconf 83' lang='lat' dir='ltr'>repetenda</span> <span class='ocrx_word' id='word_1_87' title='bbox 1812 1137 1964 1226; x_wconf 89' lang='lat' dir='ltr'>sunt.</span> 
     </span>
    </p>
   </div>
   <div class='ocr_carea' id='block_1_5' title="bbox 110 1373 1966 1546">
    <p class='ocr_par' dir='ltr' id='par_1_5' title="bbox 110 1373 1966 1546">
     <span class='ocr_line' id='line_1_14' title="bbox 169 1373 1966 1435; baseline 0.004 -18"><span class='ocrx_word' id='word_1_88' title='bbox 169 1375 375 1417; x_wconf 79' lang='lat' dir='ltr'>additur.</span> <span class='ocrx_word' id='word_1_89' title='bbox 435 1373 660 1430; x_wconf 79' lang='lat' dir='ltr'>MS.Agr.</span> <span class='ocrx_word' id='word_1_90' title='bbox 683 1377 815 1418; x_wconf 74' lang='lat' dir='ltr'>addit</span> <span class='ocrx_word' id='word_1_91' title='bbox 831 1410 841 1430; x_wconf 84' lang='lat'>‚</span> <span class='ocrx_word' id='word_1_92' title='bbox 879 1377 999 1433; x_wconf 87' lang='lat' dir='ltr'>quod</span> <span class='ocrx_word' id='word_1_93' title='bbox 1072 1377 1191 1435; x_wconf 86' lang='lat' dir='ltr'>Spir.</span> <span class='ocrx_word' id='word_1_94' title='bbox 1225 1378 1444 1433; x_wconf 80' lang='lat' dir='ltr'>quoniam</span> <span class='ocrx_word' id='word_1_95' title='bbox 1467 1393 1550 1434; x_wconf 87' lang='lat' dir='ltr'>pro</span> <span class='ocrx_word' id='word_1_96' title='bbox 1578 1381 1683 1434; x_wconf 81' lang='lat' dir='ltr'>quia</span> <span class='ocrx_word' id='word_1_97' title='bbox 1707 1390 1809 1423; x_wconf 81' lang='lat' dir='ltr'>ante</span> <span class='ocrx_word' id='word_1_98' title='bbox 1830 1383 1966 1425; x_wconf 82' lang='lat' dir='ltr'>inter-</span> 
     </span>
     <span class='ocr_line' id='line_1_15' title="bbox 112 1430 1236 1491; baseline 0.003 -19"><span class='ocrx_word' id='word_1_99' title='bbox 112 1430 284 1488; x_wconf 81' lang='lat' dir='ltr'>Ryckio</span> <span class='ocrx_word' id='word_1_100' title='bbox 308 1431 476 1487; x_wconf 82' lang='lat' dir='ltr'>placet,</span> <span class='ocrx_word' id='word_1_101' title='bbox 504 1440 554 1473; x_wconf 85' lang='lat' dir='ltr'>ut</span> <span class='ocrx_word' id='word_1_102' title='bbox 576 1432 846 1489; x_wconf 78' lang='lat' dir='ltr'>intelligatur</span> <span class='ocrx_word' id='word_1_103' title='bbox 865 1434 1002 1477; x_wconf 86' lang='lat' dir='ltr'>Nero.</span> <span class='ocrx_word' id='word_1_104' title='bbox 1059 1435 1236 1491; x_wconf 82' lang='lat' dir='ltr'>seclus.</span> 
     </span>
     <span class='ocr_line' id='line_1_16' title="bbox 110 1488 1519 1546; baseline 0.004 -15"><span class='ocrx_word' id='word_1_105' title='bbox 110 1488 196 1531; x_wconf 85' lang='lat' dir='ltr'>Sed</span> <span class='ocrx_word' id='word_1_106' title='bbox 228 1489 373 1546; x_wconf 83' lang='lat' dir='ltr'>potius</span> <span class='ocrx_word' id='word_1_107' title='bbox 397 1489 450 1529; x_wconf 87' lang='lat' dir='ltr'>ad</span> <span class='ocrx_word' id='word_1_108' title='bbox 477 1499 571 1531; x_wconf 86' lang='lat' dir='ltr'>aeta</span> <span class='ocrx_word' id='word_1_109' title='bbox 597 1491 774 1546; x_wconf 80' lang='lat' dir='ltr'>publiea</span> <span class='ocrx_word' id='word_1_110' title='bbox 807 1493 1003 1534; x_wconf 78' lang='lat' dir='ltr'>additur</span> <span class='ocrx_word' id='word_1_111' title='bbox 1132 1493 1519 1536; x_wconf 73' lang='lat' dir='ltr'>coniza-ationem.</span> 
     </span>
    </p>
   </div>
   <div class='ocr_carea' id='block_1_6' title="bbox 112 1491 1967 1603">
    <p class='ocr_par' dir='ltr' id='par_1_6' title="bbox 112 1491 1967 1603">
     <span class='ocr_line' id='line_1_17' title="bbox 1591 1491 1967 1550; baseline 0.019 -17"><span class='ocrx_word' id='word_1_112' title='bbox 1591 1491 1765 1550; x_wconf 81' lang='lat' dir='ltr'>Lipsius</span> <span class='ocrx_word' id='word_1_113' title='bbox 1794 1495 1967 1540; x_wconf 81' lang='lat' dir='ltr'>intelli·-</span> 
     </span>
     <span class='ocr_line' id='line_1_18' title="bbox 112 1545 900 1603; baseline 0.004 -16"><span class='ocrx_word' id='word_1_114' title='bbox 112 1554 301 1603; x_wconf 86' lang='lat' dir='ltr'>spectat,</span> <span class='ocrx_word' id='word_1_115' title='bbox 331 1545 452 1587; x_wconf 85' lang='lat' dir='ltr'>unde</span> <span class='ocrx_word' id='word_1_116' title='bbox 473 1545 636 1588; x_wconf 84' lang='lat' dir='ltr'>Noster</span> <span class='ocrx_word' id='word_1_117' title='bbox 657 1547 900 1596; x_wconf 78' lang='lat' dir='ltr'>hauriebat.</span> 
     </span>
    </p>
   </div>
   <div class='ocr_carea' id='block_1_7' title="bbox 1073 1548 1970 1718">
    <p class='ocr_par' dir='ltr' id='par_1_7' title="bbox 1073 1548 1970 1718">
     <span class='ocr_line' id='line_1_19' title="bbox 1074 1548 1966 1607; baseline 0.008 -16"><span class='ocrx_word' id='word_1_118' title='bbox 1074 1550 1135 1607; x_wconf 80' lang='lat' dir='ltr'>git</span> <span class='ocrx_word' id='word_1_119' title='bbox 1153 1549 1531 1603; x_wconf 75' lang='lat' dir='ltr'>Aemiliz&#39;Lepisii.</span> <span class='ocrx_word' id='word_1_120' title='bbox 1590 1551 1709 1601; x_wconf 81' lang='lat' dir='ltr'>Suet.</span> <span class='ocrx_word' id='word_1_121' title='bbox 1725 1550 1822 1595; x_wconf 75' lang='lat' dir='ltr'>Cal.</span> <span class='ocrx_word' id='word_1_122' title='bbox 1843 1571 1881 1596; x_wconf 82' lang='lat' dir='ltr'>c.</span> <span class='ocrx_word' id='word_1_123' title='bbox 1897 1548 1966 1599; x_wconf 63' lang='lat'>24.</span> 
     </span>
     <span class='ocr_line' id='line_1_20' title="bbox 1074 1606 1967 1657; baseline 0.007 -8"><span class='ocrx_word' id='word_1_124' title='bbox 1074 1616 1114 1649; x_wconf 86' lang='lat' dir='ltr'>et</span> <span class='ocrx_word' id='word_1_125' title='bbox 1152 1607 1240 1650; x_wconf 90' lang='lat' dir='ltr'>Dio</span> <span class='ocrx_word' id='word_1_126' title='bbox 1279 1606 1346 1657; x_wconf 80' lang='lat'>59,</span> <span class='ocrx_word' id='word_1_127' title='bbox 1378 1609 1447 1648; x_wconf 69' lang='lat'><strong>22.</strong></span> <span class='ocrx_word' id='word_1_128' title='bbox 1520 1607 1606 1649; x_wconf 85' lang='lat' dir='ltr'>Sed</span> <span class='ocrx_word' id='word_1_129' title='bbox 1640 1607 1876 1654; x_wconf 75' lang='lat' dir='ltr'>Reimarus</span> <span class='ocrx_word' id='word_1_130' title='bbox 1912 1613 1967 1655; x_wconf 85' lang='lat' dir='ltr'>ad</span> 
     </span>
     <span class='ocr_line' id='line_1_21' title="bbox 1073 1664 1970 1718; baseline 0.009 -13"><span class='ocrx_word' id='word_1_131' title='bbox 1073 1664 1214 1708; x_wconf 78' lang='lat' dir='ltr'>Dion.</span> <span class='ocrx_word' id='word_1_132' title='bbox 1249 1665 1317 1714; x_wconf 86' lang='lat'>59,</span> <span class='ocrx_word' id='word_1_133' title='bbox 1349 1664 1418 1708; x_wconf 70' lang='lat'>25.</span> <span class='ocrx_word' id='word_1_134' title='bbox 1461 1668 1502 1718; x_wconf 89' lang='lat'><strong>§.</strong></span> <span class='ocrx_word' id='word_1_135' title='bbox 1535 1665 1634 1707; x_wconf 70' lang='lat'><strong>257.</strong></span> <span class='ocrx_word' id='word_1_136' title='bbox 1672 1667 1825 1710; x_wconf 86' lang='lat' dir='ltr'>docuit</span> <span class='ocrx_word' id='word_1_137' title='bbox 1861 1669 1970 1713; x_wconf 86' lang='lat' dir='ltr'>haec</span> 
     </span>
    </p>
   </div>
   <div class='ocr_carea' id='block_1_8' title="bbox 1073 1722 1970 1778">
    <p class='ocr_par' dir='ltr' id='par_1_8' title="bbox 1073 1722 1970 1778">
     <span class='ocr_line' id='line_1_22' title="bbox 1073 1722 1970 1778; baseline 0.007 -14"><span class='ocrx_word' id='word_1_138' title='bbox 1073 1722 1215 1765; x_wconf 80' lang='lat' dir='ltr'>Taciti</span> <span class='ocrx_word' id='word_1_139' title='bbox 1240 1723 1371 1764; x_wconf 77' lang='lat' dir='ltr'>verba</span> <span class='ocrx_word' id='word_1_140' title='bbox 1395 1738 1490 1764; x_wconf 90' lang='lat' dir='ltr'>non</span> <span class='ocrx_word' id='word_1_141' title='bbox 1518 1732 1720 1778; x_wconf 81' lang='lat' dir='ltr'>spectare</span> <span class='ocrx_word' id='word_1_142' title='bbox 1742 1726 1793 1768; x_wconf 83' lang='lat' dir='ltr'>ad</span> <span class='ocrx_word' id='word_1_143' title='bbox 1821 1725 1970 1769; x_wconf 86' lang='lat' dir='ltr'>Aemi-</span> 
     </span>
    </p>
   </div>
   <div class='ocr_carea' id='block_1_9' title="bbox 110 1614 1001 1778">
    <p class='ocr_par' dir='ltr' id='par_1_9' title="bbox 110 1614 1001 1778">
     <span class='ocr_line' id='line_1_23' title="bbox 168 1614 1001 1675; baseline 0.006 -17"><span class='ocrx_word' id='word_1_144' title='bbox 168 1616 416 1666; x_wconf 71' lang='lat' dir='ltr'>scripsisse.</span> <span class='ocrx_word' id='word_1_145' title='bbox 474 1614 550 1657; x_wconf 78' lang='lat' dir='ltr'>Sic</span> <span class='ocrx_word' id='word_1_146' title='bbox 571 1616 703 1660; x_wconf 76' lang='lat' dir='ltr'><strong>MSS.</strong></span> <span class='ocrx_word' id='word_1_147' title='bbox 730 1619 852 1661; x_wconf 88' lang='lat' dir='ltr'>Flor.</span> <span class='ocrx_word' id='word_1_148' title='bbox 879 1621 932 1675; x_wconf 85' lang='lat' dir='ltr'>(si</span> <span class='ocrx_word' id='word_1_149' title='bbox 955 1621 1001 1662; x_wconf 81' lang='lat' dir='ltr'>fi-</span> 
     </span>
     <span class='ocr_line' id='line_1_24' title="bbox 112 1673 1001 1733; baseline 0.006 -19"><span class='ocrx_word' id='word_1_150' title='bbox 112 1674 188 1715; x_wconf 82' lang='lat' dir='ltr'>des</span> <span class='ocrx_word' id='word_1_151' title='bbox 219 1673 417 1716; x_wconf 87' lang='lat' dir='ltr'>habenda</span> <span class='ocrx_word' id='word_1_152' title='bbox 444 1673 621 1715; x_wconf 76' lang='lat' dir='ltr'>silentio</span> <span class='ocrx_word' id='word_1_153' title='bbox 647 1674 853 1733; x_wconf 67' lang='lat' dir='ltr'>Victorii)</span> <span class='ocrx_word' id='word_1_154' title='bbox 878 1678 1001 1720; x_wconf 84' lang='lat' dir='ltr'>Harl.</span> 
     </span>
     <span class='ocr_line' id='line_1_25' title="bbox 110 1728 1000 1778; baseline 0.006 -6"><span class='ocrx_word' id='word_1_155' title='bbox 110 1730 243 1772; x_wconf 84' lang='lat' dir='ltr'>Bodl.</span> <span class='ocrx_word' id='word_1_156' title='bbox 270 1730 350 1773; x_wconf 86' lang='lat' dir='ltr'>les.</span> <span class='ocrx_word' id='word_1_157' title='bbox 374 1728 525 1772; x_wconf 86' lang='lat' dir='ltr'>Guelf.</span> <span class='ocrx_word' id='word_1_158' title='bbox 554 1731 653 1774; x_wconf 88' lang='lat' dir='ltr'>edd.</span> <span class='ocrx_word' id='word_1_159' title='bbox 678 1733 778 1775; x_wconf 85' lang='lat' dir='ltr'>Put.</span> <span class='ocrx_word' id='word_1_160' title='bbox 806 1736 870 1776; x_wconf 76' lang='lat' dir='ltr'>M..</span> <span class='ocrx_word' id='word_1_161' title='bbox 891 1745 933 1778; x_wconf 85' lang='lat' dir='ltr'>et</span> <span class='ocrx_word' id='word_1_162' title='bbox 945 1735 1000 1777; x_wconf 83' lang='lat' dir='ltr'><strong>V.</strong></span> 
     </span>
    </p>
   </div>
   <div class='ocr_carea' id='block_1_10' title="bbox 108 1787 1003 2470">
    <p class='ocr_par' dir='ltr' id='par_1_10' title="bbox 108 1787 1003 2470">
     <span class='ocr_line' id='line_1_26' title="bbox 111 1787 1001 1850; baseline 0.007 -20"><span class='ocrx_word' id='word_1_163' title='bbox 111 1787 317 1830; x_wconf 81' lang='lat' dir='ltr'>Beroald.</span> <span class='ocrx_word' id='word_1_164' title='bbox 330 1787 427 1830; x_wconf 79' lang='lat' dir='ltr'>Ale.</span> <span class='ocrx_word' id='word_1_165' title='bbox 444 1796 486 1828; x_wconf 87' lang='lat' dir='ltr'>et</span> <span class='ocrx_word' id='word_1_166' title='bbox 505 1804 648 1844; x_wconf 83' lang='lat' dir='ltr'>nuper</span> <span class='ocrx_word' id='word_1_167' title='bbox 660 1792 817 1834; x_wconf 80' lang='lat' dir='ltr'>Oberl.</span> <span class='ocrx_word' id='word_1_168' title='bbox 834 1809 930 1850; x_wconf 87' lang='lat' dir='ltr'>sqq.</span> <span class='ocrx_word' id='word_1_169' title='bbox 945 1816 1001 1824; x_wconf 91' lang='lat'><em>-</em></span> 
     </span>
     <span class='ocr_line' id='line_1_27' title="bbox 108 1844 999 1906; baseline 0.008 -20"><span class='ocrx_word' id='word_1_170' title='bbox 108 1845 364 1900; x_wconf 77' lang='lat' dir='ltr'>scripsisset</span> <span class='ocrx_word' id='word_1_171' title='bbox 395 1844 532 1888; x_wconf 85' lang='lat' dir='ltr'><strong>MSS.</strong></span> <span class='ocrx_word' id='word_1_172' title='bbox 567 1847 688 1890; x_wconf 85' lang='lat' dir='ltr'>Harl.</span> <span class='ocrx_word' id='word_1_173' title='bbox 722 1849 763 1901; x_wconf 85' lang='lat' dir='ltr'>(a</span> <span class='ocrx_word' id='word_1_174' title='bbox 794 1867 883 1892; x_wconf 84' lang='lat' dir='ltr'>see.</span> <span class='ocrx_word' id='word_1_175' title='bbox 918 1852 999 1906; x_wconf 83' lang='lat' dir='ltr'>m.)</span> 
     </span>
     <span class='ocr_line' id='line_1_28' title="bbox 110 1901 996 1964; baseline 0.008 -21"><span class='ocrx_word' id='word_1_176' title='bbox 110 1902 218 1960; x_wconf 86' lang='lat' dir='ltr'>Reg.</span> <span class='ocrx_word' id='word_1_177' title='bbox 255 1901 394 1945; x_wconf 89' lang='lat' dir='ltr'>Corb.</span> <span class='ocrx_word' id='word_1_178' title='bbox 426 1902 543 1948; x_wconf 89' lang='lat' dir='ltr'>Bud.</span> <span class='ocrx_word' id='word_1_179' title='bbox 578 1905 676 1948; x_wconf 86' lang='lat' dir='ltr'>edd.</span> <span class='ocrx_word' id='word_1_180' title='bbox 705 1906 821 1964; x_wconf 86' lang='lat' dir='ltr'>Spir.</span> <span class='ocrx_word' id='word_1_181' title='bbox 853 1908 996 1950; x_wconf 85' lang='lat' dir='ltr'>Rhen.</span> 
     </span>
     <span class='ocr_line' id='line_1_29' title="bbox 110 1959 998 2018; baseline 0.008 -17"><span class='ocrx_word' id='word_1_182' title='bbox 110 1976 210 2018; x_wconf 86' lang='lat' dir='ltr'>sqq.</span> <span class='ocrx_word' id='word_1_183' title='bbox 291 1959 327 2002; x_wconf 88' lang='grc' dir='ltr'>Ι.</span> <span class='ocrx_word' id='word_1_184' title='bbox 372 1959 450 2004; x_wconf 88' lang='lat' dir='ltr'>Fr.</span> <span class='ocrx_word' id='word_1_185' title='bbox 495 1959 756 2007; x_wconf 87' lang='lat' dir='ltr'>Gronovius</span> <span class='ocrx_word' id='word_1_186' title='bbox 803 1966 998 2008; x_wconf 79' lang='lat' dir='ltr'>volebat:</span> 
     </span>
     <span class='ocr_line' id='line_1_30' title="bbox 111 2019 1000 2080; baseline 0.008 -22"><span class='ocrx_word' id='word_1_187' title='bbox 111 2024 376 2072; x_wconf 83' lang='lat' dir='ltr'>querentem</span> <span class='ocrx_word' id='word_1_188' title='bbox 401 2019 643 2072; x_wconf 79' lang='lat' dir='ltr'>scripsisse.</span> <span class='ocrx_word' id='word_1_189' title='bbox 707 2022 793 2064; x_wconf 87' lang='lat' dir='ltr'>Sed</span> <span class='ocrx_word' id='word_1_190' title='bbox 819 2030 1000 2080; x_wconf 83' lang='lat' dir='ltr'>recepta</span> 
     </span>
     <span class='ocr_line' id='line_1_31' title="bbox 109 2072 998 2136; baseline 0.006 -20"><span class='ocrx_word' id='word_1_191' title='bbox 109 2074 328 2132; x_wconf 85' lang='lat' dir='ltr'>scriptura</span> <span class='ocrx_word' id='word_1_192' title='bbox 347 2072 462 2117; x_wconf 78' lang='lat' dir='ltr'>Bene</span> <span class='ocrx_word' id='word_1_193' title='bbox 480 2091 526 2117; x_wconf 88' lang='lat' dir='ltr'>se</span> <span class='ocrx_word' id='word_1_194' title='bbox 547 2075 674 2119; x_wconf 84' lang='lat' dir='ltr'>habet</span> <span class='ocrx_word' id='word_1_195' title='bbox 693 2095 717 2120; x_wconf 87' lang='lat' dir='ltr'>e</span> <span class='ocrx_word' id='word_1_196' title='bbox 738 2079 998 2136; x_wconf 86' lang='lat' dir='ltr'>graecismo.</span> 
     </span>
     <span class='ocr_line' id='line_1_32' title="bbox 111 2129 998 2186; baseline 0.007 -13"><span class='ocrx_word' id='word_1_197' title='bbox 111 2129 171 2173; x_wconf 88' lang='lat' dir='ltr'>cf.</span> <span class='ocrx_word' id='word_1_198' title='bbox 193 2133 236 2186; x_wconf 77' lang='lat'>2,</span> <span class='ocrx_word' id='word_1_199' title='bbox 260 2133 332 2174; x_wconf 77' lang='lat'><strong>27.</strong></span> <span class='ocrx_word' id='word_1_200' title='bbox 363 2131 577 2186; x_wconf 82' lang='lat' dir='ltr'>defertur</span> <span class='ocrx_word' id='word_1_201' title='bbox 610 2136 772 2177; x_wconf 74' lang='lat' dir='ltr'>moliri</span> <span class='ocrx_word' id='word_1_202' title='bbox 800 2151 876 2178; x_wconf 85' lang='lat' dir='ltr'>res</span> <span class='ocrx_word' id='word_1_203' title='bbox 908 2152 998 2178; x_wconf 83' lang='lat' dir='ltr'>no-</span> 
     </span>
     <span class='ocr_line' id='line_1_33' title="bbox 108 2187 998 2247; baseline 0.01 -19"><span class='ocrx_word' id='word_1_204' title='bbox 108 2202 208 2231; x_wconf 84' lang='lat' dir='ltr'>vas.</span> <span class='ocrx_word' id='word_1_205' title='bbox 253 2187 516 2246; x_wconf 82' lang='lat' dir='ltr'>Coniunge:</span> <span class='ocrx_word' id='word_1_206' title='bbox 546 2193 742 2234; x_wconf 79' lang='lat' dir='ltr'>additur</span> <span class='ocrx_word' id='word_1_207' title='bbox 761 2195 998 2247; x_wconf 78' lang='lat' dir='ltr'>scripsisse</span> 
     </span>
     <span class='ocr_line' id='line_1_34' title="bbox 109 2246 995 2306; baseline 0.01 -20"><span class='ocrx_word' id='word_1_208' title='bbox 109 2246 328 2287; x_wconf 81' lang='lat' dir='ltr'>codicillis</span> <span class='ocrx_word' id='word_1_209' title='bbox 351 2253 576 2301; x_wconf 82' lang='lat' dir='ltr'>tanquam</span> <span class='ocrx_word' id='word_1_210' title='bbox 599 2252 657 2289; x_wconf 87' lang='lat' dir='ltr'>de</span> <span class='ocrx_word' id='word_1_211' title='bbox 677 2251 705 2292; x_wconf 87' lang='lat' dir='ltr'>i.</span> <span class='ocrx_word' id='word_1_212' title='bbox 726 2266 764 2292; x_wconf 87' lang='lat' dir='ltr'>e.</span> <span class='ocrx_word' id='word_1_213' title='bbox 787 2266 995 2306; x_wconf 85' lang='lat' dir='ltr'>querens.</span> 
     </span>
     <span class='ocr_line' id='line_1_35' title="bbox 109 2301 1001 2365; baseline 0.009 -22"><span class='ocrx_word' id='word_1_214' title='bbox 109 2301 329 2346; x_wconf 80' lang='lat' dir='ltr'>Herodot.</span> <span class='ocrx_word' id='word_1_215' title='bbox 354 2302 396 2355; x_wconf 90' lang='lat'>8,</span> <span class='ocrx_word' id='word_1_216' title='bbox 422 2302 518 2350; x_wconf 81' lang='lat'><strong>137.</strong></span> <span class='ocrx_word' id='word_1_217' title='bbox 554 2307 598 2347; x_wconf 82' lang='grc' dir='ltr'>οἱ</span> <span class='ocrx_word' id='word_1_218' title='bbox 631 2307 682 2349; x_wconf 68' lang='grc' dir='ltr'>δὲ</span> <span class='ocrx_word' id='word_1_219' title='bbox 713 2307 797 2350; x_wconf 82' lang='grc' dir='ltr'>τὸν</span> <span class='ocrx_word' id='word_1_220' title='bbox 824 2308 1001 2365; x_wconf 70' lang='grc' dir='ltr'>μισθὸν</span> 
     </span>
     <span class='ocr_line' id='line_1_36' title="bbox 110 2359 1003 2430; baseline 0.011 -29"><span class='ocrx_word' id='word_1_221' title='bbox 110 2359 296 2430; x_wconf 62' lang='grc' dir='ltr'><em>ἔφασαν</em></span> <span class='ocrx_word' id='word_1_222' title='bbox 328 2361 498 2404; x_wconf 75' lang='grc' dir='ltr'><em>δίκαιοι</em></span> <span class='ocrx_word' id='word_1_223' title='bbox 532 2359 649 2406; x_wconf 73' lang='grc' dir='ltr'><em>εἶναι</em></span> <span class='ocrx_word' id='word_1_224' title='bbox 688 2363 1003 2422; x_wconf 80' lang='grc' dir='ltr'><strong><em>ἀπολαβόντες</em></strong></span> 
     </span>
     <span class='ocr_line' id='line_1_37' title="bbox 110 2414 437 2470; baseline 0.003 -9"><span class='ocrx_word' id='word_1_225' title='bbox 110 2414 231 2461; x_wconf 74' lang='grc' dir='ltr'><em>οὕτω</em></span> <span class='ocrx_word' id='word_1_226' title='bbox 254 2419 437 2470; x_wconf 77' lang='grc' dir='ltr'><strong><em>ἐξιέναι.</em></strong></span> 
     </span>
    </p>
   </div>
   <div class='ocr_carea' id='block_1_11' title="bbox 110 2489 1005 2778">
    <p class='ocr_par' dir='ltr' id='par_1_11' title="bbox 110 2489 1005 2778">
     <span class='ocr_line' id='line_1_38' title="bbox 169 2489 1002 2550; baseline 0.007 -19"><span class='ocrx_word' id='word_1_227' title='bbox 169 2489 375 2548; x_wconf 83' lang='lat' dir='ltr'>Rufium.</span> <span class='ocrx_word' id='word_1_228' title='bbox 434 2490 510 2534; x_wconf 85' lang='lat' dir='ltr'>Sic</span> <span class='ocrx_word' id='word_1_229' title='bbox 532 2491 632 2534; x_wconf 87' lang='lat' dir='ltr'>edd.</span> <span class='ocrx_word' id='word_1_230' title='bbox 656 2491 801 2550; x_wconf 82' lang='lat' dir='ltr'><strong>Ryck.</strong></span> <span class='ocrx_word' id='word_1_231' title='bbox 824 2492 1002 2538; x_wconf 84' lang='lat' dir='ltr'>Ernest.</span> 
     </span>
     <span class='ocr_line' id='line_1_39' title="bbox 110 2548 1005 2663; baseline 0.006 -16"><span class='ocrx_word' id='word_1_232' title='bbox 110 2563 250 2648; x_wconf 46' lang='grc' dir='ltr'>ἴῃς</span> <span class='ocrx_word' id='word_1_233' title='bbox 286 2548 840 2663; x_wconf 52' lang='grc' dir='ltr'>Η”Ῑ”ῗῖῗέιῗέιδε8ὲῖι’&gt;οιῖἑ</span> <span class='ocrx_word' id='word_1_234' title='bbox 860 2552 921 2651; x_wconf 58' lang='lat'>151¹</span> <span class='ocrx_word' id='word_1_235' title='bbox 925 2558 1005 2642; x_wconf 54' lang='grc' dir='ltr'>ΕΪῘΞ</span> 
     </span>
     <span class='ocr_line' id='line_1_40' title="bbox 111 2620 1004 2722; baseline 0.003 -17"><span class='ocrx_word' id='word_1_236' title='bbox 111 2620 461 2716; x_wconf 49' lang='grc' dir='ltr'>ἧῗιὶγνῖἷῖιιιονζᾱ.</span> <span class='ocrx_word' id='word_1_237' title='bbox 502 2663 619 2722; x_wconf 72' lang='lat' dir='ltr'>spir.</span> <span class='ocrx_word' id='word_1_238' title='bbox 632 2638 645 2650; x_wconf 81' lang='grc'><strong><em>’</em></strong></span> <span class='ocrx_word' id='word_1_239' title='bbox 670 2639 735 2700; x_wconf 81' lang='grc'>-’</span> <span class='ocrx_word' id='word_1_240' title='bbox 795 2640 1004 2722; x_wconf 62' lang='grc' dir='ltr'>Βὶιχχίηηι</span> 
     </span>
     <span class='ocr_line' id='line_1_41' title="bbox 111 2718 1002 2778; baseline 0.004 -16"><span class='ocrx_word' id='word_1_241' title='bbox 111 2719 182 2762; x_wconf 87' lang='lat' dir='ltr'>ed.</span> <span class='ocrx_word' id='word_1_242' title='bbox 203 2719 304 2763; x_wconf 80' lang='lat' dir='ltr'>Pnt.</span> <span class='ocrx_word' id='word_1_243' title='bbox 329 2718 387 2762; x_wconf 90' lang='lat' dir='ltr'>V.</span> <span class='ocrx_word' id='word_1_244' title='bbox 420 2745 480 2753; x_wconf 94' lang='lat'><strong>—</strong></span> <span class='ocrx_word' id='word_1_245' title='bbox 538 2722 735 2778; x_wconf 85' lang='lat' dir='ltr'>Rufium</span> <span class='ocrx_word' id='word_1_246' title='bbox 765 2724 867 2767; x_wconf 86' lang='lat' dir='ltr'>edd.</span> <span class='ocrx_word' id='word_1_247' title='bbox 904 2725 1002 2767; x_wconf 70' lang='lat' dir='ltr'>Ber.</span> 
     </span>
    </p>
   </div>
   <div class='ocr_carea' id='block_1_12' title="bbox 113 2776 1004 2893">
    <p class='ocr_par' dir='ltr' id='par_1_12' title="bbox 113 2776 1004 2893">
     <span class='ocr_line' id='line_1_42' title="bbox 113 2776 1004 2838; baseline 0.007 -20"><span class='ocrx_word' id='word_1_248' title='bbox 113 2777 173 2830; x_wconf 88' lang='lat' dir='ltr'>(e.</span> <span class='ocrx_word' id='word_1_249' title='bbox 209 2776 356 2820; x_wconf 84' lang='lat' dir='ltr'>silent.</span> <span class='ocrx_word' id='word_1_250' title='bbox 390 2776 527 2836; x_wconf 76' lang='lat' dir='ltr'>Viet.)</span> <span class='ocrx_word' id='word_1_251' title='bbox 561 2779 662 2823; x_wconf 83' lang='lat' dir='ltr'>Ale.</span> <span class='ocrx_word' id='word_1_252' title='bbox 707 2804 765 2813; x_wconf 93' lang='lat'>—</span> <span class='ocrx_word' id='word_1_253' title='bbox 823 2780 1004 2838; x_wconf 84' lang='lat' dir='ltr'>Rufum</span> 
     </span>
     <span class='ocr_line' id='line_1_43' title="bbox 113 2833 504 2893; baseline 0.008 -18"><span class='ocrx_word' id='word_1_254' title='bbox 113 2833 216 2876; x_wconf 84' lang='lat' dir='ltr'>edd.</span> <span class='ocrx_word' id='word_1_255' title='bbox 239 2833 380 2877; x_wconf 89' lang='lat' dir='ltr'>Rhen.</span> <span class='ocrx_word' id='word_1_256' title='bbox 405 2851 504 2893; x_wconf 87' lang='lat' dir='ltr'>sqq.</span> 
     </span>
    </p>
   </div>
   <div class='ocr_carea' id='block_1_13' title="bbox 167 2906 1004 2954">
    <p class='ocr_par' dir='ltr' id='par_1_13' title="bbox 167 2906 1004 2954">
     <span class='ocr_line' id='line_1_44' title="bbox 167 2906 1004 2954; baseline 0.011 -10"><span class='ocrx_word' id='word_1_257' title='bbox 167 2910 344 2948; x_wconf 80' lang='lat' dir='ltr'>autem.</span> <span class='ocrx_word' id='word_1_258' title='bbox 407 2906 483 2949; x_wconf 89' lang='lat' dir='ltr'>Sic</span> <span class='ocrx_word' id='word_1_259' title='bbox 513 2907 645 2951; x_wconf 89' lang='lat' dir='ltr'><strong>MSS.</strong></span> <span class='ocrx_word' id='word_1_260' title='bbox 682 2919 724 2952; x_wconf 89' lang='lat' dir='ltr'>et</span> <span class='ocrx_word' id='word_1_261' title='bbox 756 2919 863 2954; x_wconf 82' lang='lat' dir='ltr'>vett.</span> <span class='ocrx_word' id='word_1_262' title='bbox 900 2910 1004 2954; x_wconf 85' lang='lat' dir='ltr'>edd.</span> 
     </span>
    </p>
   </div>
   <div class='ocr_carea' id='block_1_14' title="bbox 113 2961 1008 3025">
    <p class='ocr_par' dir='ltr' id='par_1_14' title="bbox 113 2961 1008 3025">
     <span class='ocr_line' id='line_1_45' title="bbox 113 2961 1008 3025; baseline 0.008 -23"><span class='ocrx_word' id='word_1_263' title='bbox 113 2961 236 3014; x_wconf 90' lang='lat' dir='ltr'>(cum</span> <span class='ocrx_word' id='word_1_264' title='bbox 259 2961 478 3019; x_wconf 82' lang='lat' dir='ltr'>sil.Vict.)</span> <span class='ocrx_word' id='word_1_265' title='bbox 503 2973 547 3006; x_wconf 85' lang='lat' dir='ltr'>et</span> <span class='ocrx_word' id='word_1_266' title='bbox 571 2967 864 3025; x_wconf 78' lang='lat' dir='ltr'>nuperRyck.</span> <span class='ocrx_word' id='word_1_267' title='bbox 880 2968 1008 3011; x_wconf 86' lang='lat' dir='ltr'>Brot.</span> 
     </span>
    </p>
   </div>
   <div class='ocr_carea' id='block_1_15' title="bbox 110 3017 1004 3304">
    <p class='ocr_par' dir='ltr' id='par_1_15' title="bbox 110 3017 1004 3304">
     <span class='ocr_line' id='line_1_46' title="bbox 111 3017 1004 3084; baseline 0.008 -25"><span class='ocrx_word' id='word_1_268' title='bbox 111 3017 164 3060; x_wconf 84' lang='lat' dir='ltr'>Bi</span> <span class='ocrx_word' id='word_1_269' title='bbox 201 3050 211 3060; x_wconf 90' lang='lat'><strong>.</strong></span> <span class='ocrx_word' id='word_1_270' title='bbox 239 3017 398 3063; x_wconf 87' lang='lat' dir='ltr'>Oberl.</span> <span class='ocrx_word' id='word_1_271' title='bbox 422 3037 519 3080; x_wconf 89' lang='lat' dir='ltr'>sqq.</span> <span class='ocrx_word' id='word_1_272' title='bbox 574 3021 769 3067; x_wconf 85' lang='lat' dir='ltr'>Pichena</span> <span class='ocrx_word' id='word_1_273' title='bbox 792 3034 1004 3084; x_wconf 83' lang='lat' dir='ltr'>tanquam</span> 
     </span>
     <span class='ocr_line' id='line_1_47' title="bbox 113 3035 1004 3125; baseline 0.009 -8"><span class='ocrx_word' id='word_1_274' title='bbox 113 3092 138 3118; x_wconf 83' lang='lat' dir='ltr'>e</span> <span class='ocrx_word' id='word_1_275' title='bbox 167 3035 269 3119; x_wconf 56' lang='lat' dir='ltr'>iilS.</span> <span class='ocrx_word' id='word_1_276' title='bbox 291 3076 417 3120; x_wconf 82' lang='lat' dir='ltr'>Flor.</span> <span class='ocrx_word' id='word_1_277' title='bbox 458 3079 638 3122; x_wconf 80' lang='lat' dir='ltr'>dederat</span> <span class='ocrx_word' id='word_1_278' title='bbox 673 3088 849 3125; x_wconf 78' lang='lat' dir='ltr'>tamen.</span> <span class='ocrx_word' id='word_1_279' title='bbox 911 3083 1004 3125; x_wconf 88' lang='lat' dir='ltr'>Ve-</span> 
     </span>
     <span class='ocr_line' id='line_1_48' title="bbox 110 3133 1004 3183; baseline 0.009 -8"><span class='ocrx_word' id='word_1_280' title='bbox 110 3149 214 3175; x_wconf 87' lang='lat' dir='ltr'>rum</span> <span class='ocrx_word' id='word_1_281' title='bbox 241 3133 327 3178; x_wconf 82' lang='lat' dir='ltr'>lae.</span> <span class='ocrx_word' id='word_1_282' title='bbox 354 3133 620 3180; x_wconf 81' lang='lat' dir='ltr'>Gronov-ius</span> <span class='ocrx_word' id='word_1_283' title='bbox 656 3137 808 3182; x_wconf 80' lang='lat' dir='ltr'>docuit</span> <span class='ocrx_word' id='word_1_284' title='bbox 835 3141 880 3182; x_wconf 90' lang='lat' dir='ltr'>in</span> <span class='ocrx_word' id='word_1_285' title='bbox 903 3140 1004 3183; x_wconf 86' lang='lat' dir='ltr'>MS.</span> 
     </span>
     <span class='ocr_line' id='line_1_49' title="bbox 113 3189 1002 3240; baseline 0.009 -7"><span class='ocrx_word' id='word_1_286' title='bbox 113 3189 238 3233; x_wconf 87' lang='lat' dir='ltr'>Flor.</span> <span class='ocrx_word' id='word_1_287' title='bbox 288 3207 380 3234; x_wconf 87' lang='lat' dir='ltr'>esse</span> <span class='ocrx_word' id='word_1_288' title='bbox 422 3202 488 3235; x_wconf 69' lang='grc' dir='ltr'><strong><em>ιιι-ι</em></strong></span> <span class='ocrx_word' id='word_1_289' title='bbox 529 3194 573 3237; x_wconf 88' lang='lat' dir='ltr'><strong>h.</strong></span> <span class='ocrx_word' id='word_1_290' title='bbox 614 3211 653 3239; x_wconf 89' lang='lat' dir='ltr'>e.</span> <span class='ocrx_word' id='word_1_291' title='bbox 699 3204 874 3240; x_wconf 81' lang='lat' dir='ltr'>autem.</span> <span class='ocrx_word' id='word_1_292' title='bbox 951 3198 1002 3240; x_wconf 90' lang='lat' dir='ltr'>ln</span> 
     </span>
     <span class='ocr_line' id='line_1_50' title="bbox 113 3247 579 3304; baseline 0.013 -15"><span class='ocrx_word' id='word_1_293' title='bbox 113 3247 263 3290; x_wconf 82' lang='lat' dir='ltr'>Guelf.</span> <span class='ocrx_word' id='word_1_294' title='bbox 295 3249 456 3304; x_wconf 85' lang='lat' dir='ltr'>legitur</span> <span class='ocrx_word' id='word_1_295' title='bbox 480 3260 579 3295; x_wconf 81' lang='lat' dir='ltr'>aut.</span> 
     </span>
    </p>
   </div>
   <div class='ocr_carea' id='block_1_16' title="bbox 114 3318 1003 3606">
    <p class='ocr_par' dir='ltr' id='par_1_16' title="bbox 114 3318 1003 3606">
     <span class='ocr_line' id='line_1_51' title="bbox 173 3318 1003 3371; baseline 0.011 -10"><span class='ocrx_word' id='word_1_296' title='bbox 173 3318 401 3364; x_wconf 73' lang='lat' dir='ltr'>Anicium.</span> <span class='ocrx_word' id='word_1_297' title='bbox 470 3322 544 3365; x_wconf 81' lang='lat' dir='ltr'>Sic</span> <span class='ocrx_word' id='word_1_298' title='bbox 575 3322 675 3367; x_wconf 88' lang='lat' dir='ltr'>MS.</span> <span class='ocrx_word' id='word_1_299' title='bbox 709 3323 859 3369; x_wconf 85' lang='lat' dir='ltr'>Guelf.</span> <span class='ocrx_word' id='word_1_300' title='bbox 903 3327 1003 3371; x_wconf 79' lang='lat' dir='ltr'>edd.</span> 
     </span>
     <span class='ocr_line' id='line_1_52' title="bbox 114 3375 1003 3434; baseline 0.01 -16"><span class='ocrx_word' id='word_1_301' title='bbox 114 3375 255 3419; x_wconf 85' lang='lat' dir='ltr'>Rhen.</span> <span class='ocrx_word' id='word_1_302' title='bbox 283 3393 351 3434; x_wconf 80' lang='lat' dir='ltr'>sq(</span> <span class='ocrx_word' id='word_1_303' title='bbox 370 3410 379 3419; x_wconf 93' lang='lat'><strong>.</strong></span> <span class='ocrx_word' id='word_1_304' title='bbox 420 3402 477 3411; x_wconf 91' lang='lat'>—</span> <span class='ocrx_word' id='word_1_305' title='bbox 534 3381 749 3423; x_wconf 81' lang='lat' dir='ltr'>Anilium</span> <span class='ocrx_word' id='word_1_306' title='bbox 773 3384 876 3426; x_wconf 86' lang='lat' dir='ltr'>edd.</span> <span class='ocrx_word' id='word_1_307' title='bbox 899 3384 1003 3427; x_wconf 83' lang='lat' dir='ltr'>Put.</span> 
     </span>
     <span class='ocr_line' id='line_1_53' title="bbox 114 3433 1000 3493; baseline 0.01 -18"><span class='ocrx_word' id='word_1_308' title='bbox 114 3434 183 3475; x_wconf 89' lang='lat' dir='ltr'>M.</span> <span class='ocrx_word' id='word_1_309' title='bbox 207 3443 249 3476; x_wconf 86' lang='lat' dir='ltr'>et</span> <span class='ocrx_word' id='word_1_310' title='bbox 269 3433 324 3477; x_wconf 90' lang='lat' dir='ltr'>V.</span> <span class='ocrx_word' id='word_1_311' title='bbox 389 3435 562 3480; x_wconf 84' lang='lat' dir='ltr'>eroald.</span> <span class='ocrx_word' id='word_1_312' title='bbox 596 3439 656 3491; x_wconf 88' lang='lat' dir='ltr'><strong>(c.</strong></span> <span class='ocrx_word' id='word_1_313' title='bbox 683 3439 827 3484; x_wconf 83' lang='lat' dir='ltr'>silent.</span> <span class='ocrx_word' id='word_1_314' title='bbox 859 3440 1000 3493; x_wconf 86' lang='lat' dir='ltr'>Vict.)</span> 
     </span>
     <span class='ocr_line' id='line_1_54' title="bbox 115 3489 1001 3555; baseline 0.008 -21"><span class='ocrx_word' id='word_1_315' title='bbox 115 3489 219 3535; x_wconf 80' lang='lat' dir='ltr'>Ale.</span> <span class='ocrx_word' id='word_1_316' title='bbox 277 3515 330 3523; x_wconf 95' lang='lat'>—</span> <span class='ocrx_word' id='word_1_317' title='bbox 398 3495 628 3536; x_wconf 76' lang='lat' dir='ltr'>Annitum</span> <span class='ocrx_word' id='word_1_318' title='bbox 669 3496 738 3539; x_wconf 83' lang='lat' dir='ltr'>ed.</span> <span class='ocrx_word' id='word_1_319' title='bbox 781 3498 895 3555; x_wconf 84' lang='lat' dir='ltr'>Spir.</span> <span class='ocrx_word' id='word_1_320' title='bbox 944 3500 1001 3542; x_wconf 71' lang='lat' dir='ltr'>cf.</span> 
     </span>
     <span class='ocr_line' id='line_1_55' title="bbox 119 3551 1003 3606; baseline 0.017 -19"><span class='ocrx_word' id='word_1_321' title='bbox 119 3555 211 3595; x_wconf 82' lang='lat' dir='ltr'>not.</span> <span class='ocrx_word' id='word_1_322' title='bbox 247 3565 376 3606; x_wconf 84' lang='lat' dir='ltr'>supra</span> <span class='ocrx_word' id='word_1_323' title='bbox 411 3559 450 3594; x_wconf 79' lang='lat' dir='ltr'>et</span> <span class='ocrx_word' id='word_1_324' title='bbox 485 3551 535 3594; x_wconf 77' lang='lat' dir='ltr'>ad</span> <span class='ocrx_word' id='word_1_325' title='bbox 574 3553 638 3604; x_wconf 80' lang='lat'>15,</span> <span class='ocrx_word' id='word_1_326' title='bbox 661 3554 730 3597; x_wconf 81' lang='lat'><strong>74.</strong></span> <span class='ocrx_word' id='word_1_327' title='bbox 793 3556 899 3598; x_wconf 76' lang='lat' dir='ltr'>Mox</span> <span class='ocrx_word' id='word_1_328' title='bbox 935 3558 1003 3602; x_wconf 86' lang='lat' dir='ltr'>ed.</span> 
     </span>
    </p>
   </div>
   <div class='ocr_carea' id='block_1_17' title="bbox 1068 1778 1974 2802">
    <p class='ocr_par' dir='ltr' id='par_1_17' title="bbox 1068 1778 1974 2802">
     <span class='ocr_line' id='line_1_56' title="bbox 1073 1778 1967 1837; baseline 0.006 -15"><span class='ocrx_word' id='word_1_329' title='bbox 1073 1780 1119 1823; x_wconf 84' lang='lat' dir='ltr'>lii</span> <span class='ocrx_word' id='word_1_330' title='bbox 1156 1778 1337 1836; x_wconf 82' lang='lat' dir='ltr'>Lepidi,</span> <span class='ocrx_word' id='word_1_331' title='bbox 1393 1780 1471 1821; x_wconf 85' lang='lat' dir='ltr'>sed</span> <span class='ocrx_word' id='word_1_332' title='bbox 1513 1780 1640 1821; x_wconf 81' lang='lat' dir='ltr'>aliam</span> <span class='ocrx_word' id='word_1_333' title='bbox 1688 1782 1967 1837; x_wconf 70' lang='lat' dir='ltr'>coniuratio-</span> 
     </span>
     <span class='ocr_line' id='line_1_57' title="bbox 1073 1834 1969 1896; baseline 0.007 -17"><span class='ocrx_word' id='word_1_334' title='bbox 1073 1853 1174 1879; x_wconf 84' lang='lat' dir='ltr'>nem</span> <span class='ocrx_word' id='word_1_335' title='bbox 1191 1871 1202 1888; x_wconf 90' lang='lat'>‚</span> <span class='ocrx_word' id='word_1_336' title='bbox 1234 1838 1285 1878; x_wconf 87' lang='lat' dir='ltr'>de</span> <span class='ocrx_word' id='word_1_337' title='bbox 1308 1852 1395 1891; x_wconf 84' lang='lat' dir='ltr'>qua</span> <span class='ocrx_word' id='word_1_338' title='bbox 1411 1834 1581 1878; x_wconf 84' lang='lat' dir='ltr'>Zonar.</span> <span class='ocrx_word' id='word_1_339' title='bbox 1604 1853 1647 1895; x_wconf 84' lang='lat' dir='ltr'>p.</span> <span class='ocrx_word' id='word_1_340' title='bbox 1664 1838 1744 1880; x_wconf 86' lang='lat'>557</span> <span class='ocrx_word' id='word_1_341' title='bbox 1767 1856 1832 1896; x_wconf 85' lang='lat' dir='ltr'>sq.</span> <span class='ocrx_word' id='word_1_342' title='bbox 1857 1844 1969 1885; x_wconf 76' lang='grc' dir='ltr'><em>τοῦ·</em></span> 
     </span>
     <span class='ocr_line' id='line_1_58' title="bbox 1071 1892 1971 1951; baseline 0.008 -15"><span class='ocrx_word' id='word_1_343' title='bbox 1071 1909 1151 1937; x_wconf 82' lang='grc' dir='ltr'>τον</span> <span class='ocrx_word' id='word_1_344' title='bbox 1194 1895 1245 1938; x_wconf 70' lang='grc' dir='ltr'>δὲ</span> <span class='ocrx_word' id='word_1_345' title='bbox 1287 1894 1370 1937; x_wconf 84' lang='grc' dir='ltr'>τὸν</span> <span class='ocrx_word' id='word_1_346' title='bbox 1409 1892 1586 1951; x_wconf 80' lang='grc' dir='ltr'><em>τρόπον</em></span> <span class='ocrx_word' id='word_1_347' title='bbox 1621 1893 1752 1950; x_wconf 78' lang='grc' dir='ltr'><em>βιοὺς</em></span> <span class='ocrx_word' id='word_1_348' title='bbox 1786 1894 1971 1950; x_wconf 76' lang='grc' dir='ltr'>πάντως</span> 
     </span>
     <span class='ocr_line' id='line_1_59' title="bbox 1069 1949 1970 2013; baseline 0.007 -18"><span class='ocrx_word' id='word_1_349' title='bbox 1069 1949 1536 2006; x_wconf 63' lang='grc' dir='ltr'><strong><em>ἐπιβουλευσήσεσθαι</em></strong></span> <span class='ocrx_word' id='word_1_350' title='bbox 1558 1952 1718 2010; x_wconf 76' lang='grc' dir='ltr'><em>ἔμελλε</em></span> <span class='ocrx_word' id='word_1_351' title='bbox 1742 1957 1820 1996; x_wconf 84' lang='grc' dir='ltr'>καὶ</span> <span class='ocrx_word' id='word_1_352' title='bbox 1839 1955 1970 2013; x_wconf 70' lang='grc' dir='ltr'>ἐφώ-</span> 
     </span>
     <span class='ocr_line' id='line_1_60' title="bbox 1069 2008 1970 2071; baseline 0.008 -20"><span class='ocrx_word' id='word_1_353' title='bbox 1069 2022 1182 2069; x_wconf 81' lang='grc' dir='ltr'><em>ρασε</em></span> <span class='ocrx_word' id='word_1_354' title='bbox 1223 2008 1306 2064; x_wconf 80' lang='grc' dir='ltr'>τὴν</span> <span class='ocrx_word' id='word_1_355' title='bbox 1347 2011 1560 2062; x_wconf 70' lang='grc' dir='ltr'>ἐπίθεσιν</span> <span class='ocrx_word' id='word_1_356' title='bbox 1604 2013 1682 2053; x_wconf 81' lang='grc' dir='ltr'>καὶ</span> <span class='ocrx_word' id='word_1_357' title='bbox 1729 2014 1970 2071; x_wconf 77' lang='grc' dir='ltr'><em>συλλαβών</em></span> 
     </span>
     <span class='ocr_line' id='line_1_61' title="bbox 1070 2065 1973 2127; baseline 0.006 -18"><span class='ocrx_word' id='word_1_358' title='bbox 1070 2071 1237 2111; x_wconf 80' lang='grc' dir='ltr'><em>Νίκιον</em></span> <span class='ocrx_word' id='word_1_359' title='bbox 1288 2066 1543 2122; x_wconf 85' lang='lat' dir='ltr'>(Anicium)</span> <span class='ocrx_word' id='word_1_360' title='bbox 1593 2065 1843 2127; x_wconf 75' lang='grc' dir='ltr'><em>Κερεάλιον</em></span> <span class='ocrx_word' id='word_1_361' title='bbox 1895 2078 1973 2117; x_wconf 79' lang='grc' dir='ltr'>καὶ</span> 
     </span>
     <span class='ocr_line' id='line_1_62' title="bbox 1069 2122 1974 2184; baseline 0.01 -17"><span class='ocrx_word' id='word_1_362' title='bbox 1069 2124 1152 2168; x_wconf 83' lang='grc' dir='ltr'>τὸν</span> <span class='ocrx_word' id='word_1_363' title='bbox 1194 2122 1298 2168; x_wconf 82' lang='grc' dir='ltr'>υἱὸν</span> <span class='ocrx_word' id='word_1_364' title='bbox 1341 2123 1484 2167; x_wconf 84' lang='grc' dir='ltr'><em>αὐτοῦ</em></span> <span class='ocrx_word' id='word_1_365' title='bbox 1524 2127 1697 2175; x_wconf 79' lang='grc' dir='ltr'><em>Σέξτον</em></span> <span class='ocrx_word' id='word_1_366' title='bbox 1726 2126 1974 2184; x_wconf 78' lang='grc' dir='ltr'><em>ΙῙαπήνιον</em></span> 
     </span>
     <span class='ocr_line' id='line_1_63' title="bbox 1069 2180 1969 2244; baseline 0.006 -18"><span class='ocrx_word' id='word_1_367' title='bbox 1069 2180 1312 2239; x_wconf 51' lang='lat' dir='ltr'>&amp;acuimus</span> <span class='ocrx_word' id='word_1_368' title='bbox 1327 2215 1338 2236; x_wconf 82' lang='lat'>‚</span> <span class='ocrx_word' id='word_1_369' title='bbox 1374 2186 1451 2225; x_wconf 80' lang='grc' dir='ltr'>καὶ</span> <span class='ocrx_word' id='word_1_370' title='bbox 1471 2183 1569 2226; x_wconf 71' lang='grc' dir='ltr'>ἐπεὶ</span> <span class='ocrx_word' id='word_1_371' title='bbox 1589 2186 1740 2240; x_wconf 71' lang='grc' dir='ltr'><em>μηδὲν</em></span> <span class='ocrx_word' id='word_1_372' title='bbox 1760 2185 1969 2244; x_wconf 49' lang='lat' dir='ltr'>&amp;elchin-</span> 
     </span>
     <span class='ocr_line' id='line_1_64' title="bbox 1068 2239 1970 2295; baseline 0.002 -14"><span class='ocrx_word' id='word_1_373' title='bbox 1068 2254 1177 2289; x_wconf 80' lang='grc' dir='ltr'>σεν,</span> <span class='ocrx_word' id='word_1_374' title='bbox 1230 2239 1442 2284; x_wconf 77' lang='grc' dir='ltr'><em>ἀνέπεισε</em></span> <span class='ocrx_word' id='word_1_375' title='bbox 1486 2239 1568 2283; x_wconf 85' lang='grc' dir='ltr'>τὸν</span> <span class='ocrx_word' id='word_1_376' title='bbox 1598 2240 1846 2295; x_wconf 81' lang='grc' dir='ltr'><em>Παπήνιον</em></span> <span class='ocrx_word' id='word_1_377' title='bbox 1875 2260 1970 2291; x_wconf 90' lang='grc' dir='ltr'>σω-</span> 
     </span>
     <span class='ocr_line' id='line_1_65' title="bbox 1074 2290 1973 2364; baseline 0.011 -25"><span class='ocrx_word' id='word_1_378' title='bbox 1074 2290 1233 2356; x_wconf 72' lang='grc' dir='ltr'><em>τηρίαν</em></span> <span class='ocrx_word' id='word_1_379' title='bbox 1258 2297 1381 2353; x_wconf 82' lang='grc' dir='ltr'><em>αὐτῷ</em></span> <span class='ocrx_word' id='word_1_380' title='bbox 1407 2299 1483 2340; x_wconf 80' lang='grc' dir='ltr'>καὶ</span> <span class='ocrx_word' id='word_1_381' title='bbox 1508 2294 1672 2354; x_wconf 58' lang='grc' dir='ltr'><em>ἄδειάν</em></span> <span class='ocrx_word' id='word_1_382' title='bbox 1702 2297 1973 2364; x_wconf 81' lang='grc' dir='ltr'>ὑποσχόμε-</span> 
     </span>
     <span class='ocr_line' id='line_1_66' title="bbox 1073 2355 1971 2419; baseline 0.008 -23"><span class='ocrx_word' id='word_1_383' title='bbox 1073 2371 1155 2404; x_wconf 71' lang='grc' dir='ltr'>νος</span> <span class='ocrx_word' id='word_1_384' title='bbox 1193 2360 1429 2398; x_wconf 77' lang='grc' dir='ltr'><em>κατειπεῖν</em></span> <span class='ocrx_word' id='word_1_385' title='bbox 1470 2369 1611 2398; x_wconf 81' lang='grc' dir='ltr'>τινων</span> <span class='ocrx_word' id='word_1_386' title='bbox 1652 2355 1680 2413; x_wconf 83' lang='grc' dir='ltr'>ἢ</span> <span class='ocrx_word' id='word_1_387' title='bbox 1724 2357 1910 2414; x_wconf 68' lang='grc' dir='ltr'><em>ἀληθῶς</em></span> <span class='ocrx_word' id='word_1_388' title='bbox 1942 2362 1971 2419; x_wconf 80' lang='grc' dir='ltr'>ἢ</span> 
     </span>
     <span class='ocr_line' id='line_1_67' title="bbox 1074 2413 1973 2470; baseline 0.012 -15"><span class='ocrx_word' id='word_1_389' title='bbox 1074 2414 1286 2470; x_wconf 72' lang='grc' dir='ltr'><em>ψευδῶς,</em></span> <span class='ocrx_word' id='word_1_390' title='bbox 1347 2416 1423 2456; x_wconf 87' lang='grc' dir='ltr'>καὶ</span> <span class='ocrx_word' id='word_1_391' title='bbox 1462 2413 1643 2459; x_wconf 74' lang='grc' dir='ltr'><strong><em>ἐκεῖνον</em></strong></span> <span class='ocrx_word' id='word_1_392' title='bbox 1673 2415 1850 2462; x_wconf 76' lang='grc' dir='ltr'><strong><em>ἀὐτίκα</em></strong></span> <span class='ocrx_word' id='word_1_393' title='bbox 1892 2425 1973 2466; x_wconf 74' lang='grc' dir='ltr'>καὶ</span> 
     </span>
     <span class='ocr_line' id='line_1_68' title="bbox 1074 2468 1969 2533; baseline 0.006 -17"><span class='ocrx_word' id='word_1_394' title='bbox 1074 2470 1182 2520; x_wconf 82' lang='grc' dir='ltr'><em>τοὺς</em></span> <span class='ocrx_word' id='word_1_395' title='bbox 1219 2468 1384 2520; x_wconf 78' lang='grc' dir='ltr'><em>ἄλλους</em></span> <span class='ocrx_word' id='word_1_396' title='bbox 1426 2471 1478 2515; x_wconf 74' lang='grc' dir='ltr'>ἐν</span> <span class='ocrx_word' id='word_1_397' title='bbox 1514 2469 1785 2533; x_wconf 78' lang='grc' dir='ltr'><em>ὀφθαλμοῖς</em></span> <span class='ocrx_word' id='word_1_398' title='bbox 1822 2477 1969 2524; x_wconf 73' lang='grc' dir='ltr'><strong><em>ἀὐτοῦ</em></strong></span> 
     </span>
     <span class='ocr_line' id='line_1_69' title="bbox 1076 2528 1972 2589; baseline 0.009 -16"><span class='ocrx_word' id='word_1_399' title='bbox 1076 2529 1357 2573; x_wconf 78' lang='grc' dir='ltr'><em>ἀπέκτεινεν.</em></span> <span class='ocrx_word' id='word_1_400' title='bbox 1418 2528 1597 2572; x_wconf 85' lang='lat' dir='ltr'>Etenim</span> <span class='ocrx_word' id='word_1_401' title='bbox 1627 2546 1738 2589; x_wconf 80' lang='lat' dir='ltr'>quae</span> <span class='ocrx_word' id='word_1_402' title='bbox 1765 2534 1972 2582; x_wconf 79' lang='lat' dir='ltr'>Zonaras</span> 
     </span>
     <span class='ocr_line' id='line_1_70' title="bbox 1073 2585 1972 2645; baseline 0.006 -15"><span class='ocrx_word' id='word_1_403' title='bbox 1073 2586 1263 2645; x_wconf 86' lang='lat' dir='ltr'>Papinio</span> <span class='ocrx_word' id='word_1_404' title='bbox 1294 2585 1475 2637; x_wconf 86' lang='lat' dir='ltr'>tribuit,</span> <span class='ocrx_word' id='word_1_405' title='bbox 1515 2586 1738 2632; x_wconf 84' lang='lat' dir='ltr'>debuisset</span> <span class='ocrx_word' id='word_1_406' title='bbox 1762 2607 1868 2635; x_wconf 82' lang='lat' dir='ltr'>cum</span> <span class='ocrx_word' id='word_1_407' title='bbox 1889 2593 1972 2639; x_wconf 87' lang='lat' dir='ltr'>Ta·</span> 
     </span>
     <span class='ocr_line' id='line_1_71' title="bbox 1074 2643 1973 2710; baseline 0.009 -23"><span class='ocrx_word' id='word_1_408' title='bbox 1074 2645 1164 2688; x_wconf 87' lang='lat' dir='ltr'>cito</span> <span class='ocrx_word' id='word_1_409' title='bbox 1194 2643 1394 2686; x_wconf 87' lang='lat' dir='ltr'>tribuere</span> <span class='ocrx_word' id='word_1_410' title='bbox 1418 2643 1600 2687; x_wconf 80' lang='lat' dir='ltr'>Ceriali.</span> <span class='ocrx_word' id='word_1_411' title='bbox 1658 2646 1785 2693; x_wconf 76' lang='lat' dir='ltr'>Patet</span> <span class='ocrx_word' id='word_1_412' title='bbox 1805 2649 1973 2710; x_wconf 81' lang='lat' dir='ltr'>quippe</span> 
     </span>
     <span class='ocr_line' id='line_1_72' title="bbox 1074 2702 1262 2745; baseline -0.005 -1"><span class='ocrx_word' id='word_1_413' title='bbox 1074 2702 1262 2745; x_wconf 88' lang='lat' dir='ltr'>eandem</span> 
     </span>
     <span class='ocr_line' id='line_1_73' title="bbox 1074 2758 1227 2802; baseline 0 -1"><span class='ocrx_word' id='word_1_414' title='bbox 1074 2758 1227 2802; x_wconf 85' lang='lat' dir='ltr'>fuisse.</span> 
     </span>
    </p>
   </div>
   <div class='ocr_carea' id='block_1_18' title="bbox 1074 2700 1976 3623">
    <p class='ocr_par' dir='ltr' id='par_1_18' title="bbox 1075 2700 1976 2924">
     <span class='ocr_line' id='line_1_74' title="bbox 1319 2700 1974 2754; baseline 0.018 -12"><span class='ocrx_word' id='word_1_415' title='bbox 1319 2700 1418 2744; x_wconf 86' lang='lat' dir='ltr'>lane</span> <span class='ocrx_word' id='word_1_416' title='bbox 1439 2717 1534 2744; x_wconf 85' lang='lat' dir='ltr'>rem</span> <span class='ocrx_word' id='word_1_417' title='bbox 1556 2701 1726 2748; x_wconf 85' lang='lat' dir='ltr'>Nostro</span> <span class='ocrx_word' id='word_1_418' title='bbox 1749 2706 1796 2749; x_wconf 89' lang='lat' dir='ltr'>in</span> <span class='ocrx_word' id='word_1_419' title='bbox 1823 2720 1974 2754; x_wconf 86' lang='lat' dir='ltr'>mente</span> 
     </span>
     <span class='ocr_line' id='line_1_75' title="bbox 1304 2758 1976 2811; baseline 0.018 -12"><span class='ocrx_word' id='word_1_420' title='bbox 1304 2758 1522 2801; x_wconf 69' lang='lat' dir='ltr'>{eimarus</span> <span class='ocrx_word' id='word_1_421' title='bbox 1553 2769 1676 2805; x_wconf 80' lang='lat' dir='ltr'>recte</span> <span class='ocrx_word' id='word_1_422' title='bbox 1708 2762 1842 2808; x_wconf 85' lang='lat' dir='ltr'>etiam</span> <span class='ocrx_word' id='word_1_423' title='bbox 1867 2765 1976 2811; x_wconf 78' lang='lat' dir='ltr'>dicit</span> 
     </span>
     <span class='ocr_line' id='line_1_76' title="bbox 1075 2815 1973 2881; baseline 0.011 -22"><span class='ocrx_word' id='word_1_424' title='bbox 1075 2817 1123 2859; x_wconf 89' lang='lat' dir='ltr'>in</span> <span class='ocrx_word' id='word_1_425' title='bbox 1159 2832 1212 2859; x_wconf 91' lang='lat' dir='ltr'>eo</span> <span class='ocrx_word' id='word_1_426' title='bbox 1242 2815 1403 2858; x_wconf 79' lang='lat' dir='ltr'>falsum</span> <span class='ocrx_word' id='word_1_427' title='bbox 1437 2831 1532 2858; x_wconf 88' lang='lat' dir='ltr'>esse</span> <span class='ocrx_word' id='word_1_428' title='bbox 1555 2818 1806 2874; x_wconf 85' lang='lat' dir='ltr'>Zonaram,</span> <span class='ocrx_word' id='word_1_429' title='bbox 1850 2826 1973 2881; x_wconf 89' lang='lat' dir='ltr'>quod</span> 
     </span>
     <span class='ocr_line' id='line_1_77' title="bbox 1075 2871 1845 2924; baseline 0.012 -9"><span class='ocrx_word' id='word_1_430' title='bbox 1075 2874 1138 2918; x_wconf 87' lang='lat' dir='ltr'>Pa</span> <span class='ocrx_word' id='word_1_431' title='bbox 1174 2871 1314 2915; x_wconf 86' lang='lat' dir='ltr'>inium</span> <span class='ocrx_word' id='word_1_432' title='bbox 1344 2872 1529 2916; x_wconf 84' lang='lat' dir='ltr'>Cerialis</span> <span class='ocrx_word' id='word_1_433' title='bbox 1551 2874 1695 2919; x_wconf 85' lang='lat' dir='ltr'>filium</span> <span class='ocrx_word' id='word_1_434' title='bbox 1723 2877 1845 2924; x_wconf 82' lang='lat' dir='ltr'>facit.</span> 
     </span>
    </p>

    <p class='ocr_par' dir='ltr' id='par_1_19' title="bbox 1074 2931 1974 3623">
     <span class='ocr_line' id='line_1_78' title="bbox 1179 2931 1974 2989; baseline 0.015 -17"><span class='ocrx_word' id='word_1_435' title='bbox 1179 2943 1251 2973; x_wconf 73' lang='grc' dir='ltr'>ΑΡ.</span> <span class='ocrx_word' id='word_1_436' title='bbox 1276 2931 1342 2974; x_wconf 75' lang='grc'>18.</span> <span class='ocrx_word' id='word_1_437' title='bbox 1382 2945 1539 2983; x_wconf 80' lang='lat' dir='ltr'>pauca</span> <span class='ocrx_word' id='word_1_438' title='bbox 1563 2947 1709 2986; x_wconf 79' lang='lat' dir='ltr'>supra</span> <span class='ocrx_word' id='word_1_439' title='bbox 1734 2952 1834 2989; x_wconf 80' lang='lat' dir='ltr'>rep.</span> <span class='ocrx_word' id='word_1_440' title='bbox 1897 2938 1974 2984; x_wconf 86' lang='lat' dir='ltr'>Sic</span> 
     </span>
     <span class='ocr_line' id='line_1_79' title="bbox 1080 2987 1973 3042; baseline 0.009 -11"><span class='ocrx_word' id='word_1_441' title='bbox 1080 2988 1182 3031; x_wconf 89' lang='lat' dir='ltr'>MS.</span> <span class='ocrx_word' id='word_1_442' title='bbox 1197 2987 1321 3031; x_wconf 84' lang='lat' dir='ltr'>Flor.</span> <span class='ocrx_word' id='word_1_443' title='bbox 1349 2988 1462 3041; x_wconf 73' lang='lat' dir='ltr'>(test.</span> <span class='ocrx_word' id='word_1_444' title='bbox 1490 2989 1573 3032; x_wconf 81' lang='lat' dir='ltr'>lae.</span> <span class='ocrx_word' id='word_1_445' title='bbox 1598 2989 1857 3042; x_wconf 62' lang='lat' dir='ltr'>Gronovio),</span> <span class='ocrx_word' id='word_1_446' title='bbox 1872 2997 1973 3040; x_wconf 88' lang='lat' dir='ltr'>edd.</span> 
     </span>
     <span class='ocr_line' id='line_1_80' title="bbox 1077 3045 1974 3103; baseline 0.009 -14"><span class='ocrx_word' id='word_1_447' title='bbox 1077 3045 1198 3103; x_wconf 87' lang='lat' dir='ltr'>Spir.</span> <span class='ocrx_word' id='word_1_448' title='bbox 1224 3045 1325 3088; x_wconf 83' lang='lat' dir='ltr'>Put.</span> <span class='ocrx_word' id='word_1_449' title='bbox 1349 3045 1416 3087; x_wconf 89' lang='lat' dir='ltr'>M.</span> <span class='ocrx_word' id='word_1_450' title='bbox 1440 3054 1481 3087; x_wconf 87' lang='lat' dir='ltr'>et</span> <span class='ocrx_word' id='word_1_451' title='bbox 1496 3046 1550 3089; x_wconf 90' lang='lat' dir='ltr'><strong>V.</strong></span> <span class='ocrx_word' id='word_1_452' title='bbox 1571 3046 1778 3094; x_wconf 77' lang='lat' dir='ltr'>Beroald.</span> <span class='ocrx_word' id='word_1_453' title='bbox 1802 3052 1904 3097; x_wconf 85' lang='lat' dir='ltr'>Alc.</span> <span class='ocrx_word' id='word_1_454' title='bbox 1929 3062 1974 3096; x_wconf 86' lang='lat' dir='ltr'>et</span> 
     </span>
     <span class='ocr_line' id='line_1_81' title="bbox 1080 3102 1973 3164; baseline 0.007 -18"><span class='ocrx_word' id='word_1_455' title='bbox 1080 3103 1183 3146; x_wconf 87' lang='lat' dir='ltr'>dein</span> <span class='ocrx_word' id='word_1_456' title='bbox 1208 3103 1296 3148; x_wconf 81' lang='lat' dir='ltr'>lac.</span> <span class='ocrx_word' id='word_1_457' title='bbox 1323 3102 1527 3145; x_wconf 73' lang='lat' dir='ltr'>GronoV.</span> <span class='ocrx_word' id='word_1_458' title='bbox 1555 3121 1655 3162; x_wconf 84' lang='lat' dir='ltr'>sqq.</span> <span class='ocrx_word' id='word_1_459' title='bbox 1707 3107 1766 3151; x_wconf 84' lang='lat' dir='ltr'><strong>cf.</strong></span> <span class='ocrx_word' id='word_1_460' title='bbox 1791 3109 1973 3164; x_wconf 47' lang='lat' dir='ltr'>Hist.14‚</span> 
     </span>
     <span class='ocr_line' id='line_1_82' title="bbox 1075 3161 1972 3215; baseline 0.012 -13"><span class='ocrx_word' id='word_1_461' title='bbox 1075 3161 1146 3203; x_wconf 84' lang='lat'><strong>48.</strong></span> <span class='ocrx_word' id='word_1_462' title='bbox 1160 3187 1218 3194; x_wconf 77' lang='lat'><strong>..-</strong></span> <span class='ocrx_word' id='word_1_463' title='bbox 1225 3176 1377 3214; x_wconf 77' lang='lat' dir='ltr'>pauca</span> <span class='ocrx_word' id='word_1_464' title='bbox 1393 3173 1534 3215; x_wconf 83' lang='lat' dir='ltr'>super</span> <span class='ocrx_word' id='word_1_465' title='bbox 1545 3163 1679 3206; x_wconf 91' lang='lat' dir='ltr'><strong>MSS.</strong></span> <span class='ocrx_word' id='word_1_466' title='bbox 1695 3163 1819 3210; x_wconf 87' lang='lat' dir='ltr'>Harl.</span> <span class='ocrx_word' id='word_1_467' title='bbox 1836 3167 1972 3214; x_wconf 83' lang='lat' dir='ltr'>Bodl.</span> 
     </span>
     <span class='ocr_line' id='line_1_83' title="bbox 1076 3217 1972 3279; baseline 0.008 -18"><span class='ocrx_word' id='word_1_468' title='bbox 1076 3226 1118 3261; x_wconf 87' lang='lat' dir='ltr'>et</span> <span class='ocrx_word' id='word_1_469' title='bbox 1141 3217 1206 3260; x_wconf 87' lang='lat' dir='ltr'>sie</span> <span class='ocrx_word' id='word_1_470' title='bbox 1231 3217 1370 3261; x_wconf 81' lang='lat' dir='ltr'>Ovid.</span> <span class='ocrx_word' id='word_1_471' title='bbox 1397 3217 1509 3261; x_wconf 85' lang='lat' dir='ltr'>Met.</span> <span class='ocrx_word' id='word_1_472' title='bbox 1536 3221 1603 3269; x_wconf 85' lang='lat'>15,</span> <span class='ocrx_word' id='word_1_473' title='bbox 1625 3220 1725 3265; x_wconf 81' lang='lat'><strong>308.</strong></span> <span class='ocrx_word' id='word_1_474' title='bbox 1757 3227 1972 3279; x_wconf 81' lang='lat' dir='ltr'>plurima</span> 
     </span>
     <span class='ocr_line' id='line_1_84' title="bbox 1076 3278 1972 3336; baseline 0.01 -19"><span class='ocrx_word' id='word_1_475' title='bbox 1076 3290 1180 3317; x_wconf 85' lang='lat' dir='ltr'>cum</span> <span class='ocrx_word' id='word_1_476' title='bbox 1206 3278 1423 3325; x_wconf 80' lang='lat' dir='ltr'>subeant,</span> <span class='ocrx_word' id='word_1_477' title='bbox 1464 3281 1630 3320; x_wconf 80' lang='lat' dir='ltr'>audita</span> <span class='ocrx_word' id='word_1_478' title='bbox 1663 3288 1749 3322; x_wconf 80' lang='lat' dir='ltr'>aut</span> <span class='ocrx_word' id='word_1_479' title='bbox 1781 3284 1972 3336; x_wconf 80' lang='lat' dir='ltr'>cognita</span> 
     </span>
     <span class='ocr_line' id='line_1_85' title="bbox 1074 3334 1970 3393; baseline 0.012 -20"><span class='ocrx_word' id='word_1_480' title='bbox 1074 3334 1227 3385; x_wconf 81' lang='lat' dir='ltr'>vobis,</span> <span class='ocrx_word' id='word_1_481' title='bbox 1266 3348 1420 3387; x_wconf 82' lang='lat' dir='ltr'>pauca</span> <span class='ocrx_word' id='word_1_482' title='bbox 1459 3348 1602 3389; x_wconf 76' lang='lat' dir='ltr'>super</span> <span class='ocrx_word' id='word_1_483' title='bbox 1630 3338 1856 3393; x_wconf 85' lang='lat' dir='ltr'>referam.</span> <span class='ocrx_word' id='word_1_484' title='bbox 1917 3342 1970 3384; x_wconf 87' lang='lat' dir='ltr'>ln</span> 
     </span>
     <span class='ocr_line' id='line_1_86' title="bbox 1076 3389 1967 3451; baseline 0.012 -20"><span class='ocrx_word' id='word_1_485' title='bbox 1076 3389 1226 3432; x_wconf 81' lang='lat' dir='ltr'>Guelf.</span> <span class='ocrx_word' id='word_1_486' title='bbox 1252 3390 1463 3432; x_wconf 84' lang='lat' dir='ltr'>scribitur</span> <span class='ocrx_word' id='word_1_487' title='bbox 1483 3402 1581 3451; x_wconf 67' lang='lat' dir='ltr'>sup</span> <span class='ocrx_word' id='word_1_488' title='bbox 1603 3393 1647 3437; x_wconf 84' lang='lat' dir='ltr'><strong>h.</strong></span> <span class='ocrx_word' id='word_1_489' title='bbox 1669 3410 1708 3438; x_wconf 88' lang='lat' dir='ltr'>e.</span> <span class='ocrx_word' id='word_1_490' title='bbox 1727 3410 1878 3450; x_wconf 78' lang='lat' dir='ltr'>super.</span> <span class='ocrx_word' id='word_1_491' title='bbox 1925 3398 1967 3441; x_wconf 91' lang='lat' dir='ltr'><strong>A</strong></span> 
     </span>
     <span class='ocr_line' id='line_1_87' title="bbox 1075 3447 1963 3500; baseline 0.011 -12"><span class='ocrx_word' id='word_1_492' title='bbox 1075 3447 1175 3489; x_wconf 84' lang='lat' dir='ltr'>MS.</span> <span class='ocrx_word' id='word_1_493' title='bbox 1197 3447 1336 3490; x_wconf 84' lang='lat' dir='ltr'>Corb.</span> <span class='ocrx_word' id='word_1_494' title='bbox 1360 3462 1503 3500; x_wconf 76' lang='lat' dir='ltr'>supra</span> <span class='ocrx_word' id='word_1_495' title='bbox 1525 3454 1660 3496; x_wconf 82' lang='lat' dir='ltr'>abest.</span> <span class='ocrx_word' id='word_1_496' title='bbox 1722 3453 1823 3498; x_wconf 89' lang='lat' dir='ltr'>MS.</span> <span class='ocrx_word' id='word_1_497' title='bbox 1848 3456 1963 3499; x_wconf 83' lang='lat' dir='ltr'>Bud.</span> 
     </span>
     <span class='ocr_line' id='line_1_88' title="bbox 1075 3504 1969 3568; baseline 0.012 -23"><span class='ocrx_word' id='word_1_498' title='bbox 1075 3513 1119 3547; x_wconf 85' lang='lat' dir='ltr'>et</span> <span class='ocrx_word' id='word_1_499' title='bbox 1148 3504 1252 3548; x_wconf 85' lang='lat' dir='ltr'>inde</span> <span class='ocrx_word' id='word_1_500' title='bbox 1285 3504 1386 3547; x_wconf 89' lang='lat' dir='ltr'>edd.</span> <span class='ocrx_word' id='word_1_501' title='bbox 1419 3505 1562 3552; x_wconf 84' lang='lat' dir='ltr'>Rhen.</span> <span class='ocrx_word' id='word_1_502' title='bbox 1592 3525 1689 3568; x_wconf 88' lang='lat' dir='ltr'>sqq.</span> <span class='ocrx_word' id='word_1_503' title='bbox 1720 3514 1778 3555; x_wconf 84' lang='lat' dir='ltr'>de</span> <span class='ocrx_word' id='word_1_504' title='bbox 1809 3512 1857 3555; x_wconf 89' lang='lat' dir='ltr'><strong>C.</strong></span> <span class='ocrx_word' id='word_1_505' title='bbox 1881 3513 1969 3555; x_wconf 89' lang='lat' dir='ltr'>Pe·-</span> 
     </span>
     <span class='ocr_line' id='line_1_89' title="bbox 1075 3564 1971 3623; baseline 0.015 -21"><span class='ocrx_word' id='word_1_506' title='bbox 1075 3564 1232 3604; x_wconf 78' lang='lat' dir='ltr'>tronio</span> <span class='ocrx_word' id='word_1_507' title='bbox 1276 3577 1437 3617; x_wconf 74' lang='lat' dir='ltr'>supra.</span> <span class='ocrx_word' id='word_1_508' title='bbox 1515 3566 1678 3611; x_wconf 75' lang='lat' dir='ltr'>Pauca</span> <span class='ocrx_word' id='word_1_509' title='bbox 1721 3574 1971 3623; x_wconf 72' lang='lat' dir='ltr'>repetenda</span> 
     </span>
    </p>
   </div>
  </div>
 </body>
</html>
