2164 3990
154 257 203 291 A.
219 255 270 290 u.
283 234 371 290 ἐκ).

155 301 202 334 Α.
225 298 271 334 e.
307 299 368 336 66.

491 286 493 291 ·
538 260 888 322 LIB.XVI.
934 260 1444 330 (mnus-13.

67 403 315 448 mortem
348 390 481 446 sine
516 388 735 446 arbitro
777 391 1137 468 permittens,

68 475 328 532 ludibria
349 473 791 541 adiiciebantur.

1788 258 1914 326 435

1239 413 1302 449 ea
1346 392 1621 450 caedibus
1662 394 1910 469 peractis

234 583 372 646 XII.
414 583 482 643 P.
510 582 721 641 Gallus
761 606 934 663 eques
958 584 1293 656 Romanus,
1350 587 1509 663 quod
1533 585 1718 645 Fenio
1741 588 1904 648 Rufo

66 671 311 728 intimus
349 681 405 727 et
435 668 638 728 Veteri
673 668 795 726 non
833 671 1058 727 alienus
1089 673 1312 740 fuerat,
1367 692 1518 748 aqua
1561 684 1735 750 atque
1779 675 1906 749 igni

64 752 397 831 prohibitus
433 765 541 814 est.
624 755 836 812 liberto
889 768 944 812 et
979 757 1299 813 accusatori
1332 758 1661 831 praemium
1694 779 1904 834 operae

65 842 227 898 locus
270 840 335 896 in
380 835 608 896 theatro
653 840 807 896 inter
849 840 1101 897 viatores
1146 841 1496 898 tribunicios
1541 843 1731 902 datur.
1824 841 1905 901 Et

61 925 306 994 mensiS‚
351 924 453 1001 qui
477 920 744 999 Aprilem
771 927 1138 1001 eundemque
1161 923 1503 983 Neroneum
1534 928 1906 1004 sequebatur,

60 1008 262 1066 Maius
296 1006 570 1078 Claudii,
627 1007 834 1066 Iunius
871 1009 1213 1068 Germanici
1250 1012 1551 1068 vocabulis
1583 1023 1905 1084 mutantur,

62 1094 401 1151 testificante
436 1091 712 1150 Cornelio
739 1090 964 1164 Orfito,
1017 1096 1123 1172 qui
1158 1095 1220 1151 id
1260 1108 1591 1167 censuerat,
1633 1098 1764 1154 ideo
1804 1096 1908 1156 Iu-

62 1179 229 1236 nium
263 1199 524 1235 mensem
561 1179 998 1248 transmissum,
1055 1180 1192 1257 quia
1220 1181 1336 1237 duo
1364 1182 1482 1237 iam
1507 1181 1800 1259 Torquati
1826 1184 1904 1240 ob

61 1265 273 1321 scelera
299 1264 587 1321 interfecti
613 1265 935 1321 infaustum
959 1285 1178 1320 nomen
1204 1263 1443 1322 Iunium
1466 1267 1755 1326 fecissent.

182 1345 394 1432 [XIII.
461 1374 580 1430 Tot
629 1375 992 1431 facinoribus
1040 1376 1278 1432 foedum
1326 1397 1550 1433 annum
1595 1379 1770 1435 etiam
1817 1380 1916 1435 dii·

58 1460 495 1532 tempestatibus
523 1471 579 1519 et
611 1460 833 1516 morbis
865 1460 1241 1533 insignivere.

1327 1473 1548 1519 vastata
1578 1461 1903 1539 Campania
1927 1480 1929 1482 ·

55 1544 292 1600 turbine
328 1555 671 1619 ventorum,
700 1545 831 1619 ‚qui
875 1545 1074 1612 villaS‚
1131 1548 1395 1616 arbusta,
1444 1548 1641 1621 fruges
1685 1549 1904 1622 passim

56 1629 282 1685 disiecit
323 1629 680 1704 pertulitque
718 1629 1060 1686 violentiam
1096 1632 1169 1686 ad
1208 1632 1401 1687 vicina
1440 1633 1605 1688 urbi:
1678 1633 1741 1688 in
1787 1654 1902 1709 qua

110 1847 211 1888 sine
255 1847 447 1890 arbitro.
530 1846 605 1889 Sic
646 1845 779 1890 MSS.
820 1849 943 1892 Flor.

55 1904 171 1956 (test.
195 1903 409 1960 Pichejia)
443 1904 573 1946 Bodl.
606 1903 687 1955 leg..
718 1905 816 1948 edd.
841 1906 943 1949 Put.

52 1960 121 2012 Μ.
156 1970 196 2003 et
233 1961 284 2003 V.
322 1961 507 2008 Pichen‚
539 1961 760 2018 Bernegg.
796 1963 937 2020 Ryek.

50 2018 226 2060 Eriiest.
249 2033 344 2074 sqq.
404 2019 462 2061 cf.
490 2019 612 2066 1‚26.
647 2035 709 2059 an
726 2023 941 2073 praemia

49 2077 133 2118 sub
164 2075 389 2123 dominis,
422 2090 597 2130 poenas
627 2077 727 2116 sine
760 2078 938 2118 arbitro

50 2134 184 2175 esse?
257 2130 484 2174 Victorius
525 2140 676 2174 tamen
722 2134 938 2176 intactum

48 2187 350 2247 reliquiisine
377 2190 596 2238 arbitrio,
626 2191 744 2246 quod
773 2191 939 2248 praese·

49 2257 159 2288 runt
179 2244 313 2288 MSS.
342 2247 448 2303 Agr.
484 2246 555 2301 (de
590 2262 678 2302 quo
709 2247 817 2290 {alsa
846 2257 937 2290 tra-

53 2304 261 2347 diderunt
287 2301 544 2355 Oberlinus>
566 2319 669 2346 cum
712 2305 934 2360 Broterio)

53 2359 204 2403 Guelf.
236 2359 350 2403 Bud.
386 2360 485 2402 edd.
517 2359 635 2417 Spir.
666 2361 768 2402 Ber.
792 2361 939 2406 Rhen.

51 2417 170 2475 Lips.
218 2417 310 2474 (qui
361 2426 508 2461 tamen
552 2426 651 2460 ante
694 2417 937 2461 Piehenam

53 2475 304 2518 coniecerat
326 2476 428 2517 sine
453 2475 654 2527 arbitro)
691 2484 732 2516 et
754 2483 939 2532 utraque

53 2531 404 2574 Gronoviomm.
465 2531 731 2586 Torrentius
766 2531 941 2575 volebat

6 2589 12 2593 ’
52 2604 138 2631 suo
171 2592 364 2631 arbitrio
374 2604 389 2640 ;
436 2590 580 2632 Faber
615 2591 710 2630 eius
743 2590 940 2631 orbitrio'

52 2647 115 2689 vel
148 2647 290 2688 libero
324 2646 541 2696 arbitr-im
577 2645 610 2687 I.
646 2646 722 2688 Fr.
758 2645 938 2689 Grono-

50 2705 149 2746 vius
170 2704 270 2746 sine
295 2704 496 2745 arbitrio
521 2703 781 2747 remittens.
840 2703 879 2742 V
886 2720 936 2746 e-

52 2777 152 2802 rum
179 2761 382 2813 viderunt
406 2760 579 2818 Lipsius
606 2769 647 2802 et
668 2760 879 2821 Pichepa.

16 2846 22 2852 ·
110 2830 317 2875 CAP.12.
378 2833 663 2874 Neroneum.
722 2831 799 2873 Sic
834 2830 936 2884 MS.

55 2887 172 2930 Flor.
211 2895 328 2941 (test.
361 2887 500 2943 Vici.)
534 2887 631 2931 edd.
664 2888 780 2945 Spir.
816 2888 936 2946 Lips.

54 2960 151 3003 sqq.
230 2946 460 2987 Neronem
505 2944 604 2986 MS.
637 2945 790 2989 Gne-Is.
836 2946 938 2988 edd.

55 3005 156 3046 Put.
189 3001 253 3044 M.
277 3011 318 3045 et
345 3001 396 3045 V.
420 3000 625 3044 Beroald.
663 3003 762 3046 Alc.
795 3003 937 3045 Rhen.

55 3061 157 3114 ΑΜ.
181 3088 194 3091 «
218 3059 285 3102 De
309 3076 355 3102 re
382 3059 439 3102 cf.
467 3059 531 3106 15,
556 3058 626 3100 74.

114 3116 274 3216 O4rfito.
333 3116 413 3160 Ed.
450 3115 567 3173 Spir.
610 3117 820 3170 Orphica.
881 3116 940 3160 cf.

113 3232 401 3286 testficanle.
466 3228 542 3272 Sc.
582 3230 627 3273 in
670 3240 941 3275 commenta-

55 3288 159 3339 riis,
189 3289 309 3331 unde
335 3287 441 3330 haee
463 3286 642 3330 Tacitus
669 3288 823 3332 hausit.

111 3346 301 3387 Iunium
343 3359 547 3387 triensem
590 3346 938 3388 transmissum.

55 3402 152 3445 h.e.
178 3402 492 3461 praeteritum,
523 3402 773 3459 neglectum
790 3433 802 3456 ,
825 3402 936 3445 obli-

57 3458 178 3501 vioni
226 3459 454 3501 traditum.
528 3459 586 3502 cf.
630 3461 672 3507 4,
705 3461 774 3501 21.
816 3463 942 3514 quod

57 3524 108 3556 ue
130 3517 334 3558 atrocius
356 3529 468 3558 vero
492 3519 765 3558 tramis-sum
776 3533 791 3567 ;
819 3517 858 3565 4,
873 3517 939 3558 55.

56 3574 334 3628 Hypaepeni
355 3607 364 3618 .
386 3603 395 3615 ·
417 3604 428 3614 .
459 3575 669 3617 tramissi
684 3582 733 3617 ut
760 3587 938 3628 parum

1018 1849 1187 1898 validi,¹
1247 1850 1310 1899 15,
1339 1848 1408 1891 31.
1450 1849 1616 1890 inania
1653 1852 1903 1892 transmit-

1017 1915 1192 1948 tuntur.
1256 1905 1370 1949 Hist.
1399 1906 1440 1958 4,
1468 1907 1512 1949 9.
1545 1908 1708 1949 oblivio
1740 1915 1903 1950 trans-

1015 1965 1159 2006 misit.
1740 1974 1742 1980 '

1068 2024 1162 2062 duo
1200 2021 1297 2062 iam
1329 2019 1567 2076 Torquati.
1638 2019 1698 2065 cf.
1734 2021 1801 2073 13,
1831 2022 1904 2066 35.

1067 2149 1234 2176 nomen
1248 2133 1452 2177 Iunium.
1501 2134 1578 2178 Sic
1598 2151 1621 2177 e
1643 2137 1901 2180 coniectura

1010 2190 1145 2249 Lipsii
1178 2191 1260 2233 edd
1315 2190 1440 2234 Pich.
1479 2207 1575 2249 sqq.
1615 2221 1674 2228 —
1730 2209 1902 2236 nomen

1010 2251 1219 2290 iunctum
1259 2247 1395 2290 MSS.
1433 2250 1557 2291 Flor.
1601 2250 1717 2303 (test.
1754 2251 1902 2308 Pich.)

1010 2305 1120 2364 Reg.
1155 2305 1269 2347 Bud.
1306 2306 1376 2347 ed.
1414 2306 1556 2362 Spin,
1599 2307 1654 2347 (li-2
1690 2323 1776 2362 qua
1808 2324 1901 2351 non

1010 2373 1130 2405 recte
1162 2362 1339 2404 tradidit
1365 2363 1608 2404 Ernestius.
1673 2363 1902 2407 Victorius
1925 2398 1927 2400 -

1010 2419 1227 2462 intactum
1282 2417 1462 2473 reliquit
1514 2433 1560 2462 η.
1612 2421 1738 2474 Iunii
1785 2431 1902 2473 turn,

1012 2476 1132 2518 (uod
1167 2484 1230 2518 est
1261 2476 1307 2518 in
1339 2475 1472 2518 MSS.
1507 2476 1624 2519 Harl.
1655 2479 1785 2522 Bodl.
1818 2481 1900 2522 Ies.

1012 2493 1162 2575 &uem
1190 2532 1292 2576 edd.
1318 2531 1419 2575 Put.
1441 2533 1508 2576 M.
1537 2543 1577 2575 et
1602 2535 1776 2579 V.'sser.
1803 2538 1902 2580 Ate.

1008 2590 1152 2632 Rhen.
1189 2589 1294 2633 Ald.
1326 2588 1444 2647 Lips.
1485 2590 1618 2634 Grut.
1689 2593 1737 2635 ln
1777 2609 1900 2637 mar-

1009 2648 1112 2706 gine
1128 2646 1299 2704 Lipsius
1319 2648 1468 2703 posuit
1484 2648 1693 2692 Ium'um.
1755 2649 1900 2707 Quae-

1009 2707 1123 2747 ritur
1163 2720 1219 2746 an
1268 2703 1445 2746 defendi
1491 2705 1631 2762 possit
1675 2707 1902 2773 scriptura

1007 2763 1239 2812 iunctum,
1273 2759 1318 2805 b.
1346 2778 1383 2804 e.
1420 2761 1485 2804 illi
1517 2763 1657 2805 mensi
1692 2764 1904 2815 inditum,

1011 2837 1074 2863 sc.
1104 2819 1306 2869 lunium,
1343 2819 1465 2876 quod
1499 2821 1602 2862 satis
1637 2836 1660 2862 e
1695 2830 1901 2865 contextu

1011 2884 1145 2934 patet.

1069 2945 1180 2988 CAP.
1207 2944 1273 2988 13.
1318 2945 1520 3002 foedum
1542 2962 1739 2990 armum.
1798 2949 1901 2992 MS.

1011 3004 1132 3046 Flor.
1174 3003 1292 3058 (test.
1332 3003 1467 3059 Vict.)
1498 3004 1697 3058 foedum
1731 3005 1779 3046 in
1811 3022 1900 3048 an·

1012 3076 1141 3102 num.

1070 3116 1355 3170 insignivere.
1390 3117 1604 3174 Ed.⁷Spir.
1629 3119 1907 3171 z'nsignucre.

1013 3174 1121 3216 Mox
1143 3173 1212 3215 ed.
1236 3174 1334 3217 Put.
1362 3175 1415 3218 V.
1440 3177 1667 3234 turbidine
1693 3191 1779 3232 pro
1797 3184 1903 3218 tm·-

1013 3234 1132 3273 bine.

1065 3288 1362 3343 pertulitque.
1451 3288 1552 3332 MS.
1601 3286 1755 3332 Guetf.
1803 3290 1904 3333 edd.

1014 3344 1114 3388 Pni.
1138 3346 1203 3388 Μ’.
1237 3355 1279 3387 et
1304 3346 1356 3388 V.
1375 3347 1674 3401 perculitqne.

1069 3405 1133 3444 ad
1158 3403 1302 3444 vicina
1331 3405 1446 3444 urbi.
1506 3402 1581 3446 Sic
1611 3402 1747 3446 MSS.
1780 3403 1814 3446 F
1819 3402 1907 3448 lor.

1013 3461 1128 3514 (test.
1165 3459 1304 3515 Viet.)
1348 3459 1455 3516 Reg.
1493 3461 1602 3517 Agr.
1646 3460 1745 3503 edd.
1783 3461 1903 3516 Spir.

1015 3517 1131 3572 Lips.
1151 3515 1281 3559 Grut.
1301 3515 1425 3559 Pich.
1442 3532 1538 3574 sqq.
1574 3515 1631 3560 cf.
1652 3517 1761 3559 Hist.
1778 3519 1819 3567 4,
1834 3520 1902 3562 46.
1931 3532 1938 3536 ”

1015 3573 1103 3618 lac.
1119 3572 1381 3620 Gronovius
1406 3576 1588 3619 testatur
1609 3573 1907 3620 inMS.F10r.

1217 3633 1401 3693 Ee2
