2164 3990
197 228 324 291 216
867 193 1370 284 ANNALIUM
1622 173 1625 179 “
1744 220 1966 258 mum.

1744 268 1795 304 A..
1814 263 1861 301 C.
1887 271 1890 277 ’
1906 267 1964 300 59.

140 421 145 429 λ
200 369 329 415 tum
362 354 659 415 libertate:
713 354 940 429 reliqua
975 372 1113 409 mox
1151 353 1239 410 ita'
1267 354 1533 429 provisa,
1574 365 1642 411 ut
1676 356 1827 413 ratio
1872 375 2053 432 quae-

202 452 401 501 stuum
444 451 502 503 et
541 439 850 500 necessitas
894 437 1303 510 erogationum
1349 439 1506 497 inter
1546 458 1606 494 se
1641 451 2052 514 congruerent.

205 525 644 600 Temperandas
665 525 839 599 plane
861 522 1317 598 publicanorum
1338 525 1678 600 cupidineS‚
1719 546 1795 581 ne
1828 546 1935 601 per
1966 536 2055 589 tot

201 630 391 669 annos
412 610 537 666 sine
565 609 802 686 querela
835 608 1084 666 tolerata
1122 608 1294 665 novis
1329 610 1747 668 acerbitatibus
1783 612 1859 667 ad
1897 611 2057 668 invi-

205 697 367 757 diam
390 706 704 754 verterent.

374 779 476 841 LI.
547 778 707 853 Ergo
755 778 940 836 edixit
979 779 1282 854 princeps,
1334 791 1402 837 ut
1442 781 1596 855 leges
1630 781 1911 857 cuiusque
1945 801 2062 857 pu·-

201 866 364 924 blici
382 867 641 923 occultae
666 865 739 920 ad
768 864 826 920 id
858 875 1087 939 tempus
1110 864 1639 939 proscriberentur:
1684 867 1925 922 omissas
1957 886 2061 942 pe-

203 952 442 1009 titiones
481 970 607 1006 non
640 950 796 1007 ultra
833 969 1058 1006 annum
1094 962 1484 1007 resumerent:
1538 949 1767 1011 Romae
1806 963 2062 1026 praetor,

203 1057 312 1113 per
330 1034 692 1111 provinciaS,
727 1034 831 1111 qui
857 1055 966 1110 pro
991 1047 1259 1110 praetore
1283 1047 1384 1093 aut
1407 1036 1646 1092 consule
1676 1047 1893 1106 essent,
1932 1037 2064 1094 iura

206 1123 484 1181 adversus
518 1121 866 1196 publicanos
897 1133 1056 1178 extra
1089 1121 1361 1178 ordinem
1389 1122 1728 1178 redderent:
1773 1121 2065 1179 militibus

205 1206 549 1263 immunitas
577 1218 930 1275 servaretur,
972 1206 1090 1262 nisi
1123 1207 1187 1262 in
1223 1206 1296 1263 iis
1329 1227 1478 1283 quae
1519 1217 2064 1271 venolexercerent:

205 1291 437 1368 aliaque
474 1292 797 1361 admodum
823 1311 1037 1368 aequa,
1081 1313 1230 1369 quae
1267 1293 1434 1348 brevi
1468 1303 1726 1362 servata,
1766 1291 1907 1348 dein
1939 1293 2070 1350 fru-

206 1388 326 1434 stra
359 1373 562 1443 habita
596 1389 750 1437 sunt.
834 1388 1035 1434 manet
1068 1389 1268 1434 tamen
1307 1377 1551 1434 abolitio
1592 1377 2069 1453 quadragesimae

208 1461 869 1539 quinquagesimaeque,
937 1475 992 1521 et
1034 1483 1182 1539 quae
1230 1463 1345 1520 alia
1382 1463 1780 1527 exactionibus
1823 1462 2068 1527 inlicitis

207 1548 458 1605 nomina
489 1549 794 1624 publicani
828 1549 1198 1610 invenerant.
1295 1546 1657 1623 Temperata
1682 1549 1840 1623 apud
1874 1559 2069 1606 trans-

209 1633 471 1706 marinas
515 1634 851 1709 provincias
887 1634 1172 1698 frumenti
1206 1633 1541 1703 subvectio,
1591 1643 1765 1690 et'ne
1800 1633 2071 1694 censibus

209 1719 642 1793 negotiatorum
674 1738 861 1776 naves.
878 1719 1350 1777 adscriberentur
1371 1718 1779 1796 tributumque
1809 1739 1920 1795 pro
1950 1718 2074 1784 illis,

212 1806 568 1881 penderent,
611 1805 1012 1865 constitutum.

215 2046 428 2107 Priorum
478 2047 729 2092 editionum
775 2048 894 2107 Spir.
941 2048 1109 2092 omittit
1179 2048 1380 2098 vincias,
1411 2056 1454 2092 et
1478 2047 1583 2091 dein
1606 2047 1770 2107 pergit:
1811 2050 1896 2104 qui
1905 2063 1998 2102 pro
2019 2063 2075 2093 re

218 2106 389 2159 etiam,
418 2105 552 2149 habet
570 2122 676 2149 vero
701 2114 828 2157 tum,·
858 2105 960 2149 Put.
974 2105 1042 2148 M.
1067 2114 1110 2148 et
1181 2121 1242 2159 .p.
1278 2114 1365 2148 aut
1395 2120 1519 2148 cons.
1547 2115 1712 2150 essent.
1783 2105 1953 2150 Eadem
1981 2106 2080 2151 nisi

217 2158 276 2206 V.
326 2163 538 2207 Beroald.
587 2162 689 2208 Alc.
733 2163 905 2206 addunt
952 2164 1110 2212 etiam,
1179 2166 1226 2205 in
1254 2164 1328 2206 his
1360 2179 1479 2220 quae
1503 2178 1678 2206 veneno
1702 2178 1781 2207 ex.
1805 2179 1889 2220 pro
1911 2164 2009 2208 nisi
2025 2165 2077 2208 in

217 2220 434 2269 omittunt
489 2229 604 2265 tum.
695 2220 811 2266 Cod.
856 2220 966 2265 Urs.
1013 2221 1115 2263 acri
1182 2220 1268 2272 iis,
1309 2236 1431 2277 quae
1461 2236 1577 2263 veno
1615 2236 1695 2266 ex.
1771 2220 1883 2264 MS.
1920 2219 2074 2279 Guelf.

219 2277 367 2321 etiam
388 2285 489 2321 tum
506 2278 555 2322 Ρ.
579 2279 641 2322 R.
664 2281 766 2326 lib„
797 2278 922 2336 quod
951 2277 1110 2321 fortas·
1212 2293 1265 2321 ro
1283 2294 1414 2329 >veno
1450 2278 1702 2336 suppeditat
1729 2293 1932 2328 veneno,
1981 2279 2077 2338 ‚syl-

218 2351 266 2379 se
290 2351 445 2381 verum
465 2344 544 2379 est.
604 2336 706 2380 MS.
722 2334 872 2380 Guelf.
895 2351 949 2378 ac
971 2337 1114 2377 etiam
1181 2294 1285 2381 faba
1324 2351 1384 2381 ne
1423 2336 1743 2394 superscripta.
1819 2335 1955 2387 Idem,
1980 2337 2080 2385 alia

200 2395 383 2449 ‘populi¹
433 2394 644 2438 Romani
699 2409 805 2436 cum
875 2394 1112 2436 libertate.
1185 2393 1271 2450 que
1306 2409 1390 2451 pro
1423 2396 1632 2449 aliaque,
1680 2410 1784 2437 mox
1813 2408 1969 2451 aeque,
1990 2408 2077 2452 pro

217 2451 385 2495 Acrior
403 2453 597 2495 libertas
619 2451 780 2510 legitur
806 2449 937 2495 etiam
957 2449 1114 2502 Germ.
1186 2466 1355 2507 aequa.
1434 2501 1437 2504 Α
1656 2503 1658 2505 ¹

221 2525 262 2553 c.
284 2506 371 2552 3⁷.
423 2509 578 2551 acrius
602 2511 843 2552 servitium
870 2509 958 2553 An.
980 2507 1021 2558 6,
1043 2506 1114 2551 48.
1243 2511 1635 2564 quadragesimae
1650 2508 2082 2565 quinquagesimae-

277 2568 618 2621 erogationum.
705 2566 782 2610 Sic
813 2566 946 2610 MSS.
984 2565 1111 2608 Flor.
1188 2581 1288 2622 que.
1347 2565 1426 2609 Sic
1458 2566 1559 2610 edd.
1595 2565 1698 2610 Put.
1726 2566 1794 2610 M.
1820 2575 1864 2608 et
1890 2565 1944 2611 V.
1975 2567 2081 2611 Ber.

222 2626 348 2682 (test.
372 2613 689 2681 VictyGuelf.
722 2624 826 2667 edd.
849 2623 1114 2692 Rhen3sqq.
1188 2623 1290 2667 Alc.
1314 2622 1585 2691 Rhen3sqq.
1610 2648 1664 2658 —-
1720 2625 2083 2679 quadringente·-

220 2708 280 2718 --
302 2684 647 2736 errogatz'onum
672 2681 744 2725 ed.
766 2680 884 2738 Spir.
902 2709 961 2717 -
990 2696 1118 2724 zrro-
1189 2681 1342 2723 simae
1394 2681 1897 2737 qumquagesimaeque.
1940 2681 2082 2728 MSS.

221 2738 470 2793 gatianum
505 2739 606 2782 edd.
633 2738 737 2782 Put.
762 2739 833 2783 Μ.
868 2747 910 2782 et
933 2737 989 2783 V.
1013 2739 1116 2782 Ber.
1189 2738 1311 2782 Flor.
1335 2738 1452 2793 (test.
1470 2737 1606 2795 Viet.)
1625 2739 1799 2782 Vaticc.
1815 2738 2083 2785 1863.1864.

221 2796 329 2842 Alc.
1191 2803 1234 2838 et
1266 2795 1393 2838 1958.
1428 2793 1581 2838 Guelf.
1617 2795 1687 2839 ed.
1722 2795 1920 2854 Spir.-
1962 2812 2081 2854 qua-

281 2861 605 2909 congruerent.
692 2853 777 2897 Ed.
831 2854 953 2914 Spir.
1003 2867 1120 2898 con-
1188 2855 1549 2907 dsagieaetesimae
1586 2855 2086 2911 quinquagesimaeque

223 2918 409 2968 gruere.
1189 2910 1323 2954 MSS.
1356 2910 1477 2954 Harl.
1512 2910 1644 2956 Bodl.
1675 2911 1758 2955 les.
1839 2911 1911 2956 De
1939 2928 1988 2958 re
2021 2910 2084 2957 ef.

285 2971 616 3023 temperandas
647 2971 814 3024 plane.
881 2967 967 3012 Ed.
999 2968 1116 3026 Spir.
1190 2967 1365 3026 Lipsius
1386 2977 1428 3012 et
1447 2967 1680 3013 Ernestius
1701 2969 1756 3013 ad
1779 2969 1824 3014 h.
1849 2969 1880 3016 l.
1907 2977 1951 3012 et
1971 2969 2085 3013 Bur·

229 3034 264 3070 t.
296 3041 434 3075 sane,
477 3024 594 3070 haud
628 3027 795 3085 inepte.
862 3025 953 3069 Sed
981 3024 1025 3077 3,
1046 3024 1118 3068 34.
1193 3040 1346 3068 mann.
1370 3025 1425 3068 de
1442 3026 1616 3083 Vectig.
1634 3026 1755 3070 P.R.
1782 3044 1823 3072 c.
1846 3026 1887 3071 5.
1955 3058 1966 3071 .
1985 3026 2057 3071 65.

227 3086 351 3127 bella
404 3080 550 3141 pl'ane
607 3085 827 3128 accinctis
884 3085 1125 3125 obeunda:
1251 3084 1587 3127 exactionibus.
1657 3084 1734 3128 Sic
1754 3085 1855 3128 edd.
1878 3084 1919 3128 R
1951 3100 2084 3130 enan.

228 3145 311 3183 sed
344 3150 431 3185 ete.
512 3142 719 3201 Namque
743 3156 857 3185 sane
891 3140 1125 3193 concedit';
1193 3156 1293 3198 sqq.
1315 3165 1370 3174 --
1415 3155 1478 3183 ex
1501 3142 1792 3185 auctionibus
1812 3141 1947 3185 MSS.
1967 3141 2085 3188 Bud-

225 3201 367 3252 plane
399 3215 494 3242 non
515 3200 660 3243 solum
687 3198 921 3250 coneedit,
951 3198 1028 3242 sed
1050 3197 1124 3242 ad·
1195 3197 1347 3241 Guelf.
1370 3198 1471 3240 edd.
1498 3199 1614 3256 Spir.
1639 3199 1741 3243 Put.
1761 3198 1829 3242 M.
1853 3207 1898 3242 et
1922 3198 1977 3242 V.
2002 3198 2085 3242 Be-

232 3265 406 3300 severat
430 3260 585 3300 etiam:
616 3257 709 3301 sine
745 3256 898 3307 dubio,
927 3265 1094 3315 aperte.
1196 3255 1341 3299 roald.
1373 3259 1432 3311 (c.
1455 3255 1600 3299 silent.
1622 3255 1758 3314 Vict.)
1785 3255 1887 3301 Alc.
1910 3279 1962 3288 -—
2022 3269 2087 3300 ex

289 3315 628 3359 acerbitatibus.
675 3314 760 3359 Ed.
779 3312 897 3373 Spir.
920 3315 1124 3358 acivita-
1199 3314 1408 3355 auctione
1433 3314 1534 3357 MS.
1557 3313 1642 3361 les.
1671 3341 1731 3351 --
1788 3328 1852 3358 ex
1878 3313 2087 3360 auotori-

237 3370 370 3412 tibus.
1198 3372 1283 3414 bus
1305 3370 1408 3415 MS.
1431 3370 1564 3414 Bodl.

293 3439 406 3487 CAP.
437 3440 506 3484 51.
581 3445 804 3487 occultae.
873 3443 959 3488 Ed.
1006 3444 1038 3487 S
1073 3443 1127 3486 ir.
1243 3441 1492 3498 frumenti
1523 3441 1765 3484 subvectio.
1848 3440 1934 3486 Ed.
1965 3440 2089 3500 Spir.

239 3514 346 3549 cum
380 3497 482 3542 MS.
518 3497 672 3543 Guelf.
702 3504 889 3545 occulte.
959 3460 1128 3544 Eatiiem
1200 3498 1366 3542 omittit
1422 3513 1586 3545 vocem
1631 3498 1881 3555 frumenti.
1982 3499 2111 3544 M&

238 3555 310 3617 qd.
335 3554 454 3615 Spir.
476 3571 581 3602 mox
604 3557 769 3603 omittit
787 3574 882 3615 per¹
899 3568 1001 3605 ante
1014 3573 1130 3616 pro-
1200 3555 1354 3601 Guelf.
1379 3557 1579 3602 subvetio
1598 3571 1685 3615 pro
1708 3558 1947 3602 subvectio.
2004 3556 2087 3604 Ce-
