2164 3990
586 211 763 273 LIB.
799 209 1000 271 xm*
1041 178 1238 270 CAP.
1270 209 1328 270 6.
1363 208 1422 269 7.
1803 210 1930 269 239

81 361 199 408 tate
219 349 398 405 deum
423 355 480 402 et
505 344 745 400 fortuna
770 340 895 397 eius
925 340 1172 397 evasisse
1199 359 1436 413 gravem
1459 357 1687 396 casum:
1744 359 1932 408 orare,

80 447 147 492 ut
173 431 440 511 quamvis
465 428 727 505 periculo
749 426 956 482 matris
985 426 1296 482 exterritus
1319 424 1551 481 visendi
1577 444 1776 480 curam
1812 425 1932 480 dif-

78 521 280 576 ferret:
325 516 440 571 sibi
465 516 538 570 ad
567 531 843 588 praesens
867 511 1060 587 quiete
1084 530 1250 585 opuS.
1337 504 1534 585 Atque
1564 507 1803 566 interim
1837 527 1930 565 se-

78 604 325 661 curitate
352 600 623 656 simulata
650 597 1044 652 medicamina
1067 595 1303 652 vulneri
1329 605 1384 651 et
1407 596 1666 651 fomenta
1695 594 1931 670 corpori

79 685 347 746 adhibet:
405 694 823 742 testamentum
847 678 1205 738 Acerroniae
1242 678 1467 757 requiri
1511 679 1785 757 bonaque
1822 679 1933 736 oh-

77 766 294 847 signari
319 771 502 830 iubet.
589 768 652 824 id
675 778 906 825 tantum
930 787 1054 822 non
1078 786 1184 841 per
1209 764 1664 824 simulationem.

245 877 382 938 VII.
426 873 508 935 At
531 874 759 932 Neroni
784 874 1028 932 nuntios
1051 872 1267 948 patrati
1294 872 1575 929 facinoris
1599 871 1933 947 opperienti

78 968 341 1025 adfertur
368 962 614 1020 evasisse
641 962 760 1018 ictu
783 960 904 1017 levi
928 959 1185 1016 sauciam
1211 969 1267 1015 et
1291 954 1575 1015 hactenus
1611 957 1770 1014 adito
1808 958 1932 1015 dis-

78 1052 354 1120 crimine,
396 1069 472 1104 ne
508 1059 713 1104 auctor
741 1045 1126 1103 dubitaretur.
1214 1041 1376 1100 Tum
1403 1062 1621 1118 pavore
1644 1042 1932 1100 exanimis

78 1150 136 1195 et
160 1138 278 1193 iam
300 1136 534 1210 iamque
562 1134 763 1188 adfore
788 1131 1086 1190 obtestans
1110 1127 1403 1184 vindictae
1428 1148 1768 1210 properam,
1809 1128 1933 1186 sive

77 1221 312 1279 servitia
338 1229 590 1276 armaret
615 1217 711 1274 vel
731 1215 980 1274 militem
1003 1214 1370 1282 accenderet,
1413 1214 1536 1274 sive
1563 1215 1638 1270 ad
1662 1225 1932 1271 senatum

77 1320 135 1365 et
163 1305 452 1382 populum
483 1303 861 1378 pervaderet,
904 1298 1279 1372 naufragium
1316 1310 1373 1355 et
1403 1299 1622 1355 vulnus
1659 1311 1716 1357 et
1746 1299 1934 1356 inter-

76 1395 255 1450 fectos
293 1389 512 1446 amicos
552 1386 909 1447 obiiciendo,
998 1385 1158 1463 quod
1191 1394 1394 1441 contra
1434 1385 1763 1442 subsidium
1794 1384 1935 1456 sihi,

167 206 219 252 A.
239 212 292 248 U.
311 210 395 245 813.

168 257 218 292 Α.
239 254 285 291 C.
333 256 395 290 00.

1042 1588 1242 1636 tionem,
1283 1596 1325 1630 et
1352 1586 1459 1631 MS.
1492 1586 1603 1645 Reg.
1635 1586 1706 1630 ed.
1730 1585 1847 1642 spir.
1883 1587 1935 1629 id

1042 1652 1228 1686 tantum
1247 1660 1332 1699 per
1354 1647 1717 1688 simulationem.
1762 1645 1815 1687 In
1837 1642 1936 1688 aliis

1041 1718 1220 1760 quoque
1255 1702 1365 1746 loeis
1388 1702 1584 1745 formula
1610 1701 1681 1745 illa
1706 1701 1763 1744 ita
1790 1702 1932 1745 muti-

1040 1759 1125 1803 lata
1157 1767 1245 1812 est,
1275 1768 1322 1802 ut
1349 1760 1562 1816 particula
1581 1759 1780 1817 negativa
1801 1759 1933 1802 omit·

1040 1825 1245 1916 {gn-etun!
1290 1817 1362 1917 ¹ef.
1408 1818 1658 1876 interprett.
1715 1816 1771 1859 ad
1812 1816 1933 1860 Ptin.

1083 1890 1163 1918 ane
1200 1906 1211 1916 .
1252 1904 1263 1916 .
1308 1905 1319 1918 .

1102 1891 1213 1976 CA}
1238 1931 1282 1974 7.
1330 1930 1580 1987 sacitwris.
1627 1930 1744 1975 MS.
1781 1929 1934 1976 Guelf.

1028 1988 1311 2044 sacionoris.

1100 2047 1372 2102 opperienti.

75 1593 213 1649 ligant
235 1596 360 1634 ratu.
420 1587 510 1631 Sed
530 1588 816 1632 commodius
841 1586 970 1630 intel·

76 1649 228 1708 ligitur
262 1648 451 1692 verbum
487 1645 682 1689 finitum.
755 1648 967 1690 Ceterum

75 1708 133 1752 cs.
156 1715 251 1749 not.
275 1704 328 1747 ad
351 1703 394 1759 3,
421 1704 485 1746 16.
511 1704 593 1746 sub
618 1719 663 1746 v.
687 1706 812 1754 apud
831 1717 968 1746 sena·

75 1773 190 1807 tum.
250 1762 392 1804 Video
418 1769 460 1804 et
478 1759 802 1816 Kiesslinginm
834 1759 969 1804 resti-

77 1823 212 1867 tuisse
233 1819 466 1874 misitque.

121 1879 326 1935 fortuna
350 1879 463 1919 eius,
516 1877 602 1918 lnt.
617 1873 825 1919 Neronis.
868 1873 966 1917 Ete-

77 1939 171 1980 nim
195 1936 299 1992 Agr.
334 1932 587 1976 adulatione
617 1931 806 1975 salutem
842 1947 971 1974 suam

74 1995 127 2037 ad
149 1992 379 2034 fou-tunam
400 1989 479 2032 filii
507 1989 750 2039 referebat,
780 1997 829 2031 ut
848 1988 970 2031 Clas-

73 2051 267 2095 sicianus
298 2062 511 2104 prospera
538 2046 745 2090 Suetonii
780 2046 835 2089 ad
867 2045 969 2088 for-

73 2119 230 2152 tunam
254 2106 315 2148 rei
339 2105 570 2162 publicae,
600 2104 707 2147 infr.
730 2120 771 2148 c.
797 2103 867 2146 38.
895 2104 928 2147 f.

127 2172 316 2206 tantum
351 2175 461 2205 non.
523 2160 696 2204 Graece
727 2156 880 2219 μόνον
914 2158 969 2204 οὗ

75 2224 145 2269 vel
175 2217 326 2279 μόνον
363 2217 487 2276 οὐχί,
531 2218 576 2263 h.
599 2235 637 2261 e.
661 2219 777 2270 sere,
813 2235 967 2277 paene,

75 2278 422 2339 propemodum.
491 2276 550 2322 cf.
594 2275 745 2333 Viger.
790 2292 830 2320 c.
866 2276 965 2319 Vll.

77 2346 185 2381 sect.
219 2337 262 2378 9.
302 2350 395 2391 reg.
435 2334 476 2376 8.
536 2334 724 2377 Sueton.
756 2333 859 2377 Tib.
895 2336 966 2377 11.

77 2397 146 2438 52.
189 2394 258 2436 67.
325 2391 482 2438 Claud.
531 2391 603 2434 38.
667 2390 841 2434 Domit.
893 2391 964 2434 15.

73 2451 302 2495 Schwarz.
343 2448 398 2492 ad
443 2447 559 2491 Plin.
603 2448 768 2504 Paneg.
816 2448 887 2499 23,
929 2453 967 2492 1.

1472 2044 1556 2089 Ed.
1616 2044 1738 2104 Spir.
1804 2061 1933 2089 more

1042 2120 1123 2146 suo
1180 2104 1419 2157 operienti.
1514 2102 1681 2146 Eadem
1739 2104 1934 2158 offertur

1041 2159 1697 2262 {imfi32f⁶<⁴issizrzove¹ssiss2¹s¹i
1735 2177 1803 2263 '1⁹11'
1807 2163 1934 2264 ‘Bisa

1041 2275 1237 2375 Figiit'to.
1325 2332 1402 2376 Sic
1451 2331 1586 2376 MSS.
1633 2332 1758 2378 Flor.
1814 2334 1933 2389 (test.

1039 2388 1178 2445 Vict.)
1205 2389 1358 2433 Guelf.
1393 2390 1493 2433 edd.
1524 2390 1725 2434 Rhenan.
1747 2407 1846 2449 sqq.
1876 2414 1935 2425 —-

1039 2449 1203 2489 addito
1227 2448 1329 2489 edd.
1355 2446 1457 2489 Put.
1482 2447 1534 2488 M
1574 2457 1615 2490 et
1639 2447 1694 2490 V.
1720 2447 1932 2492 Beroald.

76 2508 286 2552 Gronov.
318 2514 360 2549 et
390 2504 618 2551 Drakenb.
651 2505 705 2548 ad
739 2505 830 2548 Liv.
853 2507 895 2557 4,
919 2506 965 2550 2.

74 2565 301 2610 Sententia
335 2572 425 2606 est:
466 2563 823 2619 obsignationem
862 2563 967 2620 qui-

73 2625 175 2666 dem
221 2622 411 2672 iussam,
463 2619 678 2663 hactenus
721 2627 870 2662 tamen
915 2630 965 2665 nt

73 2695 230 2738 parum
278 2695 301 2721 a
345 2678 587 2720 simulacro
639 2676 964 2734 obsignationis

59 2754 145 2790 'res
177 2735 380 2781 abfuerit.
439 2734 612 2780 Cuncta
640 2734 759 2776 enim
794 2734 963 2792 Agrip-

75 2794 179 2852 pina
202 2793 381 2851 agebat,
413 2799 622 2849 tanquam
654 2791 837 2834 insidias
872 2807 966 2835 non

71 2850 339 2907 intelligeret
363 2864 655 2906 securamque
680 2865 725 2891 se
749 2848 966 2892 crederet.

72 2910 136 2952 lta
159 2907 290 2951 etiam
322 2923 473 2949 rerum
500 2905 776 2949 Acerroniae
810 2921 967 2949 curam

73 2965 161 3023 egit
177 2965 224 3008 iu
251 2963 472 3007 defunctis
495 2963 698 3014 solitam,
727 2971 776 3005 ut
799 2963 966 3006 securi·

74 3030 208 3066 tatem
264 3028 508 3064 ostentaret
569 3037 654 3063 nec
720 3020 965 3078 quidquam

71 3079 320 3129 omitteret,
372 3078 494 3145 quod
525 3077 742 3120 omissum
778 3077 964 3121 terroris

71 3153 117 3180 se
168 3144 213 3178 et
265 3135 332 3178 rei
387 3133 639 3178 intellectae
689 3134 964 3179 convincere

73 3201 238 3250 posset.
299 3192 387 3235 Alii
411 3199 596 3234 tantum
617 3205 715 3233 non
737 3192 823 3234 hoc
857 3191 960 3234 loco

73 3249 297 3308 accipiunt
343 3266 427 3308 pro
477 3252 804 3290 tantummodo
847 3262 960 3299 non,

73 3315 124 3350 ut
150 3307 366 3350 sententia
397 3306 477 3349 sit:
518 3307 568 3347 id
587 3321 733 3347 unum
754 3320 854 3347 non
872 3320 962 3360 per

70 3364 415 3406 simulationem
436 3364 568 3419 fecit.
628 3362 715 3405 Sed
751 3362 837 3406 hoc
862 3378 957 3405 non

71 3420 183 3461 inest
205 3419 423 3464 sorfrmlae
455 3427 638 3461 tantum
670 3434 792 3468 non,
833 3420 959 3462 cuius

70 3476 314 3533 ignorantia
338 3477 468 3521 etiam
495 3476 666 3535 peperit
688 3477 957 3534 scripturam

73 3534 174 3577 eod.
200 3532 351 3580 Guelf.
372 3536 422 3578 id
452 3542 611 3578 tamen
634 3548 725 3589 per
753 3535 955 3577 simula-

1041 2504 1141 2547 Alc,
1159 2536 1172 2552 ‚
1211 2504 1274 2546 uti
1307 2512 1370 2546 est
1394 2504 1439 2546 in
1465 2504 1568 2548 MS.
1595 2504 1707 2548 Bud.
1730 2504 1932 2562 aliisque.

1039 2559 1208 2604 Totum
1235 2561 1387 2605 locum
1411 2561 1525 2604 male
1548 2561 1772 2620 refingunt
1794 2561 1930 2609 MSS.

1039 2616 1147 2675 Reg.
1180 2617 1315 2661 Corb.
1354 2618 1422 2660 ed.
1452 2618 1572 2677 Spir.
1617 2626 1663 2661 et
1705 2621 1935 2665 hactenus

1036 2676 1199 2717 addito
1235 2676 1507 2717 discrimine
1539 2683 1704 2718 auctor
1742 2679 1934 2721 dubita-

1034 2740 1128 2783 ret,
1161 2733 1436 2790 eandemque
1457 2734 1677 2776 rationein
1704 2731 1934 2779 Victorius

1040 2808 1062 2833 e
1100 2791 1202 2833 MS.
1225 2789 1351 2832 Flor.
1389 2790 1647 2846 adnotavit,
1686 2791 1768 2834 nisi
1808 2793 1932 2850 quod

1039 2848 1172 2890 adito
1216 2847 1289 2890 dat
1324 2862 1404 2905 pro
1439 2848 1615 2890 addito.
1684 2847 1784 2892 MS.
1817 2850 1930 2907 Agr..

1040 2905 1203 2947 addito
1224 2904 1492 2947 discrimine
1517 2912 1679 2947 auctor
1697 2906 1930 2955 dubitare.

1039 2962 1187 3006 Facile
1221 2961 1434 3018 intelligis
1475 2961 1523 3004 in
1553 2961 1673 3005 hisce
1711 2962 1837 3006 libris
1867 2978 1932 3005 no

1036 3021 1299 3075 absorptum
1332 3034 1427 3061 esse
1461 3033 1484 3060 a
1507 3035 1614 3061 voce
1630 3020 1931 3076 praecedenti,

1035 3085 1076 3120 et
1099 3074 1460 3118 terminationem
1484 3091 1541 3117 ur
1559 3075 1602 3118 in
1640 3078 1934 3122 dubitaretur·

1034 3133 1216 3191 periisse
1240 3134 1296 3174 ob
1321 3132 1641 3190 compendium
1665 3134 1950 3192 scripturae„

1033 3191 1145 3234 Cod.
1189 3190 1291 3233 MS.
1334 3188 1484 3234 Guelf.
1527 3189 1601 3234 hic
1638 3190 1752 3234 bene
1793 3207 1929 3236 sanus

1032 3258 1109 3292 est.

1088 3305 1352 3347 subsidium.
1415 3304 1491 3347 Sic
1512 3303 1614 3348 MS.
1640 3303 1790 3349 Guelf.
1825 3307 1927 3352 edd..

1033 3362 1135 3405 Put.
1172 3361 1236 3402 M.
1263 3370 1303 3403 et
1327 3360 1384 3403 V.
1408 3361 1614 3405 Beroald.
1649 3363 1710 3418 (c.
1747 3362 1928 3408 silentio

1035 3419 1172 3472 vict.)
1199 3418 1298 3462 Alc.
1324 3418 1468 3461 Rhen.
1491 3434 1588 3517 sqq.
1648 3419 1925 3475 suffragium

1031 3477 1101 3519 ed.
1135 3475 1254 3532 Spir.
1294 3475 1417 3532 quod
1451 3491 1526 3517 mu
1549 3476 1603 3518 tis
1642 3476 1808 3534 placuit
1842 3494 1925 3522 nec

1030 3533 1273 3577 absurdum
1298 3548 1391 3577 esse
1416 3532 1606 3581 videtur.
1667 3533 1781 3578 Nam
1816 3535 1926 3591 sus-
