2164 3990
1224 0 1242 29 θ

1760 197 1807 232 Α.
1827 197 1879 233 Π;
1905 197 1989 231 819.

1760 239 1811 275 Α.
1835 239 1880 277 C.
1929 241 1990 275 δῦ.

228 206 352 265 436
883 175 1405 264 ANNAIAUM

236 345 409 391 omne
458 334 799 390 mortalium
829 343 1024 406 'genus
1067 333 1156 388 vis
1200 333 1574 409 pestilentiae.
1614 333 2081 409 depopulabatur

235 420 400 476 nulla
428 419 577 476 coeli
601 416 973 493 intemperie,
1017 438 1165 493 quae
1188 429 1516 497 occurreret
1538 417 1743 477 oculiS.
1829 420 1931 475 sed
1969 419 2080 475 do·-

235 524 369 561 mus
396 505 738 579 corporibus
768 503 1078 572 exanimiS‚
1120 503 1332 559 itinera
1360 503 1667 585 fun‘eribus
1704 503 2082 578 compleban-

235 599 349 648 tur.
445 609 570 644 non
623 608 818 658 sexuS‚
882 609 1006 644 non
1052 599 1207 644 aetas
1249 587 1510 662 periculo
1559 608 1759 646 vacua.
1845 588 2082 645 servitia

235 674 480 751 perinde
512 685 566 728 et
594 673 849 745 ingenua
881 674 1080 748 plebes
1111 668 1653 748 raptim'exstingui
1684 673 1840 728 inter
1874 673 2082 730 coniu-

235 780 374 834 gum
419 771 474 815 et
511 759 838 815 liberorum
875 760 1157 826 lamenta,
1211 757 1344 834 qui,
1397 758 1541 813 dum
1586 757 1886 828 adsident,
1937 759 2081 814 dum

236 846 484 913 deflent,
535 863 704 918 saepe
734 845 941 900 eodem
975 862 1116 916 rogo
1156 843 1583 900 cremabantur.
1667 839 1953 918 Equitum
1992 863 2084 898 se·-

190 926 193 937 ’
233 942 624 1004 natorumque
660 928 933 986 interitus
968 928 1234 1005 quamvis
1269 927 1592 1003 promiscui
1623 929 1823 990 minus
1855 928 2082 1001 ‘flebiles

206 1022 208 1024 ’
235 1026 430 1083 erant,
487 1025 770 1090 tanquam
803 1014 1105 1071 communi
1134 1013 1490 1071 mortalitate
1528 1011 1829 1068 saevitiam
1855 1011 2083 1087 princi-

210 1101 321 1176 -pis
365 1100 793 1174 praevenirent.
889 1097 1119 1155 Eodem
1167 1118 1324 1155 anno
1368 1098 1625 1154 delectus
1668 1117 1774 1172 per
1821 1095 2082 1153 Galliam

229 1183 679 1242 Narbonensem
703 1179 1083 1261 Africamque
1114 1195 1169 1241 et
1195 1180 1399 1240 Asiam
1424 1178 1614 1239 habiti
1640 1193 1778 1238 sunt
1802 1183 2084 1257 supplen-

231 1270 325 1327 dis
354 1268 580 1346 Illyrici
614 1271 978 1344 legionib11S‚
1037 1290 1103 1326 ex
1141 1269 1355 1346 quibus
1391 1279 1576 1325 aetate
1611 1278 1712 1325 aut
1744 1267 2083 1324 valetudine

229 1355 367 1411 fessi
416 1367 777 1412 sacramento
830 1356 1227 1414 solvebantur.
1340 1351 1584 1411 Cladem
1626 1352 2084 1426 Lugdunensem

231 1441 577 1517 quadragies
609 1441 869 1497 sestertio
897 1442 1115 1497 solatus
1137 1451 1223 1497 est
1249 1440 1555 1515 princepS,
1597 1449 1664 1494 ut
1700 1438 1910 1493 amissa
1944 1438 2084 1500 urbi

227 1523 611 1602 reponerent:
672 1547 849 1603 quam
883 1525 1196 1609 pecuniam
1222 1524 1647 1599 Lugdunenses
1682 1533 1817 1579 ante
1851 1523 2084 1579 obtule-

227 1624 362 1669 rant
385 1611 639 1689 turbidis
665 1612 914 1670 casibUS.

226 1860 378 1919 priore
413 1875 549 1901 manu
587 1858 804 1916 scriptum
848 1857 981 1901 fuisse
1022 1873 1121 1900 nie-

226 1919 339 1963 m'u:
375 1925 416 1959 et
438 1921 501 1957 aci
523 1917 714 1957 moenia
737 1917 863 1958 urbis
888 1916 1050 1971 legitur
1075 1917 1121 1957 in

225 1974 361 2017 MSS.
399 1972 523 2015 Harl.
559 1973 689 2015 Bodl.
718 1973 801 2016 les.
826 1972 982 2017 Guelf.
1018 1973 1120 2016 edd.

225 2031 328 2074 P'ut.
357 2031 418 2073 M.
447 2038 489 2072 et
517 2030 568 2072 V.
591 2030 692 2071 Ber.
717 2030 814 2072 Alc.
841 2030 986 2072 Rhen.
1013 2030 1119 2072 Ald.

225 2089 398 2158 Gryph.
436 2111 493 2120 —·
553 2090 617 2129 ad
639 2088 828 2129 moenia
851 2089 997 2128 vicina
1021 2088 1128 2128 urbi

205 2147 329 2191 .MS.
355 2145 469 2188 Bud.
516 2168 566 2178 --
626 2143 697 2187 De
729 2144 828 2187 MS.
855 2143 1002 2187 Oxou.
1035 2145 1123 2186 tac.

226 2202 446 2247 Gronovii
496 2218 588 2244 non
634 2209 756 2244 recte
805 2201 987 2245 tradidit
1032 2201 1121 2243 Er·-

226 2260 421 2310 nesfius,
452 2260 575 2317 quasi
603 2258 852 2302 consentiat
876 2274 980 2300 cum
1003 2258 1120 2301 Bud.

228 2319 375 2360 Immo
412 2318 495 2361 lac.
519 2315 782 2360 Gronovius
814 2316 978 2358 diserte
1011 2314 1121 2359 dicit

226 2375 288 2418 ibi
328 2390 422 2417 esse
463 2377 527 2415 ad
566 2375 753 2415 moenia
791 2373 944 2422 urbis,
997 2372 1119 2432 quod

226 2432 319 2490 ipse
348 2433 522 2491 probat.
583 2430 708 2473 Idem
729 2430 960 2473 Ernestius
994 2431 1120 2474 urbis

226 2489 369 2532 inesse
434 2488 536 2531 MS.
597 2487 866 2531 Florentino
925 2489 1121 2546 putabat,

225 2546 350 2606 quod
382 2561 517 2589 nemo
548 2561 754 2604 unquam
778 2553 879 2589 ante
904 2546 1122 2603 prodide-

226 2612 307 2647 rat.
372 2604 517 2646 Immo
546 2611 641 2646 test.
669 2603 785 2647 vict.
820 2602 880 2646 ibi
911 2611 975 2646 est
1006 2603 1123 2654 urbi,

261 2661 349 2705 uod
397 2661 529 2703 etiam
571 2658 769 2718 Ryckius
811 2659 968 2712 babet3
1031 2660 1120 2704 Iac.

267 2717 491 2763 ‘ronovius
544 2718 599 2760 de
644 2716 727 2761 bae
771 2733 878 2761 voce
925 2717 1122 2763 incertus

227 2784 344 2828 erat,
393 2777 495 2834 quia
529 2774 639 2818 nihil
674 2775 978 2820 adnotaverat.
1045 2775 1123 2819 Est

228 2834 374 2876 etiarn>
410 2849 537 2876 error
592 2831 646 2874 de
688 2832 791 2875 MS.
832 2832 949 2876 Bud.
1004 2833 1122 2891 apud

227 2890 266 2933 R
301 2890 452 2935 ckium
493 2898 535 2933 et
568 2890 849 2940 Broterium,
899 2890 976 2947 qui
1015 2890 1122 2933 inde

227 2965 253 2993 a
287 2948 435 2991 ferunt
461 2952 526 2989 ad
547 2947 736 2989 moenia
760 2949 923 2990 vicium
946 2949 1063 2992 urbi.

283 3046 671 3100 depopulabatur.
693 3066 700 3072 ·
730 3044 865 3088 MSS.
888 3043 1016 3088 Bodl.
1042 3044 1122 3089 les.

222 3105 587 3158 populabantur.
624 3101 774 3145 Guelf.
793 3105 1121 3156 populabatur.

286 3210 560 3246 occurreret.
619 3203 718 3246 MS.
732 3200 880 3246 Guelf.
903 3211 1122 3246 occurret.

285 3295 476 3358 perinde
502 3312 555 3345 et.
619 3303 695 3347 Sic
708 3302 843 3347 MSS.
858 3304 980 3348 Flor.
1004 3298 1119 3359 (test.

231 3358 369 3413 Vict.)
401 3361 512 3418 Reg.
542 3360 678 3404 Corb.
710 3359 833 3404 Harl.
871 3361 970 3404 edd.
1002 3362 1121 3419 Spir.

230 3417 409 3460 Ernest.
459 3435 556 3475 sqq.
648 3417 708 3462 cf.
751 3419 791 3469 Ξ,
836 3420 879 3461 9.
926 3421 1124 3473 perinde

1193 1859 1366 1899 clarus.
1430 1853 1599 1898 Contra
1624 1854 1724 1899 edd.
1751 1839 1853 1897 Pu'rt.
1876 1851 1944 1897 M.
1967 1860 2011 1894 et
2023 1851 2085 1896 V.

1194 1912 1408 1956 Beroald.
1443 1912 1544 1956 Alc.
1579 1912 1720 1954 Rheu.
1754 1927 1774 1954 s
1809 1927 1852 1966 q.
1890 1912 2087 1966 perinde

1195 1987 1263 2014 ac.
1322 1971 1454 2012 MSS.
1481 1969 1596 2012 Bud.
1623 1978 1665 2013 et
1688 1967 1786 2012 Gue
1806 1969 1836 2012 f.
1864 1970 1992 2028 plane
2015 1984 2085 2012 ca-

1194 2036 1294 2071 rent
1318 2027 1496 2085 copula.

1252 2127 1521 2169 liberorum.
1555 2125 1656 2169 MS.
1673 2124 1823 2168 Guetf.
1846 2125 1946 2170 edd.
1964 2123 2083 2181 Spir-

1194 2184 1299 2227 Put.
1349 2184 1639 2226 libertorum.
1695 2206 1753 2217 —
1820 2181 1936 2225 Edd.
1982 2181 2083 2225 Ber.

1194 2257 1294 2300 sqq.
1323 2242 1380 2295 (c.
1405 2241 1550 2284 silent.
1575 2239 1716 2295 Viet.)
1737 2241 2012 2282 liberorum.

1244 2355 1590 2410 praevenirent.
1650 2354 1755 2398 MS.
1792 2351 1944 2396 Guelf.
1970 2365 2085 2407 per-

1191 2414 1416 2456 venirent.

1250 2515 1469 2557 delectus.
1550 2511 1649 2557 MS.
1681 2511 1796 2556 Bud.
1830 2510 1930 2554 edd.
1963 2509 2084 2570 Lips-

1195 2571 1328 2616 Grut.
1357 2574 1562 2614 detectus.
1603 2593 1661 2603 ——
1720 2569 1832 2612 Mox
1861 2568 1934 2612 ed.
1965 2568 2084 2626 Spir-

1195 2630 1451 2685 Asiamque
1482 2643 1566 2685 pro
1600 2635 1646 2671 et
1670 2626 1836 2672 Asiam
1849 2643 1865 2677 ;
1905 2627 2085 2669 illiricis

1196 2703 1279 2747 pro
1314 2687 1501 2742 Illyrici.
1574 2688 1624 2728 ln
1662 2683 1763 2727 MS.
1799 2682 1952 2727 Guels.
1993 2699 2083 2726 sec.

1196 2760 1358 2788 manus
1380 2742 1548 2787 addidit
1569 2742 1680 2786 illud
1699 2756 1740 2786 s·

1251 2846 1562 2886 solvebantur.
1643 2841 1726 2886 Ed.
1765 2841 1886 2901 Spir.
1923 2842 2081 2884 salue-

1193 2903 1379 2954 bantur.
1421 2929 1478 2936 --
1538 2900 1646 2953 Mox
1682 2899 1961 2943 sextertium
1997 2913 2082 2956 pro

1194 2960 1423 3002 sestertio.
1483 2958 1563 3001 Ed.
1599 2958 1699 3001 Put.
1727 2958 1793 3001 M.
1827 2956 2085 3006 sexcenta,-

1195 3016 1293 3060 edd.
1320 3016 1419 3060 Put.
1446 3016 1499 3060 V.
1524 3032 1616 3074 sqq.
1641 3016 1871 3059 sestertio.
1916 3035 1920 3040 ·

1250 3133 1431 3174 cladem
1456 3132 1601 3186 Lugd.
1662 3131 1719 3175 cf.
1740 3131 1898 3176 senec.
1922 3145 1991 3187 ep.
2007 3128 2080 3172 92.

1250 3250 1530 3291 obtulerant.
1587 3248 1687 3291 MS.
1715 3247 1850 3292 Corb.
1877 3248 2082 3289 contule-

1193 3314 1324 3350 rant.
2098 3319 2100 3321 ’

1254 3422 1454 3464 turbidis
1479 3422 1671 3464 casibus.
1732 3419 1815 3462 Ed.
1840 3418 1959 3477 Spir.
1984 3426 2078 3462 tur-

231 3477 388 3516 odium
407 3480 571 3529 prm-129
597 3484 641 3517 et
671 3477 888 3518 honestis.
948 3475 1058 3519 [list.
1081 3479 1123 3525 4,
1186 3480 1324 3532 pidis.
1395 3478 1529 3523 MSS.
1566 3479 1685 3525 Harl.
1729 3478 1810 3521 les.
1854 3479 2078 3520 classibus

230 3531 303 3575 43.
349 3532 545 3585 perinde
590 3534 714 3575 dives
761 3540 817 3575 et'
857 3535 1120 3588 eloquentia

1192 3551 1273 3594 pro
1299 3537 1495 3580 casibus.
