<?xml version="1.0" encoding="UTF-8"?>
<!DOCTYPE html PUBLIC "-//W3C//DTD XHTML 1.0 Transitional//EN"
    "http://www.w3.org/TR/xhtml1/DTD/xhtml1-transitional.dtd">
<html xmlns="http://www.w3.org/1999/xhtml" xml:lang="en" lang="en">
 <head>
  <title>
</title>
<meta http-equiv="Content-Type" content="text/html;charset=utf-8" />
  <meta name='ocr-system' content='tesseract 3.04.00' />
  <meta name='ocr-capabilities' content='ocr_page ocr_carea ocr_par ocr_line ocrx_word'/>
</head>
<body>
  <div class='ocr_page' id='page_1' title='image "./operarecensuitet02taciuoft/operarecensuitet02taciuoft_0219.png"; bbox 0 0 2164 3990; ppageno 0'>
   <div class='ocr_carea' id='block_1_1' title="bbox 182 203 1952 277">
    <p class='ocr_par' dir='ltr' id='par_1_1' title="bbox 182 203 1952 277">
     <span class='ocr_line' id='line_1_1' title="bbox 182 203 1952 277; baseline 0.011 -22"><span class='ocrx_word' id='word_1_1' title='bbox 182 205 234 240; x_wconf 71' lang='lat' dir='ltr'>A·</span> <span class='ocrx_word' id='word_1_2' title='bbox 255 204 408 241; x_wconf 79' lang='lat' dir='ltr'><strong>U·⁸¹2·</strong></span> <span class='ocrx_word' id='word_1_3' title='bbox 558 206 731 267; x_wconf 93' lang='lat' dir='ltr'>LIB.</span> <span class='ocrx_word' id='word_1_4' title='bbox 763 204 932 267; x_wconf 88' lang='lat' dir='ltr'><strong>XIII.</strong></span> <span class='ocrx_word' id='word_1_5' title='bbox 1021 206 1215 268; x_wconf 80' lang='lat' dir='ltr'>CAP.</span> <span class='ocrx_word' id='word_1_6' title='bbox 1250 203 1353 268; x_wconf 87' lang='grc'>45.</span> <span class='ocrx_word' id='word_1_7' title='bbox 1383 205 1485 269; x_wconf 82' lang='grc'>46.</span> <span class='ocrx_word' id='word_1_8' title='bbox 1671 270 1675 277; x_wconf 85' lang='grc'>,</span> <span class='ocrx_word' id='word_1_9' title='bbox 1824 213 1952 276; x_wconf 74' lang='grc'>209</span> 
     </span>
    </p>
   </div>
   <div class='ocr_carea' id='block_1_2' title="bbox 182 248 405 286">
    <p class='ocr_par' dir='ltr' id='par_1_2' title="bbox 182 248 405 286">
     <span class='ocr_line' id='line_1_2' title="bbox 182 248 405 286; baseline -0.018 -1"><span class='ocrx_word' id='word_1_10' title='bbox 182 251 234 286; x_wconf 78' lang='lat' dir='ltr'>A.</span> <span class='ocrx_word' id='word_1_11' title='bbox 250 248 301 285; x_wconf 87' lang='lat' dir='ltr'>C.</span> <span class='ocrx_word' id='word_1_12' title='bbox 345 248 405 282; x_wconf 79' lang='lat'>59.</span> 
     </span>
    </p>
   </div>
   <div class='ocr_carea' id='block_1_3' title="bbox 0 331 1951 1860">
    <p class='ocr_par' dir='ltr' id='par_1_3' title="bbox 55 331 1951 1519">
     <span class='ocr_line' id='line_1_3' title="bbox 55 331 1950 416; baseline 0.003 -20"><span class='ocrx_word' id='word_1_13' title='bbox 55 337 58 340; x_wconf 63' lang='grc'>’</span> <span class='ocrx_word' id='word_1_14' title='bbox 95 338 391 416; x_wconf 82' lang='lat' dir='ltr'>pervertit.</span> <span class='ocrx_word' id='word_1_15' title='bbox 477 331 616 393; x_wconf 88' lang='lat' dir='ltr'>huic</span> <span class='ocrx_word' id='word_1_16' title='bbox 644 335 884 392; x_wconf 89' lang='lat' dir='ltr'>mulieri</span> <span class='ocrx_word' id='word_1_17' title='bbox 910 348 1118 394; x_wconf 83' lang='lat' dir='ltr'>cuncta</span> <span class='ocrx_word' id='word_1_18' title='bbox 1154 336 1269 394; x_wconf 87' lang='lat' dir='ltr'>alia</span> <span class='ocrx_word' id='word_1_19' title='bbox 1299 338 1464 393; x_wconf 88' lang='lat' dir='ltr'>fuere</span> <span class='ocrx_word' id='word_1_20' title='bbox 1497 349 1729 413; x_wconf 87' lang='lat' dir='ltr'>praeter</span> <span class='ocrx_word' id='word_1_21' title='bbox 1758 337 1950 401; x_wconf 74' lang='lat' dir='ltr'>hone-</span> 
     </span>
     <span class='ocr_line' id='line_1_4' title="bbox 94 421 1951 497; baseline 0.003 -15"><span class='ocrx_word' id='word_1_22' title='bbox 94 428 249 482; x_wconf 78' lang='lat' dir='ltr'>stum&#39;</span> <span class='ocrx_word' id='word_1_23' title='bbox 280 423 566 481; x_wconf 88' lang='lat' dir='ltr'>animum.</span> <span class='ocrx_word' id='word_1_24' title='bbox 653 421 871 497; x_wconf 84' lang='lat' dir='ltr'>quippe</span> <span class='ocrx_word' id='word_1_25' title='bbox 903 432 1092 477; x_wconf 89' lang='lat' dir='ltr'>mater</span> <span class='ocrx_word' id='word_1_26' title='bbox 1128 422 1252 480; x_wconf 91' lang='lat' dir='ltr'>eius</span> <span class='ocrx_word' id='word_1_27' title='bbox 1288 422 1490 479; x_wconf 87' lang='lat' dir='ltr'>aetatis</span> <span class='ocrx_word' id='word_1_28' title='bbox 1526 442 1663 480; x_wconf 88' lang='lat' dir='ltr'>suae</span> <span class='ocrx_word' id='word_1_29' title='bbox 1701 427 1951 486; x_wconf 88' lang='lat' dir='ltr'>feminas</span> 
     </span>
     <span class='ocr_line' id='line_1_5' title="bbox 90 504 1948 585; baseline 0.003 -20"><span class='ocrx_word' id='word_1_30' title='bbox 90 504 534 585; x_wconf 87' lang='lat' dir='ltr'>pulchritudine</span> <span class='ocrx_word' id='word_1_31' title='bbox 558 508 925 582; x_wconf 83' lang='lat' dir='ltr'>supergressa</span> <span class='ocrx_word' id='word_1_32' title='bbox 950 506 1198 579; x_wconf 85' lang='lat' dir='ltr'>gloriam</span> <span class='ocrx_word' id='word_1_33' title='bbox 1232 507 1452 582; x_wconf 87' lang='lat' dir='ltr'>pariter</span> <span class='ocrx_word' id='word_1_34' title='bbox 1477 519 1533 564; x_wconf 89' lang='lat' dir='ltr'>et</span> <span class='ocrx_word' id='word_1_35' title='bbox 1556 509 1810 568; x_wconf 87' lang='lat' dir='ltr'>formam</span> <span class='ocrx_word' id='word_1_36' title='bbox 1842 515 1948 570; x_wconf 77' lang='lat' dir='ltr'>de-</span> 
     </span>
     <span class='ocr_line' id='line_1_6' title="bbox 91 591 1947 668; baseline 0.003 -18"><span class='ocrx_word' id='word_1_37' title='bbox 91 594 275 654; x_wconf 84' lang='lat' dir='ltr'>derat.</span> <span class='ocrx_word' id='word_1_38' title='bbox 359 612 497 668; x_wconf 91' lang='lat' dir='ltr'>opes</span> <span class='ocrx_word' id='word_1_39' title='bbox 525 591 868 648; x_wconf 79' lang='lat' dir='ltr'>claritudini</span> <span class='ocrx_word' id='word_1_40' title='bbox 892 592 1118 664; x_wconf 88' lang='lat' dir='ltr'>generis</span> <span class='ocrx_word' id='word_1_41' title='bbox 1143 593 1525 652; x_wconf 88' lang='lat' dir='ltr'>sufficiebant.</span> <span class='ocrx_word' id='word_1_42' title='bbox 1613 614 1806 653; x_wconf 89' lang='lat' dir='ltr'>sermo</span> <span class='ocrx_word' id='word_1_43' title='bbox 1845 617 1947 655; x_wconf 89' lang='lat' dir='ltr'>co-</span> 
     </span>
     <span class='ocr_line' id='line_1_7' title="bbox 91 676 1947 754; baseline 0.003 -19"><span class='ocrx_word' id='word_1_44' title='bbox 91 679 204 735; x_wconf 87' lang='lat' dir='ltr'>mis</span> <span class='ocrx_word' id='word_1_45' title='bbox 233 699 341 735; x_wconf 91' lang='lat' dir='ltr'>nec</span> <span class='ocrx_word' id='word_1_46' title='bbox 375 678 701 735; x_wconf 88' lang='lat' dir='ltr'>absurdum</span> <span class='ocrx_word' id='word_1_47' title='bbox 738 676 1061 750; x_wconf 82' lang='lat' dir='ltr'>ingenium.</span> <span class='ocrx_word' id='word_1_48' title='bbox 1170 678 1514 734; x_wconf 80' lang='lat' dir='ltr'>modestiam</span> <span class='ocrx_word' id='word_1_49' title='bbox 1561 681 1858 754; x_wconf 85' lang='lat' dir='ltr'>praeferre·</span> <span class='ocrx_word' id='word_1_50' title='bbox 1890 695 1947 742; x_wconf 87' lang='lat' dir='ltr'>et</span> 
     </span>
     <span class='ocr_line' id='line_1_8' title="bbox 90 762 1944 841; baseline 0.002 -21"><span class='ocrx_word' id='word_1_51' title='bbox 90 763 345 836; x_wconf 65' lang='lat' dir='ltr'>lascivia„</span> <span class='ocrx_word' id='word_1_52' title='bbox 366 763 473 823; x_wconf 93' lang='lat' dir='ltr'>uti.</span> <span class='ocrx_word' id='word_1_53' title='bbox 574 782 743 818; x_wconf 89' lang='lat' dir='ltr'>rarus</span> <span class='ocrx_word' id='word_1_54' title='bbox 787 763 851 818; x_wconf 92' lang='lat' dir='ltr'>in</span> <span class='ocrx_word' id='word_1_55' title='bbox 894 762 1200 837; x_wconf 88' lang='lat' dir='ltr'>publicum</span> <span class='ocrx_word' id='word_1_56' title='bbox 1243 782 1503 836; x_wconf 87' lang='lat' dir='ltr'>egressus</span> <span class='ocrx_word' id='word_1_57' title='bbox 1535 764 1715 841; x_wconf 92' lang='lat' dir='ltr'>idque</span> <span class='ocrx_word' id='word_1_58' title='bbox 1751 767 1944 825; x_wconf 84' lang='lat' dir='ltr'>velata</span> 
     </span>
     <span class='ocr_line' id='line_1_9' title="bbox 88 848 1946 926; baseline 0.002 -21"><span class='ocrx_word' id='word_1_59' title='bbox 88 860 253 926; x_wconf 87' lang='lat' dir='ltr'>parte</span> <span class='ocrx_word' id='word_1_60' title='bbox 279 849 424 918; x_wconf 83' lang='lat' dir='ltr'>oriS,</span> <span class='ocrx_word' id='word_1_61' title='bbox 465 868 542 904; x_wconf 88' lang='lat' dir='ltr'>ne</span> <span class='ocrx_word' id='word_1_62' title='bbox 567 849 802 903; x_wconf 83' lang='lat' dir='ltr'>satiaret</span> <span class='ocrx_word' id='word_1_63' title='bbox 827 859 1123 923; x_wconf 86' lang='lat' dir='ltr'>aspectum</span> <span class='ocrx_word' id='word_1_64' title='bbox 1146 848 1241 903; x_wconf 86' lang='lat' dir='ltr'>vel</span> <span class='ocrx_word' id='word_1_65' title='bbox 1262 850 1400 924; x_wconf 81' lang='lat' dir='ltr'>quia</span> <span class='ocrx_word' id='word_1_66' title='bbox 1426 849 1506 905; x_wconf 92' lang='lat' dir='ltr'>sic</span> <span class='ocrx_word' id='word_1_67' title='bbox 1529 851 1785 911; x_wconf 84' lang='lat' dir='ltr'>decebat.</span> <span class='ocrx_word' id='word_1_68' title='bbox 1855 853 1946 909; x_wconf 74' lang='lat' dir='ltr'>fa-</span> 
     </span>
     <span class='ocr_line' id='line_1_10' title="bbox 87 932 1946 1010; baseline 0.003 -20"><span class='ocrx_word' id='word_1_69' title='bbox 87 954 218 991; x_wconf 89' lang='lat' dir='ltr'>mae</span> <span class='ocrx_word' id='word_1_70' title='bbox 243 954 550 1010; x_wconf 88' lang='lat' dir='ltr'>nunquam</span> <span class='ocrx_word' id='word_1_71' title='bbox 584 933 843 1008; x_wconf 85' lang='lat' dir='ltr'>pepercit</span> <span class='ocrx_word' id='word_1_72' title='bbox 870 932 1114 1003; x_wconf 80' lang='lat' dir='ltr'>maritos</span> <span class='ocrx_word' id='word_1_73' title='bbox 1153 944 1210 988; x_wconf 91' lang='lat' dir='ltr'>et</span> <span class='ocrx_word' id='word_1_74' title='bbox 1241 935 1536 991; x_wconf 86' lang='lat' dir='ltr'>adulteros</span> <span class='ocrx_word' id='word_1_75' title='bbox 1570 955 1694 992; x_wconf 90' lang='lat' dir='ltr'>non</span> <span class='ocrx_word' id='word_1_76' title='bbox 1729 937 1946 995; x_wconf 86' lang='lat' dir='ltr'>distin-</span> 
     </span>
     <span class='ocr_line' id='line_1_11' title="bbox 89 1011 1945 1095; baseline 0.002 -20"><span class='ocrx_word' id='word_1_77' title='bbox 89 1038 297 1092; x_wconf 83' lang='lat' dir='ltr'>guens:</span> <span class='ocrx_word' id='word_1_78' title='bbox 334 1039 525 1095; x_wconf 88' lang='lat' dir='ltr'>neque</span> <span class='ocrx_word' id='word_1_79' title='bbox 548 1019 802 1075; x_wconf 90' lang='lat' dir='ltr'>adfectui</span> <span class='ocrx_word' id='word_1_80' title='bbox 832 1038 937 1074; x_wconf 93' lang='lat' dir='ltr'>suo</span> <span class='ocrx_word' id='word_1_81' title='bbox 966 1029 1067 1073; x_wconf 88' lang='lat' dir='ltr'>aut</span> <span class='ocrx_word' id='word_1_82' title='bbox 1095 1017 1287 1074; x_wconf 88' lang='lat' dir='ltr'>alieno</span> <span class='ocrx_word' id='word_1_83' title='bbox 1317 1020 1597 1088; x_wconf 85' lang='lat' dir='ltr'>obnoxia,</span> <span class='ocrx_word' id='word_1_84' title='bbox 1639 1023 1800 1078; x_wconf 89' lang='lat' dir='ltr'>unde</span> <span class='ocrx_word' id='word_1_85' title='bbox 1815 1011 1945 1081; x_wconf 85' lang='lat' dir='ltr'>-uti-</span> 
     </span>
     <span class='ocr_line' id='line_1_12' title="bbox 87 1102 1947 1181; baseline 0.003 -21"><span class='ocrx_word' id='word_1_86' title='bbox 87 1105 221 1162; x_wconf 86' lang='lat' dir='ltr'>litas</span> <span class='ocrx_word' id='word_1_87' title='bbox 257 1107 686 1172; x_wconf 87' lang='lat' dir='ltr'>ostenderetur,</span> <span class='ocrx_word' id='word_1_88' title='bbox 729 1103 870 1158; x_wconf 90' lang='lat' dir='ltr'>illuc</span> <span class='ocrx_word' id='word_1_89' title='bbox 910 1102 1221 1157; x_wconf 88' lang='lat' dir='ltr'>libidinem</span> <span class='ocrx_word' id='word_1_90' title='bbox 1256 1106 1656 1165; x_wconf 81' lang='lat' dir='ltr'>transferebat.</span> <span class='ocrx_word' id='word_1_91' title='bbox 1757 1105 1947 1181; x_wconf 86' lang='lat' dir='ltr'>Igitur</span> 
     </span>
     <span class='ocr_line' id='line_1_13' title="bbox 87 1185 1947 1266; baseline 0.002 -21"><span class='ocrx_word' id='word_1_92' title='bbox 87 1202 354 1263; x_wconf 89' lang='lat' dir='ltr'>agentem</span> <span class='ocrx_word' id='word_1_93' title='bbox 387 1210 514 1245; x_wconf 89' lang='lat' dir='ltr'>eam</span> <span class='ocrx_word' id='word_1_94' title='bbox 549 1189 614 1244; x_wconf 90' lang='lat' dir='ltr'>in</span> <span class='ocrx_word' id='word_1_95' title='bbox 649 1186 1025 1243; x_wconf 87' lang='lat' dir='ltr'>matrimonio</span> <span class='ocrx_word' id='word_1_96' title='bbox 1063 1186 1229 1245; x_wconf 85' lang='lat' dir='ltr'>Rufii</span> <span class='ocrx_word' id='word_1_97' title='bbox 1264 1185 1526 1263; x_wconf 90' lang='lat' dir='ltr'>Crispini</span> <span class='ocrx_word' id='word_1_98' title='bbox 1569 1190 1781 1266; x_wconf 88' lang='lat' dir='ltr'>equitis</span> <span class='ocrx_word' id='word_1_99' title='bbox 1814 1190 1947 1251; x_wconf 88' lang='lat' dir='ltr'>Ro-</span> 
     </span>
     <span class='ocr_line' id='line_1_14' title="bbox 85 1268 1943 1349; baseline 0.003 -20"><span class='ocrx_word' id='word_1_100' title='bbox 85 1275 279 1343; x_wconf 86' lang='lat' dir='ltr'>mani,</span> <span class='ocrx_word' id='word_1_101' title='bbox 322 1294 388 1330; x_wconf 85' lang='lat' dir='ltr'>ex</span> <span class='ocrx_word' id='word_1_102' title='bbox 427 1295 543 1349; x_wconf 94' lang='lat' dir='ltr'>quo</span> <span class='ocrx_word' id='word_1_103' title='bbox 582 1273 771 1328; x_wconf 87' lang='lat' dir='ltr'>filium</span> <span class='ocrx_word' id='word_1_104' title='bbox 805 1283 1113 1345; x_wconf 85' lang='lat' dir='ltr'>genuerat,</span> <span class='ocrx_word' id='word_1_105' title='bbox 1157 1268 1323 1328; x_wconf 89' lang='lat' dir='ltr'>Otho</span> <span class='ocrx_word' id='word_1_106' title='bbox 1345 1275 1583 1348; x_wconf 80' lang='lat' dir='ltr'>pellexit</span> <span class='ocrx_word' id='word_1_107' title='bbox 1611 1276 1849 1334; x_wconf 87' lang='lat' dir='ltr'>iuventa</span> <span class='ocrx_word' id='word_1_108' title='bbox 1877 1298 1943 1335; x_wconf 89' lang='lat' dir='ltr'>ac</span> 
     </span>
     <span class='ocr_line' id='line_1_15' title="bbox 84 1357 1944 1435; baseline 0.003 -21"><span class='ocrx_word' id='word_1_109' title='bbox 84 1359 229 1415; x_wconf 90' lang='lat' dir='ltr'>luxu</span> <span class='ocrx_word' id='word_1_110' title='bbox 253 1369 308 1414; x_wconf 89' lang='lat' dir='ltr'>et</span> <span class='ocrx_word' id='word_1_111' title='bbox 337 1359 475 1435; x_wconf 90' lang='lat' dir='ltr'>quia</span> <span class='ocrx_word' id='word_1_112' title='bbox 497 1357 981 1431; x_wconf 87' lang='lat' dir='ltr'>flagrantissimus</span> <span class='ocrx_word' id='word_1_113' title='bbox 1019 1357 1086 1412; x_wconf 91' lang='lat' dir='ltr'>in</span> <span class='ocrx_word' id='word_1_114' title='bbox 1118 1357 1372 1414; x_wconf 89' lang='lat' dir='ltr'>amicitia</span> <span class='ocrx_word' id='word_1_115' title='bbox 1396 1357 1649 1415; x_wconf 85' lang='lat' dir='ltr'>Neronis</span> <span class='ocrx_word' id='word_1_116' title='bbox 1682 1358 1944 1419; x_wconf 87' lang='lat' dir='ltr'>habeba-</span> 
     </span>
     <span class='ocr_line' id='line_1_16' title="bbox 83 1442 1898 1519; baseline 0.002 -18"><span class='ocrx_word' id='word_1_117' title='bbox 83 1455 197 1503; x_wconf 84' lang='lat' dir='ltr'>tur.</span> <span class='ocrx_word' id='word_1_118' title='bbox 254 1464 361 1499; x_wconf 89' lang='lat' dir='ltr'>nec</span> <span class='ocrx_word' id='word_1_119' title='bbox 386 1464 550 1499; x_wconf 86' lang='lat' dir='ltr'>mora</span> <span class='ocrx_word' id='word_1_120' title='bbox 580 1442 727 1518; x_wconf 93' lang='lat' dir='ltr'>quin</span> <span class='ocrx_word' id='word_1_121' title='bbox 755 1442 1043 1498; x_wconf 89' lang='lat' dir='ltr'>adulterio</span> <span class='ocrx_word' id='word_1_122' title='bbox 1068 1443 1514 1499; x_wconf 87' lang='lat' dir='ltr'>matrimonium</span> <span class='ocrx_word' id='word_1_123' title='bbox 1541 1445 1898 1519; x_wconf 88' lang='lat' dir='ltr'>iungeretur.</span> 
     </span>
    </p>

    <p class='ocr_par' dir='ltr' id='par_1_4' title="bbox 81 1524 1944 1776">
     <span class='ocr_line' id='line_1_17' title="bbox 254 1524 1942 1588; baseline 0.002 -4"><span class='ocrx_word' id='word_1_124' title='bbox 254 1527 471 1587; x_wconf 84' lang='lat' dir='ltr'><strong>XLVI.</strong></span> <span class='ocrx_word' id='word_1_125' title='bbox 543 1524 710 1584; x_wconf 90' lang='lat' dir='ltr'>Otho</span> <span class='ocrx_word' id='word_1_126' title='bbox 742 1528 862 1582; x_wconf 85' lang='lat' dir='ltr'>sive</span> <span class='ocrx_word' id='word_1_127' title='bbox 886 1547 1083 1583; x_wconf 88' lang='lat' dir='ltr'>amore</span> <span class='ocrx_word' id='word_1_128' title='bbox 1109 1527 1378 1585; x_wconf 92' lang='lat' dir='ltr'>incautus</span> <span class='ocrx_word' id='word_1_129' title='bbox 1415 1529 1657 1586; x_wconf 87' lang='lat' dir='ltr'>laudare</span> <span class='ocrx_word' id='word_1_130' title='bbox 1688 1531 1942 1588; x_wconf 88' lang='lat' dir='ltr'>formam</span> 
     </span>
     <span class='ocr_line' id='line_1_18' title="bbox 85 1612 1944 1689; baseline 0.002 -19"><span class='ocrx_word' id='word_1_131' title='bbox 85 1614 547 1689; x_wconf 84' lang='lat' dir='ltr'>elegantiamque</span> <span class='ocrx_word' id='word_1_132' title='bbox 583 1612 782 1669; x_wconf 83' lang='lat' dir='ltr'>uxoris</span> <span class='ocrx_word' id='word_1_133' title='bbox 808 1614 965 1687; x_wconf 88' lang='lat' dir='ltr'>apud</span> <span class='ocrx_word' id='word_1_134' title='bbox 1001 1613 1358 1687; x_wconf 86' lang='lat' dir='ltr'>principem,</span> <span class='ocrx_word' id='word_1_135' title='bbox 1403 1614 1524 1670; x_wconf 89' lang='lat' dir='ltr'>sive</span> <span class='ocrx_word' id='word_1_136' title='bbox 1557 1627 1625 1672; x_wconf 91' lang='lat' dir='ltr'>ut</span> <span class='ocrx_word' id='word_1_137' title='bbox 1661 1618 1944 1674; x_wconf 89' lang='lat' dir='ltr'>accende-</span> 
     </span>
     <span class='ocr_line' id='line_1_19' title="bbox 81 1697 1942 1776; baseline 0.002 -22"><span class='ocrx_word' id='word_1_138' title='bbox 81 1703 173 1755; x_wconf 79' lang='lat' dir='ltr'>&#39;ret</span> <span class='ocrx_word' id='word_1_139' title='bbox 195 1719 294 1767; x_wconf 88' lang='lat' dir='ltr'>ac,</span> <span class='ocrx_word' id='word_1_140' title='bbox 338 1698 386 1753; x_wconf 94' lang='lat' dir='ltr'>si</span> <span class='ocrx_word' id='word_1_141' title='bbox 415 1699 618 1754; x_wconf 88' lang='lat' dir='ltr'>eadem</span> <span class='ocrx_word' id='word_1_142' title='bbox 653 1697 873 1753; x_wconf 88' lang='lat' dir='ltr'>femina</span> <span class='ocrx_word' id='word_1_143' title='bbox 906 1698 1267 1772; x_wconf 90' lang='lat' dir='ltr'>potirentur,</span> <span class='ocrx_word' id='word_1_144' title='bbox 1312 1698 1372 1754; x_wconf 94' lang='lat' dir='ltr'>id</span> <span class='ocrx_word' id='word_1_145' title='bbox 1408 1720 1642 1776; x_wconf 90' lang='lat' dir='ltr'>quoque</span> <span class='ocrx_word' id='word_1_146' title='bbox 1677 1701 1942 1759; x_wconf 86' lang='lat' dir='ltr'>vinclum</span> 
     </span>
    </p>

    <p class='ocr_par' dir='ltr' id='par_1_5' title="bbox 0 1780 1939 1860">
     <span class='ocr_line' id='line_1_20' title="bbox 0 1780 1939 1860; baseline 0.002 -19"><span class='ocrx_word' id='word_1_147' title='bbox 0 1829 7 1840; x_wconf 89' lang='lat'>.</span> <span class='ocrx_word' id='word_1_148' title='bbox 81 1782 405 1860; x_wconf 87' lang='lat' dir='ltr'>potentiam</span> <span class='ocrx_word' id='word_1_149' title='bbox 442 1784 496 1839; x_wconf 91' lang='lat' dir='ltr'>ei</span> <span class='ocrx_word' id='word_1_150' title='bbox 533 1783 844 1851; x_wconf 88' lang='lat' dir='ltr'>adiiceret,</span> <span class='ocrx_word' id='word_1_151' title='bbox 901 1802 1071 1857; x_wconf 87' lang='lat' dir='ltr'>saepe</span> <span class='ocrx_word' id='word_1_152' title='bbox 1116 1780 1353 1840; x_wconf 88' lang='lat' dir='ltr'>auditus</span> <span class='ocrx_word' id='word_1_153' title='bbox 1391 1795 1477 1840; x_wconf 89' lang='lat' dir='ltr'>est</span> <span class='ocrx_word' id='word_1_154' title='bbox 1513 1801 1871 1859; x_wconf 85' lang='lat' dir='ltr'>consurgens</span> <span class='ocrx_word' id='word_1_155' title='bbox 1907 1807 1939 1843; x_wconf 92' lang='lat' dir='ltr'>e</span> 
     </span>
    </p>
   </div>
   <div class='ocr_carea' id='block_1_4' title="bbox 134 2010 1940 2128">
    <p class='ocr_par' dir='ltr' id='par_1_6' title="bbox 134 2010 1940 2128">
     <span class='ocr_line' id='line_1_21' title="bbox 135 2010 1940 2069; baseline 0 -10"><span class='ocrx_word' id='word_1_156' title='bbox 135 2021 291 2059; x_wconf 85' lang='lat' dir='ltr'>mater</span> <span class='ocrx_word' id='word_1_157' title='bbox 316 2014 430 2057; x_wconf 88' lang='lat' dir='ltr'>eius.</span> <span class='ocrx_word' id='word_1_158' title='bbox 489 2011 547 2055; x_wconf 85' lang='lat' dir='ltr'>cf.</span> <span class='ocrx_word' id='word_1_159' title='bbox 571 2012 637 2062; x_wconf 88' lang='lat'>11,</span> <span class='ocrx_word' id='word_1_160' title='bbox 661 2013 684 2054; x_wconf 92' lang='lat'>1</span> <span class='ocrx_word' id='word_1_161' title='bbox 711 2027 808 2069; x_wconf 91' lang='lat' dir='ltr'>sqq.</span> <span class='ocrx_word' id='word_1_162' title='bbox 1045 2011 1303 2062; x_wconf 84' lang='lat' dir='ltr'>Othonem,</span> <span class='ocrx_word' id='word_1_163' title='bbox 1333 2012 1482 2055; x_wconf 82' lang='lat' dir='ltr'>donee</span> <span class='ocrx_word' id='word_1_164' title='bbox 1517 2010 1679 2055; x_wconf 87' lang='lat' dir='ltr'>Caesar</span> <span class='ocrx_word' id='word_1_165' title='bbox 1700 2011 1940 2059; x_wconf 86' lang='lat' dir='ltr'>Octaviam</span> 
     </span>
     <span class='ocr_line' id='line_1_22' title="bbox 134 2068 1936 2128; baseline -0.001 -12"><span class='ocrx_word' id='word_1_166' title='bbox 134 2074 337 2128; x_wconf 78' lang='lat' dir='ltr'>generis.</span> <span class='ocrx_word' id='word_1_167' title='bbox 430 2068 532 2113; x_wconf 88' lang='lat' dir='ltr'>MS.</span> <span class='ocrx_word' id='word_1_168' title='bbox 584 2068 734 2112; x_wconf 85' lang='lat' dir='ltr'>Guelf.</span> <span class='ocrx_word' id='word_1_169' title='bbox 790 2070 967 2122; x_wconf 78' lang='lat' dir='ltr'>generi.</span> <span class='ocrx_word' id='word_1_170' title='bbox 1041 2086 1227 2112; x_wconf 83' lang='lat' dir='ltr'>uxorem</span> <span class='ocrx_word' id='word_1_171' title='bbox 1261 2068 1540 2112; x_wconf 84' lang='lat' dir='ltr'>amoliretur.</span> <span class='ocrx_word' id='word_1_172' title='bbox 1610 2069 1799 2114; x_wconf 84' lang='lat' dir='ltr'>Sueton.</span> <span class='ocrx_word' id='word_1_173' title='bbox 1825 2071 1936 2115; x_wconf 80' lang='lat' dir='ltr'>Oth.</span> 
     </span>
    </p>
   </div>
   <div class='ocr_carea' id='block_1_5' title="bbox 75 2126 1939 2249">
    <p class='ocr_par' dir='ltr' id='par_1_7' title="bbox 75 2126 1939 2249">
     <span class='ocr_line' id='line_1_23' title="bbox 75 2126 1939 2186; baseline -0.002 -11"><span class='ocrx_word' id='word_1_174' title='bbox 75 2132 245 2175; x_wconf 83' lang='lat' dir='ltr'>Littera</span> <span class='ocrx_word' id='word_1_175' title='bbox 273 2128 415 2172; x_wconf 88' lang='lat' dir='ltr'>finalis</span> <span class='ocrx_word' id='word_1_176' title='bbox 435 2126 567 2186; x_wconf 85' lang='lat' dir='ltr'>periit</span> <span class='ocrx_word' id='word_1_177' title='bbox 588 2126 636 2169; x_wconf 89' lang='lat' dir='ltr'>in</span> <span class='ocrx_word' id='word_1_178' title='bbox 658 2126 881 2185; x_wconf 88' lang='lat' dir='ltr'>principio</span> <span class='ocrx_word' id='word_1_179' title='bbox 905 2143 969 2170; x_wconf 84' lang='lat' dir='ltr'>se·</span> <span class='ocrx_word' id='word_1_180' title='bbox 1042 2144 1080 2170; x_wconf 89' lang='lat' dir='ltr'>c.</span> <span class='ocrx_word' id='word_1_181' title='bbox 1093 2126 1136 2169; x_wconf 81' lang='grc'>3.</span> <span class='ocrx_word' id='word_1_182' title='bbox 1160 2128 1285 2169; x_wconf 82' lang='lat' dir='ltr'>Item</span> <span class='ocrx_word' id='word_1_183' title='bbox 1299 2126 1569 2181; x_wconf 79' lang='lat' dir='ltr'>Poppaeam</span> <span class='ocrx_word' id='word_1_184' title='bbox 1583 2127 1809 2170; x_wconf 83' lang='lat' dir='ltr'>Sabinam</span> <span class='ocrx_word' id='word_1_185' title='bbox 1832 2137 1939 2172; x_wconf 82' lang='lat' dir='ltr'>tunc</span> 
     </span>
     <span class='ocr_line' id='line_1_24' title="bbox 76 2184 1938 2249; baseline -0.002 -17"><span class='ocrx_word' id='word_1_186' title='bbox 76 2187 252 2249; x_wconf 81' lang='lat' dir='ltr'>quentis</span> <span class='ocrx_word' id='word_1_187' title='bbox 275 2186 419 2234; x_wconf 87' lang='lat' dir='ltr'>verbi.</span> <span class='ocrx_word' id='word_1_188' title='bbox 1040 2187 1191 2226; x_wconf 77' lang='lat' dir='ltr'>adhuc</span> <span class='ocrx_word' id='word_1_189' title='bbox 1211 2184 1416 2226; x_wconf 84' lang='lat' dir='ltr'>amicam</span> <span class='ocrx_word' id='word_1_190' title='bbox 1439 2187 1545 2235; x_wconf 77' lang='lat' dir='ltr'>eius,</span> <span class='ocrx_word' id='word_1_191' title='bbox 1569 2187 1819 2228; x_wconf 83' lang='lat' dir='ltr'>abductam</span> <span class='ocrx_word' id='word_1_192' title='bbox 1833 2202 1938 2229; x_wconf 86' lang='lat' dir='ltr'>ma-</span> 
     </span>
    </p>
   </div>
   <div class='ocr_carea' id='block_1_6' title="bbox 133 2236 1943 2301">
    <p class='ocr_par' dir='ltr' id='par_1_8' title="bbox 133 2236 1943 2301">
     <span class='ocr_line' id='line_1_25' title="bbox 133 2236 1943 2301; baseline -0.001 -13"><span class='ocrx_word' id='word_1_193' title='bbox 133 2253 386 2301; x_wconf 81' lang='lat' dir='ltr'>aspectum.</span> <span class='ocrx_word' id='word_1_194' title='bbox 466 2242 536 2286; x_wconf 91' lang='lat' dir='ltr'>De</span> <span class='ocrx_word' id='word_1_195' title='bbox 576 2236 626 2286; x_wconf 87' lang='lat' dir='ltr'>re</span> <span class='ocrx_word' id='word_1_196' title='bbox 659 2242 717 2286; x_wconf 86' lang='lat' dir='ltr'>ef.</span> <span class='ocrx_word' id='word_1_197' title='bbox 753 2241 969 2298; x_wconf 65' lang='lat' dir='ltr'>Bottiger,</span> <span class='ocrx_word' id='word_1_198' title='bbox 1038 2243 1131 2285; x_wconf 87' lang='lat' dir='ltr'>rito</span> <span class='ocrx_word' id='word_1_199' title='bbox 1164 2244 1597 2297; x_wconf 82' lang='lat' dir='ltr'>demandatamque</span> <span class='ocrx_word' id='word_1_200' title='bbox 1631 2243 1822 2285; x_wconf 82' lang='lat' dir='ltr'>interim</span> <span class='ocrx_word' id='word_1_201' title='bbox 1853 2244 1943 2287; x_wconf 81' lang='lat' dir='ltr'>sibi</span> 
     </span>
    </p>
   </div>
   <div class='ocr_carea' id='block_1_7' title="bbox 74 2299 1936 2471">
    <p class='ocr_par' dir='ltr' id='par_1_9' title="bbox 74 2299 1936 2471">
     <span class='ocr_line' id='line_1_26' title="bbox 75 2299 1936 2360; baseline -0.003 -12"><span class='ocrx_word' id='word_1_202' title='bbox 75 2303 240 2348; x_wconf 81' lang='lat' dir='ltr'>Sabina</span> <span class='ocrx_word' id='word_1_203' title='bbox 261 2303 317 2346; x_wconf 82' lang='lat' dir='ltr'>ll.</span> <span class='ocrx_word' id='word_1_204' title='bbox 350 2317 396 2360; x_wconf 92' lang='lat' dir='ltr'>p.</span> <span class='ocrx_word' id='word_1_205' title='bbox 420 2300 491 2343; x_wconf 83' lang='lat'>44.</span> <span class='ocrx_word' id='word_1_206' title='bbox 1037 2299 1315 2353; x_wconf 81' lang='lat' dir='ltr'>nuptiarum</span> <span class='ocrx_word' id='word_1_207' title='bbox 1336 2300 1483 2352; x_wconf 83' lang='lat' dir='ltr'>specie</span> <span class='ocrx_word' id='word_1_208' title='bbox 1496 2301 1681 2353; x_wconf 85' lang='lat' dir='ltr'>recepit.</span> <span class='ocrx_word' id='word_1_209' title='bbox 1715 2300 1774 2343; x_wconf 88' lang='lat' dir='ltr'>cf.</span> <span class='ocrx_word' id='word_1_210' title='bbox 1801 2299 1936 2344; x_wconf 86' lang='lat' dir='ltr'>etiam</span> 
     </span>
     <span class='ocr_line' id='line_1_27' title="bbox 132 2354 1933 2416; baseline -0.001 -14"><span class='ocrx_word' id='word_1_211' title='bbox 132 2374 394 2416; x_wconf 83' lang='lat' dir='ltr'>nunquam.</span> <span class='ocrx_word' id='word_1_212' title='bbox 426 2358 529 2401; x_wconf 89' lang='lat' dir='ltr'>MS.</span> <span class='ocrx_word' id='word_1_213' title='bbox 543 2355 694 2399; x_wconf 87' lang='lat' dir='ltr'>Guelf.</span> <span class='ocrx_word' id='word_1_214' title='bbox 710 2371 966 2412; x_wconf 84' lang='lat' dir='ltr'>nonquam.</span> <span class='ocrx_word' id='word_1_215' title='bbox 1037 2354 1204 2414; x_wconf 86' lang='lat' dir='ltr'>Xiphil.</span> <span class='ocrx_word' id='word_1_216' title='bbox 1238 2356 1308 2406; x_wconf 90' lang='lat'>61,</span> <span class='ocrx_word' id='word_1_217' title='bbox 1337 2357 1403 2398; x_wconf 90' lang='grc'>11.</span> <span class='ocrx_word' id='word_1_218' title='bbox 1454 2355 1684 2399; x_wconf 82' lang='lat' dir='ltr'>Plutarch.</span> <span class='ocrx_word' id='word_1_219' title='bbox 1718 2355 1765 2399; x_wconf 91' lang='lat' dir='ltr'>in</span> <span class='ocrx_word' id='word_1_220' title='bbox 1799 2356 1933 2401; x_wconf 83' lang='lat' dir='ltr'>Galb.</span> 
     </span>
     <span class='ocr_line' id='line_1_28' title="bbox 74 2412 1935 2471; baseline -0.002 -10"><span class='ocrx_word' id='word_1_221' title='bbox 74 2419 199 2461; x_wconf 84' lang='lat' dir='ltr'>Idem</span> <span class='ocrx_word' id='word_1_222' title='bbox 220 2433 324 2460; x_wconf 84' lang='lat' dir='ltr'>mox</span> <span class='ocrx_word' id='word_1_223' title='bbox 348 2423 393 2458; x_wconf 88' lang='lat' dir='ltr'>et</span> <span class='ocrx_word' id='word_1_224' title='bbox 413 2416 570 2457; x_wconf 84' lang='lat' dir='ltr'>alieno</span> <span class='ocrx_word' id='word_1_225' title='bbox 590 2429 673 2471; x_wconf 92' lang='lat' dir='ltr'>pro</span> <span class='ocrx_word' id='word_1_226' title='bbox 698 2421 781 2455; x_wconf 83' lang='lat' dir='ltr'>aut</span> <span class='ocrx_word' id='word_1_227' title='bbox 798 2415 964 2456; x_wconf 84' lang='lat' dir='ltr'>alieno.</span> <span class='ocrx_word' id='word_1_228' title='bbox 1039 2429 1078 2456; x_wconf 89' lang='lat' dir='ltr'>c.</span> <span class='ocrx_word' id='word_1_229' title='bbox 1113 2414 1181 2455; x_wconf 88' lang='lat'>19.</span> <span class='ocrx_word' id='word_1_230' title='bbox 1274 2412 1477 2470; x_wconf 87' lang='lat' dir='ltr'>Utraque</span> <span class='ocrx_word' id='word_1_231' title='bbox 1533 2421 1686 2455; x_wconf 70' lang='lat' dir='ltr'>tannen</span> <span class='ocrx_word' id='word_1_232' title='bbox 1738 2415 1935 2458; x_wconf 78' lang='lat' dir='ltr'>narratio</span> 
     </span>
    </p>
   </div>
   <div class='ocr_carea' id='block_1_8' title="bbox 1023 2467 1935 2526">
    <p class='ocr_par' dir='ltr' id='par_1_10' title="bbox 1023 2467 1935 2526">
     <span class='ocr_line' id='line_1_29' title="bbox 1023 2467 1935 2526; baseline 0.004 -15"><span class='ocrx_word' id='word_1_233' title='bbox 1023 2467 1270 2512; x_wconf 82' lang='lat' dir='ltr'>conciliari</span> <span class='ocrx_word' id='word_1_234' title='bbox 1311 2485 1441 2526; x_wconf 89' lang='lat' dir='ltr'>posse</span> <span class='ocrx_word' id='word_1_235' title='bbox 1477 2469 1681 2521; x_wconf 84' lang='lat' dir='ltr'>videtur,</span> <span class='ocrx_word' id='word_1_236' title='bbox 1729 2470 1768 2514; x_wconf 86' lang='lat' dir='ltr'>si</span> <span class='ocrx_word' id='word_1_237' title='bbox 1800 2470 1935 2515; x_wconf 81' lang='lat' dir='ltr'>huius</span> 
     </span>
    </p>
   </div>
   <div class='ocr_carea' id='block_1_9' title="bbox 130 2482 1519 2584">
    <p class='ocr_par' dir='ltr' id='par_1_11' title="bbox 130 2482 1519 2584">
     <span class='ocr_line' id='line_1_30' title="bbox 130 2482 1332 2542; baseline -0.007 -10"><span class='ocrx_word' id='word_1_238' title='bbox 130 2491 181 2532; x_wconf 89' lang='lat' dir='ltr'>in</span> <span class='ocrx_word' id='word_1_239' title='bbox 215 2486 532 2531; x_wconf 81' lang='lat' dir='ltr'>matrimonio.</span> <span class='ocrx_word' id='word_1_240' title='bbox 599 2483 683 2527; x_wconf 89' lang='lat' dir='ltr'>Ed.</span> <span class='ocrx_word' id='word_1_241' title='bbox 708 2482 825 2542; x_wconf 87' lang='lat' dir='ltr'>Spir.</span> <span class='ocrx_word' id='word_1_242' title='bbox 856 2500 963 2526; x_wconf 85' lang='lat' dir='ltr'>ma·</span> <span class='ocrx_word' id='word_1_243' title='bbox 1323 2526 1332 2534; x_wconf 58' lang='grc'><strong>,</strong></span> 
     </span>
     <span class='ocr_line' id='line_1_31' title="bbox 1037 2535 1519 2584; baseline 0 -16"><span class='ocrx_word' id='word_1_244' title='bbox 1037 2542 1196 2584; x_wconf 84' lang='lat' dir='ltr'>operae</span> <span class='ocrx_word' id='word_1_245' title='bbox 1220 2535 1414 2584; x_wconf 80' lang='lat' dir='ltr'>pretium</span> <span class='ocrx_word' id='word_1_246' title='bbox 1439 2535 1519 2569; x_wconf 84' lang='lat' dir='ltr'>est.</span> 
     </span>
    </p>
   </div>
   <div class='ocr_carea' id='block_1_10' title="bbox 63 2542 1933 3185">
    <p class='ocr_par' dir='ltr' id='par_1_12' title="bbox 74 2542 524 2596">
     <span class='ocr_line' id='line_1_32' title="bbox 74 2542 524 2596; baseline -0.011 -6"><span class='ocrx_word' id='word_1_247' title='bbox 74 2547 367 2596; x_wconf 80' lang='lat' dir='ltr'>trimonium,</span> <span class='ocrx_word' id='word_1_248' title='bbox 395 2542 524 2586; x_wconf 88' lang='lat' dir='ltr'>male.</span> 
     </span>
    </p>

    <p class='ocr_par' dir='ltr' id='par_1_13' title="bbox 63 2594 1933 3185">
     <span class='ocr_line' id='line_1_33' title="bbox 129 2594 1932 2672; baseline -0.006 -11"><span class='ocrx_word' id='word_1_249' title='bbox 129 2617 262 2672; x_wconf 71' lang='lat' dir='ltr'>Rufii</span> <span class='ocrx_word' id='word_1_250' title='bbox 296 2615 513 2668; x_wconf 70' lang='lat' dir='ltr'>Crispmi.</span> <span class='ocrx_word' id='word_1_251' title='bbox 595 2612 671 2656; x_wconf 71' lang='lat' dir='ltr'>sie</span> <span class='ocrx_word' id='word_1_252' title='bbox 705 2612 806 2655; x_wconf 78' lang='lat' dir='ltr'>edd.</span> <span class='ocrx_word' id='word_1_253' title='bbox 840 2611 962 2670; x_wconf 73' lang='lat' dir='ltr'>Lips.</span> <span class='ocrx_word' id='word_1_254' title='bbox 1074 2595 1206 2666; x_wconf 52' lang='lat' dir='ltr'>‚CAR</span> <span class='ocrx_word' id='word_1_255' title='bbox 1233 2594 1304 2638; x_wconf 81' lang='lat'>46·</span> <span class='ocrx_word' id='word_1_256' title='bbox 1356 2596 1658 2662; x_wconf 59' lang='lat' dir='ltr'>sivfflmore·</span> <span class='ocrx_word' id='word_1_257' title='bbox 1714 2595 1932 2656; x_wconf 78' lang='lat' dir='ltr'>Ed-Spir..</span> 
     </span>
     <span class='ocr_line' id='line_1_34' title="bbox 72 2651 1933 2775; baseline -0.004 -16"><span class='ocrx_word' id='word_1_258' title='bbox 72 2691 170 2775; x_wconf 49' lang='grc' dir='ltr'>ψ·</span> <span class='ocrx_word' id='word_1_259' title='bbox 203 2673 376 2774; x_wconf 53' lang='lat' dir='ltr'>,ef-112²</span> <span class='ocrx_word' id='word_1_260' title='bbox 395 2668 705 2771; x_wconf 48' lang='lat' dir='ltr'>amr-,15⁵²</span> <span class='ocrx_word' id='word_1_261' title='bbox 727 2669 797 2712; x_wconf 81' lang='lat'>⁷1·</span> <span class='ocrx_word' id='word_1_262' title='bbox 830 2671 968 2770; x_wconf 51' lang='lat' dir='ltr'>aaz}</span> <span class='ocrx_word' id='word_1_263' title='bbox 1031 2668 1368 2768; x_wconf 58' lang='lat'>223255352‘52,</span> <span class='ocrx_word' id='word_1_264' title='bbox 1385 2651 1803 2766; x_wconf 46' lang='grc' dir='ltr'>ἕζέἣῖωέῗὸᾶεω</span> <span class='ocrx_word' id='word_1_265' title='bbox 1828 2671 1933 2699; x_wconf 64' lang='lat'>¹¹¹⁰*</span> 
     </span>
     <span class='ocr_line' id='line_1_35' title="bbox 63 2735 1931 2846; baseline -0.004 -12"><span class='ocrx_word' id='word_1_266' title='bbox 63 2735 193 2834; x_wconf 52' lang='lat' dir='ltr'>silubr.</span> <span class='ocrx_word' id='word_1_267' title='bbox 236 2745 838 2846; x_wconf 25' lang='lat' dir='ltr'>Regfflbudfffarlsfiodl.</span> <span class='ocrx_word' id='word_1_268' title='bbox 880 2756 966 2828; x_wconf 57' lang='lat' dir='ltr'>ies:</span> <span class='ocrx_word' id='word_1_269' title='bbox 1088 2781 1356 2836; x_wconf 85' lang='lat' dir='ltr'>potentiam</span> <span class='ocrx_word' id='word_1_270' title='bbox 1409 2781 1455 2822; x_wconf 88' lang='lat' dir='ltr'>ei</span> <span class='ocrx_word' id='word_1_271' title='bbox 1503 2781 1743 2824; x_wconf 83' lang='lat' dir='ltr'>adiiceret.</span> <span class='ocrx_word' id='word_1_272' title='bbox 1845 2782 1931 2827; x_wconf 91' lang='lat' dir='ltr'>Ed.</span> 
     </span>
     <span class='ocr_line' id='line_1_36' title="bbox 73 2838 1930 2898; baseline -0.004 -7"><span class='ocrx_word' id='word_1_273' title='bbox 73 2845 229 2891; x_wconf 90' lang='lat' dir='ltr'>Guelf.</span> <span class='ocrx_word' id='word_1_274' title='bbox 263 2845 366 2888; x_wconf 84' lang='lat' dir='ltr'>edd.</span> <span class='ocrx_word' id='word_1_275' title='bbox 394 2843 496 2885; x_wconf 87' lang='lat' dir='ltr'>Put.</span> <span class='ocrx_word' id='word_1_276' title='bbox 521 2843 586 2884; x_wconf 92' lang='lat' dir='ltr'>M.</span> <span class='ocrx_word' id='word_1_277' title='bbox 610 2851 654 2885; x_wconf 90' lang='lat' dir='ltr'>et</span> <span class='ocrx_word' id='word_1_278' title='bbox 676 2842 733 2885; x_wconf 89' lang='lat' dir='ltr'>V.</span> <span class='ocrx_word' id='word_1_279' title='bbox 756 2842 964 2885; x_wconf 85' lang='lat' dir='ltr'>Beroald.</span> <span class='ocrx_word' id='word_1_280' title='bbox 1037 2839 1155 2898; x_wconf 85' lang='lat' dir='ltr'>Spir.</span> <span class='ocrx_word' id='word_1_281' title='bbox 1195 2839 1381 2893; x_wconf 67' lang='lat' dir='ltr'>petinia</span> <span class='ocrx_word' id='word_1_282' title='bbox 1420 2852 1476 2879; x_wconf 87' lang='lat' dir='ltr'>ea</span> <span class='ocrx_word' id='word_1_283' title='bbox 1520 2839 1705 2881; x_wconf 85' lang='lat' dir='ltr'>diceret.</span> <span class='ocrx_word' id='word_1_284' title='bbox 1789 2838 1930 2896; x_wconf 87' lang='lat' dir='ltr'>Quod</span> 
     </span>
     <span class='ocr_line' id='line_1_37' title="bbox 72 2895 1930 2960; baseline -0.004 -12"><span class='ocrx_word' id='word_1_285' title='bbox 72 2906 137 2960; x_wconf 85' lang='lat' dir='ltr'>(c.</span> <span class='ocrx_word' id='word_1_286' title='bbox 171 2903 317 2947; x_wconf 89' lang='lat' dir='ltr'>silent.</span> <span class='ocrx_word' id='word_1_287' title='bbox 353 2901 502 2955; x_wconf 70' lang='lat' dir='ltr'>Vici.)</span> <span class='ocrx_word' id='word_1_288' title='bbox 545 2899 645 2943; x_wconf 84' lang='lat' dir='ltr'>Ale.</span> <span class='ocrx_word' id='word_1_289' title='bbox 682 2899 829 2942; x_wconf 89' lang='lat' dir='ltr'>Rhen.</span> <span class='ocrx_word' id='word_1_290' title='bbox 861 2899 964 2941; x_wconf 87' lang='lat' dir='ltr'>Ald.</span> <span class='ocrx_word' id='word_1_291' title='bbox 1038 2897 1219 2953; x_wconf 84' lang='lat' dir='ltr'>corrigo</span> <span class='ocrx_word' id='word_1_292' title='bbox 1249 2896 1488 2950; x_wconf 84' lang='lat' dir='ltr'>potentiae</span> <span class='ocrx_word' id='word_1_293' title='bbox 1519 2897 1757 2939; x_wconf 82' lang='lat' dir='ltr'>adiiceret.</span> <span class='ocrx_word' id='word_1_294' title='bbox 1839 2895 1930 2940; x_wconf 89' lang='lat' dir='ltr'>Sed</span> 
     </span>
     <span class='ocr_line' id='line_1_38' title="bbox 70 2951 1929 3018; baseline -0.005 -13"><span class='ocrx_word' id='word_1_295' title='bbox 70 2963 181 3018; x_wconf 82' lang='lat' dir='ltr'>Rufi</span> <span class='ocrx_word' id='word_1_296' title='bbox 196 2960 356 3014; x_wconf 80' lang='lat' dir='ltr'>Crispi.</span> <span class='ocrx_word' id='word_1_297' title='bbox 413 2957 495 3000; x_wconf 89' lang='lat' dir='ltr'>Ed.</span> <span class='ocrx_word' id='word_1_298' title='bbox 518 2956 637 3014; x_wconf 88' lang='lat' dir='ltr'>Spir.</span> <span class='ocrx_word' id='word_1_299' title='bbox 654 2956 783 3013; x_wconf 85' lang='lat' dir='ltr'><strong><em>Rusfi</em></strong></span> <span class='ocrx_word' id='word_1_300' title='bbox 800 2956 965 3011; x_wconf 85' lang='lat' dir='ltr'>Crispi.</span> <span class='ocrx_word' id='word_1_301' title='bbox 1036 2954 1269 3010; x_wconf 72' lang='lat' dir='ltr'>vulgatum</span> <span class='ocrx_word' id='word_1_302' title='bbox 1296 2951 1434 2995; x_wconf 82' lang='lat' dir='ltr'>ceteri</span> <span class='ocrx_word' id='word_1_303' title='bbox 1459 2951 1561 2995; x_wconf 89' lang='lat' dir='ltr'>libri</span> <span class='ocrx_word' id='word_1_304' title='bbox 1586 2960 1783 3010; x_wconf 85' lang='lat' dir='ltr'>tuentur.</span> <span class='ocrx_word' id='word_1_305' title='bbox 1848 2954 1929 2998; x_wconf 89' lang='lat' dir='ltr'>Ce-</span> 
     </span>
     <span class='ocr_line' id='line_1_39' title="bbox 70 3008 1928 3082; baseline -0.005 -20"><span class='ocrx_word' id='word_1_306' title='bbox 70 3021 121 3062; x_wconf 81' lang='lat' dir='ltr'>ln</span> <span class='ocrx_word' id='word_1_307' title='bbox 153 3017 372 3075; x_wconf 84' lang='lat' dir='ltr'>scriptura</span> <span class='ocrx_word' id='word_1_308' title='bbox 393 3016 518 3082; x_wconf 29' lang='lat' dir='ltr'>‘Rufi</span> <span class='ocrx_word' id='word_1_309' title='bbox 560 3015 659 3071; x_wconf 87' lang='lat' dir='ltr'>(per</span> <span class='ocrx_word' id='word_1_310' title='bbox 696 3015 964 3080; x_wconf 81' lang='lat' dir='ltr'>contractio·</span> <span class='ocrx_word' id='word_1_311' title='bbox 1037 3021 1182 3055; x_wconf 86' lang='lat' dir='ltr'>terum</span> <span class='ocrx_word' id='word_1_312' title='bbox 1208 3009 1437 3053; x_wconf 82' lang='lat' dir='ltr'>Acidalius</span> <span class='ocrx_word' id='word_1_313' title='bbox 1461 3008 1592 3052; x_wconf 86' lang='lat' dir='ltr'>huius</span> <span class='ocrx_word' id='word_1_314' title='bbox 1614 3010 1703 3053; x_wconf 85' lang='lat' dir='ltr'>loci</span> <span class='ocrx_word' id='word_1_315' title='bbox 1724 3011 1928 3054; x_wconf 81' lang='lat' dir='ltr'>membra</span> 
     </span>
     <span class='ocr_line' id='line_1_40' title="bbox 71 3066 1928 3185; baseline -0.004 -11"><span class='ocrx_word' id='word_1_316' title='bbox 71 3077 508 3177; x_wconf 54' lang='lat' dir='ltr'>fssff&#39;efissssssssssfflsst‘</span> <span class='ocrx_word' id='word_1_317' title='bbox 556 3071 961 3185; x_wconf 52' lang='lat' dir='ltr'>fflsszss‘tfetssssssfft</span> <span class='ocrx_word' id='word_1_318' title='bbox 1034 3066 1928 3182; x_wconf 53' lang='lat' dir='ltr'>2?S,53¹⁵2p1122¹¹{rtssss&#39;sszzssssffsssspffsssst</span> 
     </span>
    </p>
   </div>
   <div class='ocr_carea' id='block_1_11' title="bbox 69 3179 1925 3303">
    <p class='ocr_par' dir='ltr' id='par_1_14' title="bbox 69 3179 1925 3303">
     <span class='ocr_line' id='line_1_41' title="bbox 69 3179 1925 3284; baseline -0.009 -51"><span class='ocrx_word' id='word_1_319' title='bbox 69 3187 268 3248; x_wconf 76' lang='lat' dir='ltr'>Ryckius</span> <span class='ocrx_word' id='word_1_320' title='bbox 293 3203 392 3244; x_wconf 85' lang='lat' dir='ltr'>sqq.</span> <span class='ocrx_word' id='word_1_321' title='bbox 426 3187 629 3229; x_wconf 88' lang='lat' dir='ltr'>scribunt</span> <span class='ocrx_word' id='word_1_322' title='bbox 650 3187 790 3284; x_wconf 54' lang='lat' dir='ltr'>Riffii.</span> <span class='ocrx_word' id='word_1_323' title='bbox 1033 3185 1109 3226; x_wconf 86' lang='lat' dir='ltr'>bat</span> <span class='ocrx_word' id='word_1_324' title='bbox 1149 3191 1250 3238; x_wconf 84' lang='lat' dir='ltr'>post</span> <span class='ocrx_word' id='word_1_325' title='bbox 1285 3181 1533 3230; x_wconf 74' lang='lat' dir='ltr'>adiiceret5</span> <span class='ocrx_word' id='word_1_326' title='bbox 1581 3179 1814 3224; x_wconf 82' lang='lat' dir='ltr'>Ernestius</span> <span class='ocrx_word' id='word_1_327' title='bbox 1855 3197 1925 3226; x_wconf 79' lang='lat' dir='ltr'>ea.</span> 
     </span>
     <span class='ocr_line' id='line_1_42' title="bbox 113 3237 1924 3303; baseline -0.003 -16"><span class='ocrx_word' id='word_1_328' title='bbox 113 3247 287 3303; x_wconf 83' lang='lat' dir='ltr'>filium.</span> <span class='ocrx_word' id='word_1_329' title='bbox 350 3244 408 3286; x_wconf 85' lang='lat' dir='ltr'>cf.</span> <span class='ocrx_word' id='word_1_330' title='bbox 434 3245 623 3286; x_wconf 77' lang='lat' dir='ltr'>sueton.</span> <span class='ocrx_word' id='word_1_331' title='bbox 652 3242 681 3285; x_wconf 93' lang='lat' dir='ltr'>l.</span> <span class='ocrx_word' id='word_1_332' title='bbox 727 3274 737 3285; x_wconf 88' lang='lat'>.</span> <span class='ocrx_word' id='word_1_333' title='bbox 1033 3241 1133 3282; x_wconf 84' lang='lat' dir='ltr'>dem</span> <span class='ocrx_word' id='word_1_334' title='bbox 1160 3239 1350 3281; x_wconf 81' lang='lat' dir='ltr'>malebat</span> <span class='ocrx_word' id='word_1_335' title='bbox 1371 3237 1604 3294; x_wconf 83' lang='lat' dir='ltr'>transponi</span> <span class='ocrx_word' id='word_1_336' title='bbox 1629 3245 1732 3295; x_wconf 86' lang='lat' dir='ltr'>post</span> <span class='ocrx_word' id='word_1_337' title='bbox 1755 3254 1924 3282; x_wconf 85' lang='lat' dir='ltr'>nomen</span> 
     </span>
    </p>
   </div>
   <div class='ocr_carea' id='block_1_12' title="bbox 73 3293 1924 3475">
    <p class='ocr_par' dir='ltr' id='par_1_15' title="bbox 73 3293 1924 3475">
     <span class='ocr_line' id='line_1_43' title="bbox 129 3293 1924 3358; baseline -0.002 -14"><span class='ocrx_word' id='word_1_338' title='bbox 129 3305 235 3358; x_wconf 86' lang='lat' dir='ltr'>quin</span> <span class='ocrx_word' id='word_1_339' title='bbox 303 3301 533 3355; x_wconf 82' lang='lat' dir='ltr'>adulterio</span> <span class='ocrx_word' id='word_1_340' title='bbox 603 3300 960 3341; x_wconf 84' lang='lat' dir='ltr'>matrimonium</span> <span class='ocrx_word' id='word_1_341' title='bbox 1035 3297 1174 3339; x_wconf 70' lang='lat' dir='ltr'>Ocho.</span> <span class='ocrx_word' id='word_1_342' title='bbox 1217 3295 1388 3337; x_wconf 85' lang='lat' dir='ltr'>Verum</span> <span class='ocrx_word' id='word_1_343' title='bbox 1407 3293 1450 3335; x_wconf 91' lang='lat' dir='ltr'>id</span> <span class='ocrx_word' id='word_1_344' title='bbox 1468 3295 1789 3351; x_wconf 84' lang='lat' dir='ltr'>transponendi</span> <span class='ocrx_word' id='word_1_345' title='bbox 1815 3312 1924 3340; x_wconf 89' lang='lat' dir='ltr'>con-</span> 
     </span>
     <span class='ocr_line' id='line_1_44' title="bbox 73 3351 1923 3413; baseline -0.002 -13"><span class='ocrx_word' id='word_1_346' title='bbox 73 3359 354 3412; x_wconf 74' lang='lat' dir='ltr'>iungeretur.</span> <span class='ocrx_word' id='word_1_347' title='bbox 415 3358 526 3400; x_wconf 85' lang='lat' dir='ltr'>Hist.</span> <span class='ocrx_word' id='word_1_348' title='bbox 558 3359 595 3408; x_wconf 92' lang='lat'>1,</span> <span class='ocrx_word' id='word_1_349' title='bbox 621 3358 687 3399; x_wconf 83' lang='lat'>13.</span> <span class='ocrx_word' id='word_1_350' title='bbox 720 3356 854 3413; x_wconf 84' lang='lat' dir='ltr'>paulo</span> <span class='ocrx_word' id='word_1_351' title='bbox 885 3356 959 3398; x_wconf 84' lang='lat' dir='ltr'>ali·</span> <span class='ocrx_word' id='word_1_352' title='bbox 1031 3355 1179 3398; x_wconf 75' lang='lat' dir='ltr'>silium</span> <span class='ocrx_word' id='word_1_353' title='bbox 1223 3351 1348 3394; x_wconf 80' lang='lat' dir='ltr'>nihili</span> <span class='ocrx_word' id='word_1_354' title='bbox 1391 3359 1479 3402; x_wconf 80' lang='lat' dir='ltr'>est;</span> <span class='ocrx_word' id='word_1_355' title='bbox 1531 3352 1740 3396; x_wconf 85' lang='lat' dir='ltr'>mutanda</span> <span class='ocrx_word' id='word_1_356' title='bbox 1775 3362 1923 3396; x_wconf 89' lang='lat' dir='ltr'>autem</span> 
     </span>
     <span class='ocr_line' id='line_1_45' title="bbox 73 3408 1924 3475; baseline -0.004 -18"><span class='ocrx_word' id='word_1_357' title='bbox 73 3423 142 3458; x_wconf 81' lang='lat' dir='ltr'>tei·</span> <span class='ocrx_word' id='word_1_358' title='bbox 171 3431 265 3458; x_wconf 89' lang='lat' dir='ltr'>rem</span> <span class='ocrx_word' id='word_1_359' title='bbox 292 3424 459 3475; x_wconf 82' lang='lat' dir='ltr'>narrat.</span> <span class='ocrx_word' id='word_1_360' title='bbox 517 3414 632 3457; x_wconf 89' lang='lat' dir='ltr'>Nam</span> <span class='ocrx_word' id='word_1_361' title='bbox 655 3414 715 3456; x_wconf 91' lang='lat' dir='ltr'>ibi</span> <span class='ocrx_word' id='word_1_362' title='bbox 735 3413 958 3470; x_wconf 81' lang='lat' dir='ltr'>Poppaea,</span> <span class='ocrx_word' id='word_1_363' title='bbox 1032 3420 1124 3454; x_wconf 84' lang='lat' dir='ltr'>erat</span> <span class='ocrx_word' id='word_1_364' title='bbox 1151 3410 1237 3452; x_wconf 88' lang='lat' dir='ltr'>loci</span> <span class='ocrx_word' id='word_1_365' title='bbox 1268 3408 1598 3464; x_wconf 82' lang='lat' dir='ltr'>interpunctio,</span> <span class='ocrx_word' id='word_1_366' title='bbox 1641 3418 1683 3452; x_wconf 88' lang='lat' dir='ltr'>et</span> <span class='ocrx_word' id='word_1_367' title='bbox 1715 3411 1924 3468; x_wconf 86' lang='lat' dir='ltr'>ponenda</span> 
     </span>
    </p>
   </div>
   <div class='ocr_carea' id='block_1_13' title="bbox 72 3467 1923 3585">
    <p class='ocr_par' dir='ltr' id='par_1_16' title="bbox 72 3467 1923 3585">
     <span class='ocr_line' id='line_1_46' title="bbox 72 3467 1923 3529; baseline -0.003 -14"><span class='ocrx_word' id='word_1_368' title='bbox 72 3481 123 3515; x_wconf 86' lang='lat' dir='ltr'>ut</span> <span class='ocrx_word' id='word_1_369' title='bbox 151 3471 199 3514; x_wconf 88' lang='lat' dir='ltr'>in</span> <span class='ocrx_word' id='word_1_370' title='bbox 232 3473 415 3529; x_wconf 79' lang='lat' dir='ltr'>gratiam</span> <span class='ocrx_word' id='word_1_371' title='bbox 452 3471 643 3515; x_wconf 88' lang='lat' dir='ltr'>Neronis</span> <span class='ocrx_word' id='word_1_372' title='bbox 686 3470 848 3513; x_wconf 83' lang='lat' dir='ltr'>marito</span> <span class='ocrx_word' id='word_1_373' title='bbox 886 3470 959 3512; x_wconf 88' lang='lat' dir='ltr'>ab·</span> <span class='ocrx_word' id='word_1_374' title='bbox 1031 3467 1199 3525; x_wconf 79' lang='lat' dir='ltr'>virgula</span> <span class='ocrx_word' id='word_1_375' title='bbox 1220 3473 1322 3509; x_wconf 85' lang='lat' dir='ltr'>ante</span> <span class='ocrx_word' id='word_1_376' title='bbox 1341 3479 1480 3518; x_wconf 75' lang='lat' dir='ltr'>saepe</span> <span class='ocrx_word' id='word_1_377' title='bbox 1496 3481 1578 3523; x_wconf 88' lang='lat' dir='ltr'>pro</span> <span class='ocrx_word' id='word_1_378' title='bbox 1592 3475 1779 3523; x_wconf 86' lang='lat' dir='ltr'>puncto,</span> <span class='ocrx_word' id='word_1_379' title='bbox 1801 3467 1923 3524; x_wconf 87' lang='lat' dir='ltr'>quod</span> 
     </span>
     <span class='ocr_line' id='line_1_47' title="bbox 72 3522 1915 3585; baseline -0.005 -14"><span class='ocrx_word' id='word_1_380' title='bbox 72 3529 218 3576; x_wconf 87' lang='lat' dir='ltr'>ducta.</span> <span class='ocrx_word' id='word_1_381' title='bbox 241 3529 402 3572; x_wconf 88' lang='lat' dir='ltr'>dicitur</span> <span class='ocrx_word' id='word_1_382' title='bbox 422 3530 601 3573; x_wconf 84' lang='lat' dir='ltr'>interim</span> <span class='ocrx_word' id='word_1_383' title='bbox 618 3527 818 3585; x_wconf 84' lang='lat' dir='ltr'>deposita</span> <span class='ocrx_word' id='word_1_384' title='bbox 840 3527 958 3584; x_wconf 84' lang='lat' dir='ltr'>apud</span> <span class='ocrx_word' id='word_1_385' title='bbox 1031 3525 1183 3568; x_wconf 85' lang='lat' dir='ltr'>ferunt</span> <span class='ocrx_word' id='word_1_386' title='bbox 1211 3522 1315 3570; x_wconf 85' lang='lat' dir='ltr'>edd.</span> <span class='ocrx_word' id='word_1_387' title='bbox 1384 3523 1531 3565; x_wconf 84' lang='lat' dir='ltr'>Verba</span> <span class='ocrx_word' id='word_1_388' title='bbox 1563 3523 1779 3569; x_wconf 78' lang='lat' dir='ltr'>incautus</span> <span class='ocrx_word' id='word_1_389' title='bbox 1808 3525 1915 3568; x_wconf 71' lang='lat' dir='ltr'>laic-</span> 
     </span>
    </p>
   </div>
   <div class='ocr_carea' id='block_1_14' title="bbox 157 3580 1318 3645">
    <p class='ocr_par' dir='ltr' id='par_1_17' title="bbox 157 3580 1318 3645">
     <span class='ocr_line' id='line_1_48' title="bbox 157 3580 1318 3645; baseline -0.002 0"><span class='ocrx_word' id='word_1_390' title='bbox 157 3595 396 3645; x_wconf 68' lang='lat' dir='ltr'>TAcl‘rus</span> <span class='ocrx_word' id='word_1_391' title='bbox 444 3595 510 3645; x_wconf 89' lang='lat' dir='ltr'>II.</span> <span class='ocrx_word' id='word_1_392' title='bbox 1088 3628 1091 3635; x_wconf 49' lang='grc' dir='ltr'>ι</span> <span class='ocrx_word' id='word_1_393' title='bbox 1260 3580 1318 3638; x_wconf 80' lang='grc' dir='ltr'><strong>Ο</strong></span> 
     </span>
    </p>
   </div>
  </div>
 </body>
</html>
