2164 3990
1740 249 1789 286 A.
1805 250 1860 287 U.
1885 251 1971 287 81⁵.

1740 293 1791 329 A.
1815 293 1862 330 C.
1909 293 1972 334 62⁴,

202 258 328 317 276
857 248 1383 313 ANNALIUM

204 388 458 444 formam
499 383 836 460 provinciae
879 381 1197 460 cesserant)
1247 383 1487 459 rapiunt
1541 403 1702 441 arma
1755 387 2063 444 commotis
2146 406 2164 449 1

206 472 283 527 ad
334 469 779 527 rebellationem
839 465 1313 524 Trinobantibus
1367 475 1425 526 et
1477 470 1583 545 qui
1632 469 1736 526 alii
1789 473 2061 529 nondum

207 555 441 613 servitio
473 554 643 610 fracti
668 571 962 608 resumere
989 552 1318 608 libertatem
1355 555 1596 611 occultis
1635 555 2063 614 coniurationi-

204 643 315 698 bus
340 639 710 716 pepigerant,
754 638 1038 692 acerrimo
1069 637 1133 691 in
1156 648 1460 694 veteranos
1493 640 1653 699 odio,
1739 640 1958 717 quippe
1997 642 2062 697 in

207 726 500 783 coloniam
522 722 1004 780 Camulodunum
1033 741 1235 776 recens
1261 722 1498 779 deducti
1531 724 1832 799 pellebant
1869 726 2064 782 domi—

207 812 350 887 bus,
413 807 801 865 exturbabant
850 806 1031 878 agriS‚
1090 806 1376 880 capdvm,
1444 826 1641 864 servos
1691 811 2064 886 appellandO,

205 895 540 954 foventibus
571 891 979 966 impotentiam
1013 902 1427 948 veteranorum
1459 892 1748 950 militibus
1787 895 2064 956 similitu-

209 981 348 1044 dine
381 979 535 1034 vitae
572 987 629 1035 et
661 996 760 1051 spe
799 976 1062 1032 eiusdem
1101 975 1389 1036 licentiae.
1479 972 1575 1033 Ad
1620 972 1733 1034 hoc
1778 977 2063 1056 templum

207 1066 346 1122 divo
372 1061 622 1120 Claudio
652 1061 1035 1118 constitutum
1068 1061 1235 1137 quasi
1267 1082 1369 1117 arx
1405 1073 1674 1118 aeternae
1709 1063 2067 1122 dominatio-—

210 1151 302 1206 nis
337 1147 758 1223 aspiciebatur,
815 1146 1140 1222 delectique
1178 1147 1505 1203 sacerdotes
1543 1146 1732 1222 specie
1763 1148 2066 1223 religionis

213 1252 418 1291 omnes
473 1232 741 1289 fortunas
795 1231 1199 1291 effundebant.
1308 1251 1416 1288 nec
1460 1234 1715 1289 arduum
1754 1229 2067 1292 videbatur

216 1311 553 1376 exscindere
598 1316 892 1374 coloniam
935 1317 1120 1374 nullis
1161 1316 1543 1374 munimentis
1586 1330 1832 1394 septam:
1907 1321 2066 1397 quod

270 1523 638 1566 rebellationem.
712 1518 789 1564 Si'c
815 1519 948 1563 MSS.
977 1518 1102 1563 Flor.

213 1583 337 1637 Uest·
371 1578 490 1623 vict·
528 1595 570 1622 c·
610 1578 755 1635 vich.)
798 1578 914 1621 Bud·
952 1575 1105 1619 Gueff·
1178 1519 1301 1576 quod
1324 1527 1455 1563 estin
1480 1519 1583 1564 edd.
1606 1520 1723 1578 Spir.
1746 1520 1848 1566 Put.
1865 1522 1933 1566 M.
1956 1531 1998 1568 et
2011 1522 2064 1567 V.

1177 1579 1278 1620 Ber.
1303 1577 1404 1621 Alc.
1428 1577 1570 1620 Rhen.
1596 1594 1692 1635 sqq.

212 1639 312 1683 edd.
337 1636 462 1694 Spir.
494 1636 619 1679 Pich.
645 1652 741 1694 sqq.
771 1659 830 1668 —
889 1637 1102 1677 rebellio-

212 1711 325 1739 nem
347 1693 486 1738 MSS.
512 1693 642 1736 Bodl.
674 1696 755 1736 les.
790 1692 889 1736 edd.
914 1691 1014 1735 Put.
1038 1692 1106 1735 M.

215 1763 259 1798 et
277 1751 335 1796 V.
363 1753 466 1795 Ber.
493 1751 591 1794 Alc.
615 1751 756 1793 Rhen.
781 1768 886 1809 sqq.

277 1822 662 1864 Trinobantibus.
753 1821 830 1864 Sic
882 1820 984 1864 edd.
1040 1836 1106 1862 re-

217 1888 353 1924 centt.
375 1879 478 1922 inde
502 1895 524 1921 a
547 1879 666 1935 Lips.
693 1879 854 1935 prima.
911 1878 967 1921 cf.
984 1877 1107 1919 Caes.

215 1938 267 1980 B.
298 1936 354 1979 G.
395 1938 434 1987 5,
455 1938 526 1978 20.
611 1937 972 1990 ffrl'nouantibus
1002 1934 1106 1977 MS.

218 1993 369 2038 Guelf.
394 1994 492 2036 edd.
519 1993 636 2051 Spir.
663 1993 761 2035 put.
788 1993 854 2035 M.
881 1991 980 2035 etV
1025 1992 1106 2034 Be·

215 2052 358 2096 roatd.
391 2053 449 2106 (c.
482 2049 629 2092 silent.
664 2050 801 2105 Vict.)
837 2048 937 2092 Alc.
959 2048 1104 2092 Rhen.

215 2109 323 2153 Ald.
387 2109 494 2150 Mox
516 2108 614 2149 edd.
636 2105 740 2148 Put.
756 2107 822 2150 M.
849 2103 893 2149 et
907 2106 960 2148 V.
985 2122 1108 2148 nun-

213 2171 330 2210 dum
375 2180 460 2223 pro
499 2168 733 2216 nondum,
781 2172 831 2206 ut
862 2180 994 2222 supra
1030 2163 1107 2206 ali·

218 2223 410 2283 quoties.

271 2293 458 2337 servitio
487 2292 658 2348 fracti.
741 2288 821 2335 'Sic
854 2290 959 2335 MS.
998 2292 1106 2350 Agr.

215 2350 318 2396 edd.
345 2349 507 2393 Oberl.
537 2364 634 2407 sqq.
666 2373 720 2383 —-
777 2350 964 2392 servitio
986 2349 1116 2404 sacti

215 2409 354 2452 MSS.
383 2408 508 2450 Flor.
539 2407 654 2461 (test.
682 2406 826 2464 Pich.)
862 2406 972 2464 Reg.
1006 2406 1108 2448 edd.

185 2482 190 2503 ⁴
216 2464 477 2525 Spinpich.
503 2479 599 2521 sqq.
619 2465 898 2522 eandemque
921 2464 1111 2520 scriptu-

216 2522 509 2580 ram'Lipsius
533 2521 579 2563 in
606 2520 742 2564 MSS.
776 2521 951 2564 invenit
987 2537 1110 2563 com·

216 2581 546 2636 mendavitque.
583 2605 642 2614 —-
711 2580 904 2620 seruitio
938 2593 1110 2620 assue-

208 2639 333 2696 facti
372 2636 507 2679 MSS.
539 2635 662 2678 Harl.
706 2635 837 2679 Bodl.
876 2635 956 2677 les.
993 2636 1109 2680 Bud.

218 2694 368 2739 Guelf.
393 2694 492 2736 edd.
512 2693 611 2736 Put.
632 2695 692 2735 M.
708 2691 819 2736 etV.
835 2692 936 2735 Ber.
954 2693 1013 2748 (c.
1038 2694 1106 2736 sil.

218 2751 362 2806 Vict.)
387 2751 488 2794 Alc.
515 2749 658 2792 Rhen.
680 2765 777 2808 sqq.
836 2751 891 2793 Et
916 2749 1105 2807 scriptu·

215 2826 313 2853 ram
360 2825 383 2851 e
424 2807 525 2851 MS.
571 2808 680 2866 Agr.
723 2817 950 2864 receptam
1000 2808 1103 2850 loco

214 2867 481 2926 aptissimam
531 2881 622 2908 esse
669 2865 768 2922 quis
810 2864 1106 2908 infitiabitur?

215 2926 397 2967 Bonum
439 2938 547 2965 vero
593 2922 724 2965 etiam
761 2921 906 2977 facti.
991 2921 1104 2964 Nam

214 2981 338 3040 quod
378 2979 608 3022 Ernestius
648 2979 876 3028 adfirmat,
909 2977 1106 3034 factum

213 3054 312 3081 esse
343 3041 409 3079 ad
429 3038 606 3091 aliquid
640 3036 794 3078 referri
821 3037 874 3078 ad
899 3045 1104 3079 naturam

216 3105 259 3139 et
288 3094 517 3152 ingenium
551 3094 721 3150 potius,
761 3108 894 3151 quam
920 3095 973 3135 ad
1000 3109 1105 3136 con-

215 3151 520 3202 suetudinem,
564 3166 677 3195 vana
712 3159 777 3192 est
814 3150 895 3191 viri
930 3151 1121 3208 opinio:

217 3210 325 3251 Mox
360 3209 431 3251 ed.
457 3207 575 3264 Spir.
600 3207 982 3251 Camulodinum.
1042 3206 1103 3251 cf.

214 3274 313 3308 not.
338 3265 391 3307 ad
415 3266 482 3314 12,
503 3265 574 3309 32.

271 3336 592 3387 impotentiam
623 3342 974 3378 veteranorum.
1041 3335 1102 3378 cf.

213 3402 308 3435 not.
328 3392 382 3434 ad
403 3391 442 3443 5,
467 3395 505 3436 1.
532 3393 612 3435 sub
636 3407 743 3439 voc.
771 3398 929 3434 mater
951 3394 1101 3449 impo-

213 3456 332 3492 tens.

267 3521 334 3562 ad
363 3520 461 3562 hoc.
536 3520 613 3564 Sic
640 3519 776 3563 MSS.
809 3518 936 3563 Flor.
971 3519 1097 3574 (test.

212 3574 352 3632 vict.)
374 3574 523 3620 Guelf.
576 3575 719 3635 Vulgo
741 3577 880 3621 edunt
902 3579 968 3620 ad
987 3578 1100 3620 haec

1209 1670 1213 1678 .
1235 1637 1374 1690 quasi
1398 1649 1498 1676 arx
1526 1643 1749 1678 aeternae
1771 1637 2059 1680 dominatio-

1177 1694 1264 1734 m's.
1343 1690 1421 1734 Sic
1453 1708 1476 1734 e
1511 1691 1773 1738 coniectura
1803 1691 1992 1738 Acidalii
2025 1705 2068 1740 et
2096 1707 2103 1713 ”

1177 1748 1474 1793 Freinshemii
1515 1749 1617 1792 edd.
1653 1751 1926 1795 recentiores
1964 1754 2068 1797 inde

1177 1823 1199 1850 a
1226 1807 1450 1862 Bernegg.
1515 1805 1577 1850 cf.
1612 1806 1723 1851 Hist.
1751 1810 1794 1858 3,
1819 1808 1886 1852 13.
1910 1825 1934 1853 e
1960 1827 2068 1854 con·

1177 1866 1347 1907 iectura
1372 1864 1418 1907 Li
1428 1862 1515 1920 psii—
1532 1867 1728 1908 classem
1755 1882 1915 1909 arcem
1939 1883 2068 1910 com-

1181 1928 1435 1963 meatuum.
1508 1921 1619 1965 Hist.
1651 1921 1693 1971 3,
1727 1924 1799 1967 70.
1830 1926 2070 1979 palatium

1178 1980 1334 2032 ipsam
1378 1979 1564 2030 imperii
1591 1978 1761 2024 arcem.
1857 1982 1992 2026 MSS.
2025 1991 2068 2026 et

1179 2036 1281 2078 edd.
1335 2043 1443 2078 vett.
1496 2052 1577 2093 pro
1622 2053 1718 2079 arx
1756 2037 1922 2082 habent
1962 2053 2068 2092 ara,

1179 2092 1301 2150 quod
1341 2107 1433 2134 non
1473 2093 1661 2136 omnino
1693 2095 1935 2139 absurdum
1972 2113 2069 2141 esse

1180 2150 1370 2208 videtur.
1460 2148 1576 2192 Nam
1629 2166 1724 2194 ara
1773 2168 1868 2196 non
1913 2153 2068 2198 stricte

1180 2207 1399 2264 significat
1445 2207 1598 2251 locum
1649 2209 1786 2253 sacris
1842 2210 2070 2256 faciundis

1181 2271 1491 2308 consecratum
1529 2266 1738 2321 (Altar);
1799 2267 1878 2310 sed
1921 2269 2068 2313 moni·

1181 2330 1383 2364 mentum
1429 2321 1559 2364 etiam
1600 2322 1645 2365 in
1690 2323 1956 2368 memoriam
1990 2327 2069 2370 ati·

1181 2379 1309 2422 cuius
1335 2377 1396 2420 rei
1420 2379 1483 2420 vel
1507 2378 1700 2423 hominis
1725 2381 1947 2438 positum,
1977 2383 2069 2427 sive

1180 2436 1237 2479 sit
1263 2435 1373 2493 lapis
1406 2434 1471 2477 vel
1498 2452 1676 2503 caespes
1713 2441 1783 2483 vel
1822 2439 1906 2482 alia
1935 2457 2066 2500 quae·

1181 2493 1282 2535 dam
1317 2492 1520 2536 materia.
1579 2495 1655 2538 bic
1676 2510 1793 2538 orae
1811 2497 2065 2541 Philaeno-

1178 2564 1288 2592 rum
1319 2549 1497 2592 Sallust.
1534 2552 1626 2610 lug.
1657 2552 1785 2596 c.79.
1845 2554 1904 2598 cf.
1944 2555 2065 2598 Hee-

1177 2621 1284 2657 ren,
1332 2607 1461 2649 tdeen
1497 2608 1560 2659 11,
1600 2626 1644 2667 p.
1676 2610 1748 2653 61.
1820 2610 1982 2667 Noster
2017 2613 2066 2658 in

1179 2663 1335 2706 Germ.
1369 2680 1406 2706 c.
1430 2663 1470 2708 3.
1497 2680 1637 2707 arom
1662 2667 1800 2709 Ulixi
1819 2682 2063 2712 consecra-

1177 2729 1295 2763 tam.
1356 2719 1455 2763 vid.
1483 2721 1542 2764 ibi
1567 2731 1664 2765 not.
1727 2724 2066 2771 SimiliterSue·

1177 2787 1271 2822 ton.
1296 2775 1405 2820 Oct.
1442 2795 1485 2822 c.
1511 2781 1550 2823 1.
1583 2796 1673 2822 ara
1697 2781 1886 2825 Octavio
1909 2787 2068 2838 posita

1177 2843 1241 2878 est
1275 2835 1382 2891 lapis
1412 2837 1595 2879 nomine
1618 2835 1796 2882 Octavii
1824 2840 2068 2900 inscriptus

1177 2901 1220 2935 et
1252 2891 1296 2934 in
1327 2893 1591 2936 memoriam
1620 2895 1685 2939 rei
1719 2904 1890 2954 gestae,
1961 2915 2066 2942 uam

1176 2948 1239 2991 ibi
1271 2958 1429 2992 auctor
1462 2953 1664 3009 exponit,
1694 2955 1880 3011 positus.
1990 2956 2066 3001 inc

1176 3020 1264 3047 ara
1284 3015 1505 3049 aeternae
1529 3012 1869 3054 dominationis
1895 3022 1960 3057 est
1990 3016 2064 3056 ein

1176 3062 1419 3107 Denkmal
1445 3066 1616 3119 ewiger
1640 3068 1885 3124 Tyr-annet.
1962 3070 2063 3113 Ma-

1177 3119 1242 3178 gis
1264 3129 1413 3163 tamen
1443 3121 1507 3165 rei
1546 3126 1760 3171 convenit
1791 3126 2063 3171 vocabulum

1176 3192 1286 3220 arx.

1233 3249 1399 3278 omnes
1452 3236 1698 3292 fortunas.
1790 3237 1893 3282 MS.
1944 3240 2061 3284 Bud.

1175 3294 1324 3334 omnis
1355 3293 1603 3349 fortunas.
1696 3295 1783 3340 Sed
1825 3296 1978 3340 Guelf.
2020 3308 2063 3343 et

1174 3349 1277 3392 edd.
1306 3360 1410 3394 vett.
1435 3356 1499 3409 (c.
1523 3351 1670 3395 silent.
1698 3352 1842 3407 Vict.)
1878 3358 2063 3400 tuentur

1177 3406 1427 3464 vulgatum.

1231 3467 1515 3510 exscindere.
1573 3465 1653 3509 Ed.
1684 3465 1802 3523 Spir.
1833 3471 2059 3513 excidere.

1173 3519 1356 3564 Ceterae
1389 3531 1497 3570 vett.
1529 3538 1634 3568 cum
1660 3522 1766 3570 MS.
1791 3524 1943 3572 Guelf.
1969 3541 2061 3570 ex-

1172 3578 1371 3623 eindere.
