2164 3990
532 842 1448 908 ADDENDA.

213 1039 300 1083 As.
326 1040 360 1090 Ι,
382 1038 425 1081 8.
487 1053 551 1080 ex
570 1038 675 1094 quis
697 1038 912 1080 maxime
935 1037 1135 1087 insignes
1155 1034 1257 1077 visi.
1316 1032 1430 1075 Edd.
1452 1031 1661 1075 Beroald.
1687 1040 1730 1074 et
1751 1031 1919 1078 Alciat.

67 1096 184 1140 male
210 1096 436 1139 dividunt:
478 1112 543 1138 ex
565 1097 664 1151 quis
695 1095 910 1137 maxime
935 1094 1140 1147 insignes
1164 1092 1273 1143 visi,
1304 1098 1355 1133 ut
1370 1098 1514 1145 porta
1536 1091 1821 1144 triumphali
1831 1091 1920 1147 su-

69 1169 160 1198 nus
178 1158 444 1197 duceretur.
508 1153 675 1196 Gallus
701 1154 890 1194 Asinius
913 1160 997 1193 etc.

215 1228 304 1271 AN.
330 1228 364 1279 l,
386 1226 456 1270 35.
514 1226 709 1282 propius
738 1226 1021 1267 incedentes.
1081 1222 1252 1265 Verba:
1288 1224 1353 1264 ad
1373 1235 1529 1263 vocem
1555 1222 1811 1275 propius
1845 1224 1921 1263 in-

67 1287 220 1339 tellige
261 1282 300 1328 ὠ’
313 1299 340 1327 ν
386 1293 492 1328 sunt
538 1293 875 1332 commentum,
933 1281 1052 1338 quod
1095 1295 1177 1337 per
1217 1294 1423 1322 errorem
1465 1278 1669 1336 inrepsit.
1760 1278 1923 1322 Deleas

72 1358 253 1400 quaeso.

213 1413 302 1457 AN.
331 1411 363 1461 I,
386 1411 458 1454 59.
515 1409 753 1451 hominem
789 1407 1057 1450 Germanos
1091 1415 1177 1449 etc.
1250 1405 1462 1448 Nostram
1495 1405 1625 1448 huius
1658 1407 1745 1449 loci
1778 1407 1920 1450 inter-

68 1470 368 1530 pretationem
393 1484 535 1525 nuper
562 1467 846 1524 impugnavit
872 1466 1155 1508 doctissimus
1181 1463 1395 1505 Kritzius
1427 1463 1504 1518 (cf.
1527 1466 1729 1518 Allgenz.
1753 1463 1917 1506 Schul-

69 1530 176 1570 zeit.
214 1523 337 1571 1830.
370 1528 504 1568 Abth.
532 1524 588 1568 Π.
619 1540 692 1566 nr.
718 1523 786 1567 16.
817 1539 859 1581 p.
884 1522 1019 1577 125).
1082 1521 1304 1565 Adfirmat
1328 1520 1403 1563 ille
1433 1537 1564 1563 usum
1588 1521 1801 1578 loquendi
1829 1538 1923 1564 esse

69 1588 303 1629 adversum
336 1583 375 1626 ei
409 1581 698 1640 significatui,
741 1597 832 1637 quo
867 1579 1134 1624 vocabulum
1162 1581 1403 1620 hominem
1431 1577 1492 1620 ibi
1530 1577 1724 1634 positum
1754 1579 1923 1623 censui.

69 1642 157 1686 Sed
184 1641 387 1698 inspiciat
411 1655 573 1698 quaeso
594 1640 787 1696 exempla
820 1639 907 1680 iam
932 1637 1074 1679 adlata
1098 1653 1147 1678 ex
1172 1636 1261 1680 An.
1295 1636 1358 1686 16,
1383 1635 1453 1679 28.
1514 1636 1658 1679 Cicer.
1684 1633 1770 1693 pro⁴
1788 1636 1926 1680 Arch.

71 1717 111 1744 c.
141 1701 209 1742 10.
280 1698 379 1759 lpse
414 1697 702 1740 commendat
733 1695 878 1737 Grotii
910 1696 1241 1738 coniecturam:
1284 1694 1502 1735 homines
1533 1693 1819 1744 Germanos,
1849 1694 1925 1737 in-

71 1764 367 1814 terpretatur:
415 1755 525 1807 Mog
547 1754 763 1806 Segestes
786 1767 832 1795 es
854 1754 936 1794 mit
957 1756 1047 1793 (len
1069 1752 1280 1793 Rb'mern
1305 1752 1496 1802 hulten,
1534 1765 1647 1802 mog
1674 1767 1724 1792 er
1750 1752 1928 1794 seinem

71 1816 225 1858 Solme
246 1817 337 1854 das
357 1812 693 1854 Priesterclmm
715 1809 1176 1863 wiederversclmffen
1189 1840 1202 1856 ‚
1232 1823 1346 1860 mag
1368 1822 1420 1849 er
1440 1811 1488 1850 in
1510 1811 1660 1850 seiner·
1674 1809 1929 1863 Gleiclzgiil·

72 1872 230 1925 tigkeit
243 1884 387 1924 gegen
405 1871 522 1910 alles
536 1869 584 1908 V
578 1869 924 1909 oterlc'z'ndische
938 1869 1164 1908 belzarren
1178 1870 1276 1907 und
1293 1867 1433 1907 sor-nst
1444 1866 1683 1920 auflafjren
1697 1867 1770 1907 ein
1785 1867 1930 1908 Deut-

71 1932 202 1973 schor
224 1945 282 1969 zu
299 1929 427 1970 sein:
459 1926 686 1968 Decus-che
714 1925 916 1966 lilc'z'nner
935 1928 1122 1966 werden
1145 1938 1195 1965 es
1219 1924 1393 1965 immet·
1411 1924 1733 1976 unertriiglich
1745 1924 1929 1979 finden,

74 1985 182 2042 dass
202 1986 447 2027 Reimische
469 1983 828 2025 Ruthcnbis'ndel
848 1991 935 2024 etc.
1005 1980 1135 2036 Quae
1166 1980 1382 2023 sententia
1417 1988 1467 2021 ut
1498 1980 1682 2028 inesset,
1726 1980 1931 2023 scriben-

74 2045 182 2086 dum
209 2050 301 2085 erat
331 2041 592 2083 Germanos
612 2041 845 2087 homines,
886 2054 977 2080 non
998 2040 1215 2079 homines
1240 2036 1518 2079 Germanos.
1594 2037 1705 2077 Nam
1733 2036 1799 2080 vis
1826 2054 1932 2080 ora-

74 2101 209 2142 tionis
237 2098 354 2151 cadit
381 2099 422 2140 in
451 2097 742 2146 Germanos,
773 2111 864 2137 non
890 2095 935 2136 in
960 2096 1194 2142 homines,
1238 2094 1357 2150 quod
1395 2094 1452 2136 ita
1487 2094 1789 2151 praepositum
1823 2095 1929 2138 ferri

78 2157 247 2214 nequit.
308 2155 475 2199 Eadem
497 2153 853 2195 inconcinnitate
889 2151 1062 2194 laborat
1088 2150 1344 2207 Kiesslingii
1380 2151 1639 2194 coniectura
1669 2153 1934 2198 lmnu'nibus

80 2216 350 2257 Germanos
372 2210 576 2268 legentis.
637 2210 740 2252 Non
766 2210 886 2258 enim
913 2217 1119 2266 apparet,
1152 2208 1260 2266 quid
1286 2208 1370 2250 sibi
1397 2208 1506 2251 velit
1530 2210 1791 2251 hominibus
1821 2205 1954 2254 illud·

78 2273 227 2329 primo
254 2271 356 2311 loeo
378 2267 600 2326 positum,
631 2267 756 2324 quasi
777 2267 822 2308 in
845 2282 894 2308 ea
921 2281 1032 2309 voce
1057 2265 1112 2308 sit
1135 2266 1373 2323 praecipua
1395 2266 1618 2307 sermonis
1643 2267 1720 2309 vIs.

223 2341 311 2383 AN.
337 2339 371 2386 I,
394 2337 466 2380 74.
527 2345 791 2392 quantoque
827 2336 1059 2376 incautius
1094 2335 1354 2388 efferverat.
1417 2334 1539 2377 Idem
1565 2335 1765 2379 Kritzius
1802 2354 1934 2382 com..

79 2399 261 2442 mendat
291 2396 478 2438 Ernestii
509 2393 815 2438 coniecturam
850 2395 1127 2447 quandoque
1170 2390 1483 2448 vulgatamque
1522 2394 1785 2449 scripturam
1816 2397 1936 2440 into-

81 2457 306 2502 lerabilem
341 2452 523 2495 iudicat.
583 2450 685 2492 Non
711 2450 829 2491 enim
853 2449 1092 2493 verisimile
1116 2448 1198 2505 ipsi
1224 2449 1404 2493 videtur
1426 2448 1633 2492 Tacitum
1656 2458 1744 2493 tam
1773 2453 1935 2511 insigni

82 2515 216 2557 animi
247 2510 427 2555 humani
460 2508 720 2566 cognitione
753 2506 979 2549 imbutum
1010 2508 1106 2562 (ein
1129 2508 1470 2561 psychologisxclz
1500 2521 1552 2548 so
1582 2510 1677 2548 hell
1708 2512 1938 2554 sellender

82 2568 435 2627 Schriftsteller)
472 2566 526 2608 de
551 2564 730 2606 Tiberio
768 2563 948 2606 dixisse:
988 2579 1039 2606 er
1071 2566 1188 2604 habe
1219 2564 1266 2605 in
1297 2566 1557 2606 demselben
1584 2567 1736 2607 hohen
1764 2567 1936 2621 Graue,

81 2632 168 2672 wie
196 2642 246 2670 er
272 2627 576 2672 unbesonnen
599 2635 830 2677 gewesen,
859 2624 975 2663 auch
999 2621 1107 2678 tiefe
1123 2622 1248 2663 Rcue
1272 2620 1571 2676 ertlpfunden.
1629 2623 1714 2665 Sed
1743 2625 1816 2669 ubi
1839 2633 1937 2669 tan-

85 2687 185 2730 dem
220 2685 327 2727 haec
357 2681 628 2739 leguntu1·?'
662 2677 821 2720 Verbis
853 2677 999 2720 latinis
1035 2694 1083 2720 ea
1117 2694 1211 2719 non
1251 2677 1418 2721 insunt.
1488 2678 1676 2736 Decepit
1711 2681 1936 2726 Kritzium

86 2751 393 2788 commentum
428 2738 540 2781 illud
570 2736 624 2779 de
651 2736 808 2779 vocula
843 2738 999 2788 magis
1030 2735 1084 2777 ad
1114 2735 1300 2790 patiens
1335 2734 1608 2792 supplenda,
1647 2738 1769 2792 quod
1804 2755 1934 2782 corn..

82 2807 286 2843 mentum
311 2797 444 2852 vulgo
468 2795 513 2836 in
543 2792 752 2837 auxilium
781 2800 991 2844 vocatur,
1034 2799 1080 2834 ut
1105 2792 1380 2849 grammatici
1414 2808 1463 2835 ex
1495 2795 1708 2850 angustiis
1741 2812 1833 2839 sese
1859 2814 1937 2839 ex-

87 2855 264 2915 pediant
286 2854 508 2895 tironibus
530 2850 794 2894 sententiam
817 2848 976 2893 talium
996 2850 1206 2893 locorum
1229 2849 1507 2906 explicaturi.
1567 2850 1655 2893 Sed
1680 2851 1736 2896 cf.
1763 2863 1855 2898 not.
1880 2856 1937 2898 ad

86 2918 175 2958 An.
200 2913 240 2959 3,
266 2911 335 2953 17.
360 2911 442 2953 sub
467 2924 535 2949 vv.
559 2908 800 2949 miseratio
826 2922 969 2962 quom
991 2908 1182 2950 invidia.
1245 2905 1398 2961 Quare
1429 2915 1586 2949 nostro
1620 2906 1724 2952 1000
1752 2927 1807 2954 ne
1832 2927 1938 2955 cre..

87 2972 162 3015 das
185 2969 379 3014 a'l‘acito
396 2965 498 3015 dici,
519 2980 633 3023 quae
653 2965 752 3008 vult
774 2964 843 3008 vir
867 2964 1050 3017 doctus;
1078 2965 1221 3006 immo
1243 2964 1400 3005 scribit
1411 2963 1644 3006 Tiberium
1694 2967 1938 3014 oenitentia

87 3030 326 3085 patientem
360 3023 509 3067 tulisse
533 3030 618 3064 etc.
665 3036 719 3063 eo
753 3022 894 3078 magis
930 3024 1050 3078 quod
1084 3020 1305 3064 incautius
1341 3019 1590 3066 efferverat.
1702 3039 1778 3068 uui
1814 3025 1936 3069 idem

87 3085 283 3128 Kritzius
304 3082 521 3136 vulgatam
547 3078 811 3136 scripturam
831 3079 961 3121 etiam
986 3079 1168 3121 damnat
1190 3079 1246 3120 ob
1270 3078 1477 3135 copulam
1496 3093 1595 3133 que,
1624 3095 1758 3138 quam
1781 3085 1938 3136 nescit,

89 3142 196 3200 quid
221 3140 300 3183 sibi
327 3130 445 3179 velit.
507 3136 567 3179 At
590 3136 821 3194 coniungit
843 3135 914 3179 illa
939 3134 1153 3180 vocabula
1171 3142 1415 3189 permotus
1434 3142 1476 3177 et
1492 3137 1705 3189 patiens,
1742 3138 1803 3182 uti
1828 3156 1936 3184 con-

88 3198 210 3255 iungi
258 3196 403 3238 solent
444 3194 533 3236 duo
574 3192 763 3250 epitheta
798 3193 851 3236 ad
882 3194 1000 3235 idem
1035 3192 1285 3235 subiectum
1318 3193 1580 3249 spectantia.
1662 3195 1937 3241 particulam

88 3258 278 3314 quando
299 3251 456 3294 Tacito
476 3252 734 3306 promiscue
756 3249 863 3308 poni
891 3267 972 3309 pro
997 3250 1218 3305 quoniam
1239 3264 1472 3306 nunquam
1494 3251 1626 3294 nobis
1645 3255 1937 3319 persuadebi-

87 3324 176 3357 tur.
254 3309 491 3368 Quoniam
527 3315 591 3348 est
622 3322 763 3362 quom
797 3310 892 3349 iam
927 3307 1185 3364 indicatque
1221 3321 1421 3358 causam,
1473 3321 1585 3364 quae
1616 3308 1772 3353 mtitur
1802 3313 1937 3356 rebus

91 3368 422 3429 praesentibus:
456 3367 643 3420 quando
666 3365 830 3422 ubique
853 3363 1069 3423 significat
1089 3378 1269 3408 causam
1290 3362 1432 3406 inesse
1455 3366 1589 3408 rebus
1606 3368 1819 3426 temporis
1843 3386 1936 3414 non

93 3424 270 3470 deffiniti-
287 3423 563 3480 (sintemul).
1767 3415 1774 3429 ⁸
1837 3426 1841 3429 ’

239 3497 319 3538 ΛΝ.
346 3493 398 3544 Η,
424 3491 490 3535 16.
551 3492 628 3534 cui
647 3490 893 3535 Idistaviso
923 3504 1117 3534 nomen.
1179 3491 1249 3535 De
1280 3491 1368 3536 hoc
1402 3493 1502 3536 loco
1540 3509 1562 3535 e
1597 3494 1712 3551 regie
1745 3497 1936 3556 disputat

92 3554 400 3609 Grotesendus
420 3548 538 3607 apud
563 3548 780 3591 Hessium
804 3548 847 3590 in
874 3550 988 3591 Var.
1011 3547 1154 3592 Lem.
1179 3557 1223 3592 et
1250 3550 1468 3594 Observv.
1489 3552 1536 3590 in
1563 3549 1715 3595 [hatti
1729 3553 1931 3598 Germa-
