2164 3990
88 21 94 27 Ι
105 0 134 42 '‘⁵¹⁴‘'
143 0 220 46 ,ξῖῐψῆη

125 191 142 216 N

182 256 400 303 A.U.808·
438 274 442 283 ι

183 301 299 339 Α.Ο.
341 301 401 335 ⁵5.

606 253 783 314 Lm.
820 202 990 322 xmss
1074 249 1266 314 CAP.
1304 255 1361 313 6.
1390 254 1447 313 7.
1826 255 1947 318 153

98 390 322 450 Cone-ra
348 387 454 445 alii
477 383 688 442 melius
713 380 974 463 evenisse
997 381 1320 451 disserunt,
1359 400 1537 457 quam
1569 381 1620 436 si
1654 379 1951 445 invalidus

105 468 333 533 senecta
358 484 423 529 -et
455 469 690 545 ignavia
716 465 1001 525 Claudius
1025 466 1270 522 militiae
1288 466 1371 522 vad
1391 466 1624 522 labores
1644 464 1954 529 vocaretur

105 559 416 617 servilibus
449 555 622 612 iussis
650 554 1174 626 obtemperaturus,
1260 549 1521 607 Burrum
1542 562 1740 608 tamen
1766 565 1823 611 et
1844 555 1953 613 Se-

99 656 307 702 necam
340 642 663 698 multarum
685 635 1263 711 rerumexperientia
1289 636 1573 709 cognitos:
1620 648 1676 693 et
1698 638 1955 714 impera-

100 730 222 787 tori
243 738 537 805 quantum
570 725 645 779 ad
671 723 857 779 robur
889 722 1110 790 deesse,
1155 741 1288 777 cum
1321 722 1755 779 octavodecimo
1795 737 1954 783 aeta-

103 815 185 872 tis*
214 808 370 891 anno
395 809 509 869 Cn.
546 807 893 882 Pompe-ius,
936 805 1326 862 nonodecimo
1353 804 1566 863 Caesar
1590 802 1957 868 Octavianus

107 899 304 956 civilia
338 897 495 953 bella
529 891 952 950 sustinuerint?
1036 889 1325 965 Pleraque
1358 891 1423 946 in
1458 911 1685 948 summa
1715 894 1959 953 fortuna

105 983 378 1059 auspiciis
406 993 469 1038 ‚et
499 978 759 1036 consiliis
789 996 967 1052 quam
998 975 1130 1031 telis
1169 985 1226 1030 et
1255 976 1528 1033 manibus
1561 977 1700 1050 geri.
1786 981 1960 1038 datus-

105 1090 242 1127 mm
275 1069 450 1142 plane
476 1067 917 1130 documentum,
953 1057 1222 1119 'honestis
1246 1080 1324 1115 an
1349 1081 1511 1117 secus
1536 1062 1738 1118 amicis
1755 1075 1961 1122 utere.—

105 1166 225 1223 tur‚
269 1153 320 1208 si
344 1153 550 1213 ducem
577 1158 770 1207 amota
793 1146 1019 1202 invidia
1044 1144 1357 1217 egregium,
1401 1167 1576 1221 quam
1605 1146 1656 1202 si
1675 1151 1962 1224 pecunio-

111 1250 324 1296 sumet
344 1236 534 1310 *gratia
554 1232 883 1289 subnixum
902 1250 1008 1304 per
1030 1230 1318 1286 ambitum
1345 1231 1639 1304 deligeret.

262 1344 413 1413 ΝΠ.
480 1342 641 1400 Haec
677 1353 849 1418 atque
891 1341 1032 1398 talia
1061 1341 1439 1414 vulgantibus
1463 1339 1621 1399 Nero
1662 1354 1719 1400 et
1754 1346 1966 1405 iuv‘enss

109 1435 293 1493 tutem
346 1430 659 1506 proximas
698 1447 805 1502 per
859 1426 1195 1502 provincias
1230 1427 1571 1504 ‘quaesitam
1627 1432 1969 1506 supplendis

110 1513 741 1588 Orientislegionihus
768 1512 1080 1568 admovere
1117 1512 1493 1588 legionesque
1530 1513 1684 1588 ipsas
1722 1519 1968 1593 propius

111 1598 458 1661 Armeniam
477 1597 758 1655 ¹collocari
782 1597 971 1653 iubet:
1018 1598 1282 1673 duosque
1309 1609 1533 1654 veteres
1562 1618 1724 1672 reges
1748 1598 1971 1680 Agrip-

110 1842 210 1886 terii
235 1841 366 1885 codd.
389 1839 521 1882 MSS.
546 1838 644 1880 edd.
666 1838 771 1880 Put.
792 1839 859 1880 M.
884 1846 928 1880 et
944 1835 999 1879 V.

111 1901 218 1942 Ber.
253 1897 349 1941 Alc.
383 1897 526 1938 Rhen.
563 1894 668 1937 Ald.
695 1896 1003 1950 inquirebant.

111 1955 311 2002 Eandem
338 1953 599 1997 varietatem
632 1951 1004 2008 deprehendimus

114 2015 183 2062 12,
203 2013 243 2056 6.
294 2011 405 2055 Hist.
423 2011 466 2059 2,
488 2010 584 2063 59.;
613 2009 734 2051 idem
755 2009 943 2051 verbum
965 2008 1006 2060 3,

168 2129 418 2171 disserunt.
488 2125 568 2175 Sic
597 2123 698 2167 MS.
723 2123 847 2166 Flor.
885 2124 1007 2177 (test.

113 2185 232 2228 Vict.
256 2202 294 2227 c.
318 2183 460 2239 Picb.)
496 2183 595 2226 edd.
619 2181 804 2224 Piehen.
831 2195 931 2237 sqq.
951 2205 1010 2215 -—

114 2246 340 2286 dixerunt
362 2241 497 2284 MSS.
518 2239 634 2282 Bud.
660 2237 814 2280 Guelf.
843 2236 1010 2295 aliique

115 2317 222 2345 cum
241 2299 337 2344 edd.
359 2307 463 2341 vett.
478 2329 490 2348 ,
519 2297 689 2356 vulgari
708 2296 957 2339 litterarum
974 2308 1012 2336 x

117 2366 163 2401 et
180 2371 202 2400 s
224 2356 572 2415 permutatione.

175 2416 434 2456 multarum
475 2425 651 2454 rerum.
745 2409 845 2451 MS.
892 2407 1011 2450 Bud.

118 2473 379 2514 multarum
399 2468 511 2524 (sine
528 2469 732 2523 rerum);
761 2464 860 2508 MS.
874 2464 1012 2507 Corb.

121 2531 277 2571 multa
307 2542 485 2570 rerum.
545 2525 629 2569 Hic
655 2524 757 2567 cod.
785 2531 886 2565 ante
919 2523 1012 2563 im-

118 2584 336 2642 peratori
359 2583 524 2627 omittit
549 2590 611 2625 et.

183 2642 489 2687 Octavianus.
549 2640 624 2683 Sic
636 2637 870 2681 MS.F10r.
899 2636 1013 2691 (test.

120 2699 258 2754 Vici.)
284 2698 383 2742 edd.
409 2697 528 2755 Spir.
561 2705 604 2739 et
637 2703 822 2737 recentt.
857 2695 961 2736 inde
993 2708 1017 2734 a

122 2757 243 2815 Lips.
264 2756 425 2814 prima.
449 2783 507 2790 --
554 2753 778 2796 Octavius
802 2750 1017 2794 edd.Put.

122 2815 191 2857 M.
220 2822 261 2857 et
285 2813 338 2855 V.
373 2812 475 2855 Ber.
511 2811 612 2854 Ale.
644 2810 788 2858 Rhen.
824 2808 928 2852 Ald.
961 2829 1018 2840 -

127 2871 418 2915 Octavianus
451 2885 552 2911 cum
589 2867 768 2925 punctis
801 2864 1019 2910 censoriis

127 2930 209 2972 sub
232 2927 389 2970 litteris
414 2941 476 2967 an
499 2926 597 2967 MS.
622 2923 777 2966 Guelf.

181 3001 421 3052 pleraque.
485 2995 560 3038 Sic
582 2994 718 3037 MSS.
743 2993 867 3036 Flor.
902 2994 1020 3048 (test.

127 3054 264 3110 Vici.)
295 3054 408 3096 Bud.
431 3052 578 3096 Vatic.
607 3051 734 3094 Bodl.
758 3050 895 3094 Corb.
921 3050 1022 3091 edd.

130 3111 246 3170 Spir.
265 3110 405 3152 Rhen.
434 3125 530 3166 sqq.
552 3138 610 3146 -
636 3111 865 3163 pluraque
887 3107 1024 3149 MSS.

128 3167 256 3214 Harl.
293 3169 375 3209 tes.
409 3166 561 3219 (Bodl.
596 3166 643 3208 in
676 3168 837 3220 marg.)
871 3163 1023 3208 Guelf.

131 3227 231 3271 edd.
267 3225 371 3269 Put.
408 3224 474 3269 Μ.
514 3233 559 3266 et
589 3223 644 3264 V.
677 3222 885 3265 Beroald.
921 3221 1025 3265 Alc.

70 3308 75 3316 ·
130 3284 254 3327 Haec
289 3282 511 3338 scriptura
548 3278 771 3336 originem
809 3279 937 3321 traxit
979 3294 1030 3319 ex

131 3339 383 3400 ignorantia
420 3327 634 3380 dictionis
655 3336 822 3378 Nostro
855 3335 1029 3382 solitae,

134 3407 178 3441 et
199 3398 341 3439 miror
370 3411 470 3438 eam
496 3411 518 3436 a
539 3391 788 3435 Rieklefsio
823 3402 865 3436 et
884 3393 1030 3436 Kiess-

134 3455 275 3512 lingio
321 3452 702 3496 commendatam.
798 3449 1031 3492 Ernestius

137 3521 237 3553 ante
269 3525 411 3565 quam
450 3507 577 3551 iubet
619 3506 816 3565 suppleri
860 3507 1030 3561 magis.

139 3567 226 3611 Sed
257 3566 350 3613 vid.
391 3573 487 3610 not.
515 3564 569 3607 ad
591 3563 632 3615 3,
659 3565 723 3607 17.
804 3563 914 3607 Mox
948 3580 1031 3627 pro

1075 1843 1304 1882 daturum
1332 1835 1434 1886 MS.
1474 1835 1590 1880 Bud.
1626 1837 1757 1883 hahet
1785 1843 1969 1887 datum.

1078 1897 1200 1938 Idem
1226 1894 1313 1936 fuit
1335 1893 1382 1935 in
1409 1892 1558 1936 Guelf.
1583 1895 1662 1937 sed
1685 1895 1746 1939 ibi
1767 1915 1856 1942 sec.
1881 1916 1973 1944 ma-

1077 1969 1162 1997 nus
1186 1951 1292 1994 fecit
1313 1953 1553 1993 daturum.
1570 1956 1582 2003 j
1764 1962 1766 1965 ’

1135 2013 1488 2051 documentum.
1565 2006 1647 2053 Ed.
1679 2009 1798 2068 Spir.
1829 2017 1975 2058 docu-

1079 2067 1264 2110 mentis.
1363 2065 1532 2113 Eadem
1591 2074 1836 2112 uterentur
1888 2090 1973 2130 pro

1081 2132 1312 2172 meretvr,
1345 2123 1486 2178 quasi
1502 2139 1585 2180 pro
1620 2130 1829 2179 quamsi,
1864 2133 1979 2174 dili·
2032 2158 2043 2166 t

1079 2190 1194 2237 gent
1217 2197 1300 2239 pro
1324 2180 1566 2234 deligeret.
1627 2183 1726 2227 MS.
1750 2186 1857 2243 Agr.
1893 2192 1978 2231 de..

1081 2242 1259 2293 legerit.
1352 2237 1451 2280 MS.
1483 2238 1583 2281 Bud
1644 2248 1687 2282 et
1729 2241 1835 2286 inde
1867 2246 1973 2291 edd.

1082 2298 1226 2341 Rhen.
1247 2295 1352 2338 Ald.
1375 2302 1420 2336 et
1443 2296 1489 2338 .ςὶ
1502 2299 1681 2340 ducem.

1142 2367 1256 2411 CAP.
1286 2365 1330 2407 7.
1398 2368 1669 2414 admovere.
1738 2367 1814 2413 Sic
1844 2371 1978 2417 MSS.

1084 2433 1127 2468 et
1143 2432 1249 2466 vett.
1276 2422 1376 2466 edd.
1395 2439 1635 2467 consensu.
1694 2424 1732 2468 E
1755 2426 1982 2473 Pichenae

1084 2479 1306 2525 sententia
1358 2479 1490 2522 hodie
1530 2481 1681 2524 'edunt
1733 2487 1985 2529 admoveri

1084 2546 1271 2596 propter
1294 2538 1513 2579 collocari
1533 2545 1577 2578 et
1596 2539 1741 2593 iungi.
1808 2541 1898 2586 Sed
1915 2543 1980 2587 ¹si-

1087 2594 1182 2637 mili
1216 2594 1356 2635 modo
1388 2602 1431 2636 et
1459 2594 1562 2638 alibi
1591 2594 1758 2648 Noster
1788 2607 1983 2644 structu-

1086 2668 1181 2695 ram
1207 2651 1358 2698 variat,
1385 2659 1433 2693 ut
1456 2650 1659 2695 infinitivi
1678 2655 1807 2699 activi
1823 2665 1867 2699 et
1886 2673 1983 2716 pas-

1089 2709 1166 2752 sivi
1185 2707 1302 2749 iuxta
1318 2715 1558 2764 ponantur.
1600 2709 1659 2753 cf.
1686 2722 1778 2756 not.
1802 2713 1855 2756 ad
1882 2719 1921 2764 1,
1942 2716 1985 2760 3.

1087 2766 1201 2809 Hist.
1215 2764 1257 2815 4,
1270 2765 1339 2807 28.
1358 2766 1539 2806 vastari
1550 2797 1559 2808 .
1573 2797 1584 2808 .
1598 2797 1609 2808 .
1624 2771 1832 2813 transire
1848 2773 1984 2818 iubet.

1088 2824 1247 2890 Neque
1282 2829 1409 2880 putes
1441 2837 1538 2864 eam
1573 2825 1866 2871 variationem
1891 2829 1984 2872 for-

1090 2889 1247 2925 tuitam
1279 2887 1410 2936 atque
1446 2880 1741 2938 negligentiae
1778 2902 1871 2928 esse
1906 2888 1986 2929 tri·-

1092 2937 1335 2982 buendam.
1423 2936 1566 2979 Immo
1608 2943 1816 2985 consulto
1858 2943 1907 2985 fit
1942 2952 1987 2988 et

1094 2996 1332 3053 sapienter.
1412 2992 1524 3036 Nam
1555 2996 1590 3037 si
1622 2997 1780 3041 scribis
1815 3004 1978 3043 admo-

1096 3054 1214 3101 veri,
1245 3059 1342 3092 tum
1365 3048 1476 3092 dicis
1499 3050 1775 3097 iuventutem
1804 3059 1989 3117 propria

1094 3108 1289 3154 Neronis
1314 3107 1522 3149 mandata
1553 3110 1799 3166 accepisse,
1831 3122 1880 3157 ut
1903 3116 1999 3159 iret,

1097 3167 1153 3211 ad
1199 3164 1420 3222 legiones3
1469 3165 1538 3207 sin
1573 3181 1682 3210 vero
1723 3174 1987 3222 admovere,

1097 3234 1193 3268 tum
1230 3222 1364 3271 dicis,
1410 3221 1637 3265 Neronem
1671 3228 1880 3272 mandata
1910 3246 1989 3273 sua

1100 3278 1378 3336 exsequenda
1406 3278 1499 3320 aliis
1525 3279 1719 3333 dedisse,
1759 3293 1809 3327 ut
1838 3286 1990 3330 iuven,

1101 3345 1241 3381 tutem
1297 3335 1588 3378 admoverent
1635 3338 1708 3381 vel
1761 3341 1990 3389 admoveri

1101 3402 1339 3440 curarent,
1400 3394 1522 3449 quod
1562 3392 1634 3438 hic
1684 3396 1798 3442 valet
1851 3390 1994 3455 (mari

1102 3453 1216 3494 solle
1250 3452 1321 3491 die
1347 3448 1533 3504 dugend
1566 3451 1864 3513 hinse‘ihren).
1911 3458 1992 3503 Di-

1103 3523 1234 3551 versa
1287 3515 1350 3549 est
1400 3507 1514 3551 ratio
1563 3507 1818 3568 legionum,
1876 3531 1990 3574 quae

1104 3566 1225 3623 ipsae
1265 3564 1492 3622 accipiunt
1533 3565 1720 3623 imperia
1764 3571 1995 3618 iubentun
