2164 3990
178 208 228 264 A).
242 223 296 259 n.
313 224 396 260 roo.

180 270 230 304 A.
249 267 296 305 o.
335 267 399 303 4⁷.

592 225 765 286 LIB.
794 222 902 284 XI.
980 219 1175 285 CAP.
1213 221 1307 282 17.
1344 222 1441 283 18.

1862 220 1955 279 31

95 362 376 419 barbaros
417 356 645 434 proelio
683 355 872 413 victor
893 371 1041 410 srex:
1096 352 1235 410 dein
1288 352 1542 408 secunda
1586 352 1825 408 fortuna
1868 352 1946 409 ad

96 446 429 523 superbiam
471 441 779 518 prolapsus
822 439 1142 515 pulsusque
1178 458 1246 494 ae
1282 456 1485 493 rursus
1520 435 1946 508 Langobardo-

93 530 459 605 rumopibus
484 529 731 584 refectus
756 545 861 600 per
895 526 1072 594 laeta,
1109 543 1214 598 per
1237 523 1480 579 adversa
1502 541 1594 577 res
1620 516 1946 579 Cheruscas

95 615 447 673 adflictabat.

259 695 485 757 XVIII.

569 694 685 752 Per
722 696 879 751 idem
910 705 1140 769 tempus
1169 688 1397 749 Chauci
1428 691 1594 748 nulla
1629 689 1945 747 dissensio-

92 806 167 842 ne
203 784 364 865 dqmi
403 794 460 839 et
495 793 684 837 morte
708 779 1025 855 Sanquinii
1064 780 1314 846 alacreS‚
1357 778 1501 833 dum
1535 773 1798 833 Corbulo
1838 777 1946 832 ad-

92 880 319 940 ventat,
367 867 709 923 inferiorem
745 860 1130 922 Germaniam
1178 863 1549 918 incursavere
1593 862 1742 917 duce
1776 859 1947 917 Gan-

93 975 296 1024 nasc0‚
340 953 445 1030 qui
470 951 712 1008 natione
726 949 1112 1019 CanninefaS‚
1155 946 1457 1005 auxiliaris
1481 958 1537 1004 et
1555 946 1662 1004 diu
1682 945 1945 1018 merum,

93 1150 307 1193 latinitas:
368 1156 463 1191 tum
498 1147 648 1204 potius
693 1145 981 1190 scribendum

93 1216 185 1250 erat
206 1208 296 1250 his.
357 1206 444 1249 Sed
465 1206 569 1247 hinc
592 1212 656 1246 est
690 1203 743 1246 ab
777 1204 861 1246 hae
886 1220 983 1260 par-

91 1273 159 1316 te,
187 1265 487 1319 innuiturque
516 1261 637 1303 hisce
675 1261 825 1306 verbis
854 1259 980 1317 vulgi

90 1321 233 1364 studia
259 1319 393 1363 fuisse
419 1332 554 1376 penes
587 1318 689 1368 hos,
722 1333 812 1359 non
879 1333 981 1360 enes

89 1377 209 1421 illos.
289 1378 342 1420 ln
376 1375 552 1434 vulgato
584 1376 799 1417 mendum
846 1334 982 1418 fatere

89 1437 179 1479 iam
200 1433 422 1485 adnotavi,
448 1449 588 1490 quum
607 1432 849 1475 editionem
864 1432 980 1490 Spir-

89 1492 294 1536 nondum
317 1490 618 1548 inspexissem.
680 1490 739 1533 cf.
763 1489 980 1532 Observv.

87 1550 136 1592 in
172 1548 227 1593 C.
259 1548 460 1594 Cornelii
496 1546 639 1590 Taciti
670 1563 832 1604 opera,
882 1561 981 1603 spe·

89 1607 238 1650 cimen
261 1607 451 1648 alterum
473 1621 519 1662 p.
549 1606 616 1646 17.
677 1603 795 1645 Infra
823 1604 888 1652 13,
906 1604 979 1646 ΒΞ.

88 1664 157 1707 ed.
202 1664 323 1721 Spir.
369 1664 529 1705 iterum
576 1661 707 1703 habet
751 1662 856 1704 hino
896 1676 980 1719 pro

89 1721 215 1778 vulg.
241 1721 369 1771 huic,
400 1719 482 1761 sed.
502 1733 752 1775 perperam.

147 1782 320 1820 alacre..
378 1773 604 1832 Edsspir.
628 1777 796 1818 alacte.

147 1848 320 1886 magno
344 1834 468 1875 inter
499 1833 737 1873 barbaros.
795 1829 978 1874 Scilicet

89 1893 207 1936 inter
226 1891 453 1933 Romanos
491 1887 604 1930 illud
635 1885 860 1944 proelium
883 1903 977 1929 non

87 1949 243 1992 suisset
293 1947 478 2005 dignum
534 1944 853 2000 magnitudinis
898 1961 978 1987 no-

89 2007 225 2054 mine,
303 2013 356 2046 ut
392 2005 516 2046 inter
546 2003 770 2044 barbaros
802 2001 975 2060 Lipsius

87 2066 133 2108 in
155 2062 354 2121 margine
378 2060 544 2119 posuit.

145 2135 272 2177 dein.
340 2132 415 2175 Sic
446 2129 550 2172 MS.
581 2127 708 2172 Flor.
743 2135 844 2172 test.
881 2131 975 2174 lac.

90 2193 298 2235 Gronov.
342 2187 774 2243 (Victorius·1amen
814 2188 976 2228 dehinc

89 2253 303 2294 intactum
351 2244 557 2303 reliquit)
603 2241 758 2285 Guelf.
815 2243 980 2302 aliique

87 2308 202 2365 apud
229 2304 508 2353 Broterium,
540 2302 638 2344 edd.
656 2301 771 2357 Spir.
793 2300 972 2345 Ernest-

89 2381 187 2421 sqq.
219 2389 276 2399 -
323 2363 484 2402 deinde
511 2359 611 2401 MS.
641 2357 754 2399 Eud.
782 2381 838 2390 —
892 2363 972 2401 de-

87 2425 191 2463 hinc
216 2419 314 2461 MS.
343 2415 520 2459 Bodlei.
568 2416 669 2458 edd.
698 2414 799 2457 Put.
827 2415 899 2460 M.
931 2424 975 2458 et

92 2478 147 2521 V.
179 2474 390 2519 Beroald.
413 2473 514 2515 Ale.
539 2472 682 2515 Rhen.
711 2487 809 2528 sqq.

146 2547 581 2600 Langobardorum.
675 2541 806 2585 MSS.
848 2541 972 2585 Harl.

86 2605 218 2649 Bodt.
241 2603 324 2646 les.
351 2600 500 2644 Guelf.
527 2599 626 2643 edd.
651 2599 973 2657 Spi1·.'Put.M.

88 2674 129 2706 et
146 2661 637 2715 V.'longobaruorum.
698 2656 758 2699 cf.
790 2666 886 2700 not.
920 2658 974 2699 ad

89 2722 245 2764 Germ.
269 2735 310 2762 c.
336 2719 405 2759 40.
436 2724 478 2758 et
500 2715 589 2759 An.
611 2715 651 2766 2,
673 2710 743 2757 45.

150 2790 416 2832 Cheruscas.
486 2784 562 2828 Sic
593 2783 730 2828 MSS.
759 2783 885 2827 Flor.
921 2785 970 2839 (t.

89 2848 165 2905 V.)
190 2844 341 2890 Guelf.
365 2842 465 2887 edd.
490 2841 607 2899 Spir.
631 2842 732 2885 Put.
756 2841 826 2886 M.
851 2851 894 2885 et
916 2842 972 2886 V.

87 2906 288 2949 Rhenan.
326 2916 424 2959 sqq.
493 2902 730 2943 ethruscas
766 2899 868 2944 edd.
891 2900 973 2944 Be·

87 2962 232 3007 roald.
265 2959 392 3022 Alc-..q

155 3031 267 3076 CM».
283 3030 348 3072 18.
376 3029 514 3070 nulla
535 3028 835 3072 dissensione.
897 3028 974 3072 Sic

10 3113 13 3115 ·
86 3090 190 3135 MS.
205 3085 354 3130 Guelf.
378 3085 476 3127 edd.
502 3084 606 3128 Put.
631 3085 698 3128 M.
723 3095 764 3129 et
787 3086 844 3131 V.
867 3085 972 3129 Ber.

88 3145 400 3193 Alc.Rheuan.
425 3159 526 3199 sqq.
586 3142 686 3185 MS.
706 3144 825 3186 Flor.
854 3145 970 3199 (test.

85 3206 222 3259 Vici.)
242 3203 371 3244 milia
393 3203 463 3250 d.,
494 3200 612 3256 quod
628 3201 850 3243 Victorius
874 3217 971 3244 cor·

74 3263 195 3306 -rexit
216 3262 358 3300 nulla.
417 3257 499 3300 Ed.
524 3253 641 3313 Spir.
674 3259 841 3300 militia
862 3259 970 3301 diss.

144 3316 404 3371 Sanquinii.
465 3312 523 3356 es.
555 3315 596 3364 6,
625 3314 668 3358 4.
731 3315 813 3361 Ed.
849 3314 968 3374 Spir-

86 3372 358 3429 Antiquinii.

145 3434 342 3472 alacres.
404 3428 484 3471 Ed.
509 3427 624 3482 Spir.
649 3429 763 3470 Alae
786 3443 889 3470 rex.

142 3486 394 3530 auxiliaris
427 3495 470 3527 ec
502 3487 583 3527 diu
617 3487 824 3527 meritus.
893 3485 970 3530 Sic

89 3545 188 3588 edd.
224 3544 326 3586 l'ut.
364 3542 429 3587 M.
460 3553 501 3588 et
525 3545 578 3586 V.
619 3541 828 3589 Beroald.
864 3543 966 3588 Alc.

1055 1143 1254 1188 Rhenan.
1279 1161 1378 1203 sqq.
1411 1160 1521 1202 quae
1547 1150 1701 1186 tamen
1724 1142 1944 1210 scriptura

1055 1202 1158 1246 satis
1196 1203 1328 1247 dubia
1360 1219 1453 1245 esse
1477 1202 1654 1245 videtur
1688 1201 1746 1244 ob
1779 1200 1958 1255 disseri·->

1055 1276 1155 1307 sum
1188 1260 1401 1303 codicum
1428 1258 1564 1302 MSS.
1622 1258 1661 1300 E
1685 1257 1788 1301 MS.
1817 1258 1946 1302 Flor-

1055 1317 1142 1360 lac.
1168 1315 1429 1361 Gronovius
1452 1316 1672 1374 prodidit:
1704 1316 1946 1358 auxiliare

1054 1389 1118 1419 ex
1145 1376 1230 1418 diu
1259 1377 1453 1417 meritis.
1526 1372 1756 1416 Victorius
1792 1381 1944 1417 tamen

1053 1432 1233 1489 vulgata
1266 1432 1429 1476 intacta
1459 1430 1656 1488 reliquit.
1715 1430 1888 1489 Lipsius
1917 1445 1945 1472 e

1052 1489 1153 1532 MS.
1175 1490 1277 1533 Vat.
1313 1488 1482 1533 adfert:
1521 1489 1759 1530 auxiliare
1787 1492 1871 1530 esd
1897 1491 1946 1530 in

1053 1547 1258 1591 meritis:
1335 1545 1436 1588 MS.
1476 1546 1659 1589 Farnes.
1709 1548 1945 1588 auxiliare

1052 1619 1117 1647 ex
1139 1605 1414 1646 drumentis.
1439 1627 1497 1636 -
1538 1602 1671 1646 MSS.
1687 1601 1943 1661 BodLAgr.
1974 1608 1984 1618 ‘

1051 1662 1308 1703 auxiliaris
1338 1675 1401 1702 ex
1430 1662 1511 1702 diu
1543 1662 1728 1704 meritis.
1808 1660 1945 1703 Hein-

1050 1718 1139 1761 sius
1163 1727 1319 1762 contra
1333 1717 1399 1776 Ry
1407 1717 1556 1762 ckium
1576 1725 1762 1760 testatur
1781 1717 1829 1759 in
1843 1715 1945 1760 MS.

1051 1776 1160 1833 Agr.
1211 1791 1328 1818 esset
1359 1822 1363 1827 ,
1392 1776 1596 1816 nationis
1638 1774 1944 1830 Caninesatis,

1049 1833 1301 1876 auxiliaris
1322 1839 1367 1873 et
1388 1832 1468 1873 diu
1489 1831 1679 1874 meritis.
1703 1859 1774 1868 -x
1802 1831 1942 1877 MSS.

1048 1888 1174 1931 Harl.
1211 1888 1290 1932 les.
1328 1887 1480 1931 Guelf.
1514 1888 1770 1931 auxiliaris
1805 1897 1850 1931 et
1879 1905 1944 1934 ex

1048 1948 1125 1989 diu
1144 1947 1355 1993 meritus.
1380 1959 1446 1981 -—·
1472 1945 1573 1988 MS.
1595 1945 1703 2003 Reg.
1732 1949 1946 1991 auxilia—

1048 2017 1126 2047 res
1149 2005 1228 2046 diu
1251 2003 1442 2046 meritis.
1469 2026 1529 2036 -—
1576 2001 1678 2046 MS.
1692 2003 1808 2047 Bud.
1835 2021 1943 2050 cum

1047 2062 1170 2105 Flor.
1195 2060 1443 2114 consentit3
1472 2077 1494 2104 a
1516 2076 1585 2118 pr.
1611 2077 1673 2103 m.
1697 2069 1844 2105 tamen
1868 2062 1943 2106 ha-

1046 2121 1122 2162 bet
1145 2120 1412 2165 auxiliaris.
1460 2117 1545 2160 Ed.
1562 2117 1677 2175 Spir.
1700 2120 1942 2164 auxiliare

1046 2191 1070 2218 e
1070 2175 1115 2232 s
1116 2177 1219 2218 dui
1243 2176 1448 2227 meritis,
1487 2191 1583 2218 non
1609 2174 1673 2218 uti
1697 2175 1836 2219 refert
1861 2178 1942 2222 Er-

1047 2233 1240 2276 uestium
1299 2236 1382 2275 esd
1414 2233 1481 2280 in.
1568 2231 1702 2276 Vides
1745 2234 1941 2291 optimos

1045 2290 1186 2334 libros
1213 2290 1466 2333 consentire
1492 2291 1537 2334 in
1569 2291 1770 2340 meritis,
1815 2301 1858 2335 et
1891 2293 1939 2336 in

1045 2348 1290 2390 auxiliare
1302 2379 1314 2398 ‚

1048 2405 1154 2447 dum
1189 2412 1267 2448 est.

1048 2461 1171 2517 quod
1193 2471 1256 2505 est
1279 2461 1399 2505 inter
1423 2463 1660 2505 auxiliare
1676 2470 1718 2505 et
1740 2465 1939 2510 meritis.

1045 2518 1125 2560 Ex
1166 2518 1277 2561 nihil
1317 2520 1589 2563 auctoritatis
1631 2519 1790 2570 habet,
1837 2523 1939 2579 quia

1047 2585 1110 2618 est
1133 2591 1158 2617 a
1180 2578 1430 2620 recentiore
1454 2593 1589 2619 manu
1617 2577 1665 2619 in
1680 2577 1806 2621 Flor.
1820 2611 1833 2631 ‚
1862 2580 1939 2623 ab·

1046 2641 1110 2675 est
1132 2649 1158 2675 a
1179 2633 1320 2678 Vatic.
1345 2643 1386 2677 et
1409 2634 1518 2692 Reg.
1580 2635 1773 2679 Litterae
1797 2650 1822 2678 s
1839 2630 1874 2679 d
1891 2639 1939 2680 iu

1044 2691 1092 2732 in
1118 2689 1219 2732 Vat.
1245 2698 1288 2732 et
1307 2691 1415 2748 Reg.
1447 2700 1489 2733 et
1521 2690 1588 2734 ed.
1613 2690 1729 2750 Spir.
1757 2708 1810 2736 eo
1845 2710 1938 2738 ma-

1045 2747 1109 2804 gis
1152 2749 1370 2804 genuinae
1403 2764 1495 2790 esse
1529 2748 1767 2800 videntur,
1813 2753 1937 2809 quod

1046 2804 1366 2848 emendationis
1407 2804 1556 2848 studio
1598 2807 1762 2851 intaeta
1807 2825 1937 2852 man·

1043 2870 1212 2904 serunt.
1272 2861 1544 2919 Promptum
1578 2862 1715 2922 igitur
1740 2873 1806 2907 est
1839 2882 1936 2909 cor·

1043 2919 1210 2977 rigere:
1233 2920 1476 2962 auxiliare
1491 2921 1778 2974 stipendium
1799 2927 1934 2966 meri-

1044 2977 1122 3019 tis.
1184 2976 1416 3022 Ablativus
1453 2979 1631 3021 meritis
1662 2979 1844 3035 respicit
1877 2981 1934 3024 ad

1043 3032 1318 3078 vocabulum
1352 3037 1542 3077 natione
1578 3036 1717 3091 (quod
1752 3044 1816 3079 est
1842 3040 1934 3083 coi-

1046 3090 1309 3144 leetivum)‚
1349 3101 1398 3134 ut
1427 3091 1487 3135 ita
1521 3089 1783 3136 Gannascus
1814 3094 1933 3139 dica·

1044 3155 1118 3190 tur
1147 3150 1333 3191 natione
1366 3147 1413 3189 C.
1427 3181 1439 3200 ,
1470 3151 1548 3203 qui
1574 3150 1808 3194 auxiliare
1839 3153 1930 3194 sti-

1039 3207 1262 3259 pendium
1294 3214 1568 3247 meruerunt
1599 3205 1643 3249 h.
1676 3221 1719 3251 e.
1751 3210 1933 3254 natione

1044 3261 1098 3306 C.
1134 3271 1175 3305 et
1207 3277 1255 3303 ex
1292 3261 1342 3305 iis
1385 3262 1576 3306 nationis
1608 3261 1932 3320 Canninefatis,

1043 3318 1121 3375 qui
1157 3335 1196 3361 a.
1231 3327 1283 3364 st.
1316 3328 1592 3364 meruerunt.
1651 3320 1755 3364 Non
1787 3325 1933 3378 video,

1044 3393 1125 3419 cur
1164 3376 1272 3418 haec
1305 3385 1528 3420 structura
1570 3379 1687 3435 apud
1724 3379 1931 3426 Tacitum

1042 3433 1273 3488 displicere
1306 3434 1461 3490 possit.
1533 3435 1739 3479 Aliorum
1780 3454 1930 3482 emen-

1042 3490 1240 3531 dationes
1262 3498 1336 3534 aut
1367 3490 1501 3534 nimis
1533 3508 1556 3534 a
1581 3502 1691 3537 vett.
1718 3493 1841 3538 libris
1863 3512 1930 3540 re·

1042 3547 1206 3592 eodum
1237 3557 1312 3591 aut
1335 3546 1499 3592 idoneo
1523 3565 1658 3594 sensu
1681 3551 1929 3597 destituun-

1343 2405 1568 2448 Vacillant
1603 2420 1758 2448 omnes
1789 2405 1838 2448 in
1871 2422 1940 2460 eo,

1356 2348 1475 2404 quod
1511 2349 1624 2392 bene
1649 2348 1939 2394 consideran·
2011 2351 2016 2359 ⁸
