2164 3990
927 126 936 152 l

161 288 212 326 A.
228 289 280 326 U.
297 288 384 324 stus.

163 333 213 369 A.
233 332 279 368 e.
324 332 384 376 ⁵5.

621 289 796 351 ΜΒ.
833 286 1002 350 xm.
1087 286 1277 351 cAP.
1321 267 1394 351 1?
1802 259 1935 354 147

75 423 265 498 segnis
291 433 348 479 et
370 419 872 477 dominationibus
900 417 1031 475 aliis
1058 418 1382 489 fastidium,
1423 420 1570 478 adeo
1596 431 1664 479 ut
1682 420 1748 484 C.
1772 424 1923 484 Cae-

76 529 171 565 sar
207 508 490 582 pecudem
529 524 766 560 auream
803 522 938 565 eum
978 504 1271 577 appellare
1309 503 1514 586 solitus
1550 506 1652 576 sit,
1713 520 1922 582 verum

75 587 402 667 Agrippina
446 590 616 646 fratri
655 588 780 644 eius
821 585 892 646 L.
930 586 1134 644 Silano
1171 608 1373 645 necem
1416 591 1621 647 molita
1664 593 1919 652 ultorem

74 677 401 744 metuebat,
468 675 671 730 crebra
721 672 885 746 vulgi
933 672 1089 728 fama
1133 677 1611 749 anteponendum
1657 696 1777 734 esse
1820 682 1921 738 vix

77 765 221 819 dum
266 759 578 837 pueritiam
627 777 850 831 egresso
889 755 1115 813 Neroni
1148 769 1203 814 et
1241 759 1554 833 imperium
1589 781 1696 836 per
1734 766 1920 827 scelus

78 849 288 920 adepto
315 845 511 901 virum
543 855 728 900 aetate
770 845 1115 916 composita,
1156 842 1483 914 insontem,
1525 847 1820 919 nobilem,
1865 862 1922 908 et

77 933 235 1007 quod
263 942 403 987 tunc
425 940 813 1003 spectaretur,
858 947 887 982 e
915 925 1228 984 Caesarum
1264 929 1528 1002 posteris,
1614 933 1831 1009 quippe
1867 948 1923 993 et

76 1015 313 1074 Silanus
361 1014 486 1070 divi
533 1009 786 1086 Augusti
828 1013 1087 1086 abnepos
1123 1022 1260 1071 erat.
1358 1009 1501 1071 haec
1537 1035 1706 1081 causa
1746 1021 1924 1081 necis,

75 1100 337 1158 ministri
370 1100 531 1155 fuere
560 1097 627 1158 P.
663 1096 834 1154 Celer
866 1115 1040 1172 eques
1073 1094 1381 1153 Romanus
1419 1100 1481 1156 et'
1505 1097 1712 1157 Helius
1743 1103 1927 1163 liber-

0 1184 14 1189 “
77 1197 171 1242 tus
193 1186 281 1241 rei
311 1183 589 1239 familiari
622 1181 906 1257 principis
930 1181 994 1235 in
1018 1179 1159 1236 Asia
1186 1181 1465 1256 impositi.
1551 1186 1625 1242 ab
1660 1182 1753 1243 his
1784 1210 1927 1264 pro-

78 1270 308 1328 consuli
341 1287 636 1324 venenum
675 1267 829 1322 inter
870 1265 1070 1340 epulas
1105 1265 1308 1322 datum
1344 1279 1428 1324 est
1463 1270 1718 1344 apertius
1749 1294 1926 1349 quam

76 1366 145 1411 ut
175 1355 467 1411 fallerent.
551 1350 673 1407 Nec
696 1351 895 1407 minus
918 1362 1231 1425 properato
1255 1349 1559 1410 Narcissus
1585 1353 1821 1414 Claudii
1851 1361 1928 1416 li·-

3 1428 20 1434 ‘
77 1440 307 1507 bertus,
372 1439 445 1492 de
489 1437 654 1492 cuius
698 1435 905 1508 iurgiis
952 1435 1229 1492 adversus
1272 1431 1664 1513 Agrippinam
1709 1445 1928 1514 rettuli,

78 1543 278 1600 aspera
299 1521 562 1579 custodia
591 1532 646 1578 et
671 1521 1008 1578 necessitate
1043 1531 1297 1578 extrema
1335 1523 1411 1578 ad
1445 1535 1693 1582 mortem
1737 1529 1930 1602 agitur

81 1779 321 1818 vocaverat
356 1771 651 1817 irritaverat,
683 1768 804 1826 quod
835 1775 898 1812 est
922 1767 968 1810 in

82 1831 218 1874 MSS.
261 1828 386 1871 Flor.
439 1827 566 1881 (test.
612 1826 764 1881 Vict.)
816 1824 965 1868 Guelf.

82 1889 197 1932 Bud.
225 1887 309 1944 (pr.
334 1887 414 1941 m.)
437 1882 563 1927 Harl.
592 1883 723 1925 Bodl.
751 1883 832 1926 les.
866 1882 967 1925 edd.

81 1946 185 1989 Put.
210 1944 278 1986 M.
304 1952 344 1986 et
362 1943 418 1986 V.
487 1940 574 1982 Sed
599 1940 781 1996 Bipont.
807 1938 965 1983 Oberl.

81 2021 102 2046 s
137 2019 181 2060 q.
240 2002 350 2043 bene
409 1997 642 2041 restituere
700 1997 970 2039 irritaverit.

126 2076 186 2102 on
209 2056 538 2110 enin1.,‹le.vera
573 2062 648 2097 aut
683 2063 804 2097 certa
840 2068 969 2096 causa

82 2131 231 2160 sermo
259 2123 346 2163 est,
377 2113 454 2156 sed
489 2120 643 2154 monet
665 2110 881 2168 scriptor,
910 2125 968 2153 ne

81 2174 180 2232 quis
203 2180 329 2230 putet
349 2168 519 2230 ingenii
541 2168 747 2211 violentia
766 2168 968 2211 Silanum

82 2229 337 2275 inritavisse
363 2230 524 2271 exitum
549 2226 647 2269 sibi.

12 2300 16 2314 ¹
138 2288 194 2331 L.
208 2286 387 2330 Silano.
433 2284 509 2328 Sic
532 2283 633 2327 edd.
652 2290 841 2325 recenti.
866 2281 970 2324 inde

83 2364 107 2390 a
131 2343 268 2403 Lipsii
290 2346 446 2401 prima.
475 2365 533 2374 -
591 2339 811 2396 Ed.Spi1·.
837 2339 970 2381 MSS.

82 2404 191 2460 Reg.
217 2400 356 2443 Corb.
373 2399 420 2442 C.
440 2399 638 2441 Sillano.
699 2395 833 2439 MSS.
847 2395 970 2438 Harl.

82 2459 217 2504 Bodl.
244 2458 329 2500 les.
360 2456 460 2499 edd.
481 2455 586 2497 Put.
608 2454 675 2495 M.
711 2461 752 2496 et
776 2451 831 2496 V.
865 2453 969 2494 Ber.

83 2517 185 2562 Alc.
210 2514 353 2557 Rhen.
379 2512 484 2555 Ald.
505 2511 562 2556 L.
583 2512 785 2555 Siliano.
867 2510 969 2551 MS.

84 2572 238 2618 Guelf.
258 2571 316 2615 L.
338 2570 549 2625 Syllano.
609 2567 852 2625 Vulgatum
878 2574 971 2608 tue-

82 2641 158 2675 tur
179 2629 280 2673 MS.
306 2628 342 2671 F
346 2627 433 2672 lor.
471 2627 587 2682 (test.
611 2623 751 2682 Vici.)
777 2633 818 2668 et
842 2623 970 2666 loeus

143 2746 266 2802 quod
282 2768 290 2773 s
308 2750 415 2785 tunc
445 2746 750 2794 spectaretur.
832 2737 971 2780 Erne-

0 2797 12 2834 ἶ
83 2805 215 2850 snus,
266 2815 289 2843 e
324 2797 467 2842 Taciti
495 2811 687 2855 persona
723 2812 827 2838 cum
866 2795 973 2838 haec

0 2900 1 2903 ,
86 2862 203 2906 dicta
237 2858 345 2908 sint,
375 2854 474 2900 vult
504 2855 814 2908 spectabatur.
874 2851 972 2895 Fal·

7 2931 11 2934 ⁴
86 2919 208 2962 litur.
271 2911 486 2969 Quamvis
511 2912 629 2954 enim
653 2909 834 2954 Tacitus
865 2908 975 2952 haee

87 2993 110 3017 e
132 2990 209 3017 sua
240 2985 431 3029 persona
469 2967 645 3019 dixerit,
698 2983 790 3009 non
825 2974 974 3008 tamen

87 3034 148 3076 ita
180 3029 314 3079 dixit,
351 3036 399 3069 ut
423 3041 503 3083 per
524 3041 569 3068 se
591 3032 849 3068 constarent
878 3031 973 3065 tan-

0 3101 11 3115 *
89 3103 223 3147 quam
255 3083 434 3128 aliunde
469 3082 627 3126 lectori
658 3081 860 3137 cognita,
896 3080 973 3122 sed

86 3159 211 3190 nune
250 3143 431 3185 demum
471 3139 627 3190 docet,
678 3138 722 3181 id
764 3147 876 3180 tunc
910 3137 974 3179 sic

0 3199 2 3205 ’
45 3239 52 3244 ,
87 3217 179 3246 esse
214 3207 485 3258 spectatum,
532 3196 725 3252 ideoque
760 3195 869 3238 haec
905 3209 972 3237 ce-

87 3259 194 3306 teris
228 3257 370 3313 iungit
416 3269 492 3312 per
533 3268 692 3294 nexum
735 3251 970 3294 causalem.

0 3321 5 3339 ²
88 3317 164 3361 Sic
190 3316 257 3363 12,
277 3314 349 3356 64.
380 3312 471 3354 suis
490 3309 681 3364 selum,
709 3310 782 3350 cui
802 3309 972 3361 accipi-

10 3371 19 3374 ”
87 3382 210 3416 trum
253 3382 432 3425 ungues
469 3368 670 3409 inessent
708 3366 818 3418 (uon
866 3366 971 3406 ine-

86 3433 236 3485 rant).
306 3426 367 3471 cf.
409 3424 467 3467 ibi
503 3431 598 3466 not.
680 3422 792 3464 Hist.
828 3423 867 3472 1,
899 3425 968 3464 11.

2 3502 10 3507 ’
87 3491 345 3542 Aegyptum
371 3484 635 3536 copiasque,
664 3481 823 3534 quibus
842 3493 970 3522 coer-

89 3553 292 3592 cet-etur,
323 3541 398 3584 ubi
421 3538 647 3581 Ernestius
683 3537 847 3579 frustra
884 3536 975 3579 vult

89 3607 339 3644 coercetur.
429 3595 519 3640 An.
552 3596 594 3647 1,
624 3594 695 3639 64.
737 3594 976 3649 planities,

1039 1782 1159 1823 quae
1221 1772 1406 1809 tenuem
1466 1769 1613 1811 ace'em
1668 1780 1928 1825 pateretur.

1040 1822 1281 1867 Permultis
1303 1823 1413 1868 locis
1436 1824 1494 1867 ita
1517 1828 1851 1874 coniunctivum
1881 1833 1928 1876 in

1039 1880 1330 1924 indicativum
1381 1881 1499 1938 apud
1549 1882 1755 1933 Tacitum
1811 1890 1931 1934 male

1039 1946 1213 1980 mutant
1243 1937 1532 1994 interpretes,
1582 1941 1646 1983 uti
1682 1942 1800 1987 infra
1837 1963 1929 1990 sae·

1038 1996 1139 2053 pius
1172 1993 1441 2038 videbimus.
1511 1995 1569 2039 cf.
1603 2008 1699 2042 not.
1734 2002 1788 2043 ad
1821 2003 1861 2054 2,
1887 2006 1930 2050 6.

1041 2053 1122 2095 sub
1147 2067 1224 2096 vv.
1245 2054 1390 2094 donee
1414 2052 1598 2095 Oceano
1623 2057 1895 2105 misceatur.

1098 2109 1150 2152 P.
1177 2108 1322 2151 Celer.
1395 2109 1434 2151 E
1469 2112 1749 2157 correctione
1781 2116 1931 2175 Lipsii.

1041 2166 1097 2209 cf.
1131 2182 1169 2209 c.
1196 2164 1266 2208 33.
1315 2165 1428 2210 Hist.
1453 2167 1494 2215 4,
1529 2168 1596 2211 18.
1657 2170 1780 2216 Libri
1811 2184 1933 2228 vett„

1041 2223 1143 2266 edd.
1175 2230 1216 2265 et
1238 2221 1396 2275 MSS„
1435 2223 1510 2282 hic
1538 2224 1701 2272 habent
1721 2229 1775 2274 P.
1799 2233 1928 2276 Cele-

1039 2296 1149 2324 rlus.

1071 2337 1280 2382 ‘Helius.
1343 2338 1420 2384 Sic
1444 2339 1547 2383 MS.
1575 2339 1726 2385 Guelf.
1759 2351 1801 2387 et
1835 2361 1932 2388 sua·

1042 2394 1174 2438 dente
1215 2395 1391 2454 Ryckio
1445 2397 1546 2440 edd.
1602 2398 1779 2444 Ernest.
1834 2418 1931 2460 sqq.

1042 2451 1100 2493 cf.
1125 2452 1311 2496 Sueton.
1333 2453 1438 2496 Ner.
1466 2470 1507 2497 c.
1527 2453 1599 2498 23.
1659 2456 1800 2500 Dioni
1823 2458 1931 2502 dici-

1040 2507 1284 2558 tur‘zltaoq
1314 2510 1385 2559 63,
1410 2511 1476 2553 18.
1534 2510 1651 2554 Edd.
1682 2513 1798 2571 Spir.
1826 2515 1930 2563 Put.

1040 2564 1106 2607 M.
1132 2575 1174 2608 et
1198 2565 1256 2610 V.
1288 2566 1493 2610 Beroald.
1526 2569 1584 2621 (c.
1615 2567 1761 2614 silent.
1786 2569 1927 2630 Vici.)

1041 2621 1143 2665 Ale.
1163 2621 1305 2666 Rhen.
1325 2623 1433 2667 Ald.
1451 2624 1593 2667 Elius.
1654 2626 1935 2674 Posteriores

1041 2679 1143 2722 edd.
1166 2688 1349 2723 auctore
1367 2681 1518 2739 Lipsio
1534 2682 1694 2726 Aelius
1716 2701 1855 2744 usque
1877 2687 1932 2731 ad

1043 2736 1319 2780 Ernestium.
1686 2777 1688 2779 a

1088 2795 1338 2851 familiari.
1397 2795 1479 2839 Ed.
1495 2796 1527 2839 S
1560 2795 1612 2839 ir.
1623 2795 1904 2852 familiaris.

1102 2853 1160 2894 ab
1182 2852 1267 2895 his.
1327 2852 1403 2896 Sic
1415 2854 1514 2896 MS.
1527 2813 1678 2898 guelf.
1703 2855 1932 2915 edd.Spir.

1046 2917 1087 2951 et
1110 2907 1294 2951 Pichen.
1325 2925 1348 2952 e
1381 2909 1483 2954 MS.
1519 2910 1644 2954 Flor.
1703 2911 1935 2958 Victorius

1049 2975 1193 3008 tamen
1244 2965 1461 3010 intactum
1512 2968 1593 3010 reli
1629 2968 1695 3010 uit
1746 2973 1804 3012 ab
1858 2974 1937 3020 iis,

1046 3023 1167 3081 quod
1201 3031 1265 3064 est
1289 3022 1334 3065 in
1360 3023 1464 3066 edd.
1484 2984 1680 3068 Putflw.
1706 3035 1750 3069 et
1775 3028 1833 3070 V.
1850 3029 1935 3072 Be-

1044 3079 1185 3123 roald.
1209 3079 1467 3122 Ale.Rhen.
1491 3096 1588 3148 sqq.
1646 3085 1704 3124 ab
1726 3083 1816 3126 hiis
1830 3086 1932 3130 MS.

1043 3137 1161 3180 Bud.
1221 3136 1291 3179 De
1316 3139 1538 3194 frequenti
1572 3139 1806 3197 utriusque
1831 3158 1934 3200 pro-

1043 3193 1263 3294 ¹1¹⁰3¹2⁵¹¹³⁵t
1286 3194 1616 3294 pfrbrfmtatffine
1647 3196 1732 3297 ffxf's
1750 3206 1854 3298 Ἓξ,
1875 3201 1931 3300 i?

1072 3283 1084 3302 ,
1175 3282 1185 3293 .
1220 3266 1242 3292 e
1294 3267 1316 3294 a
1337 3267 1351 3292 ι
1385 3268 1413 3294 ι.
1565 3267 1619 3294 ox
1737 3286 1747 3297 .
1859 3274 1881 3300 e
1920 3290 1932 3301 .

1040 3308 1317 3362 preconsuli.

1100 3379 1183 3406 nee
1202 3365 1371 3406 minus.
1434 3363 1501 3406 Ed
1537 3364 1655 3422 Spir.
1686 3382 1745 3410 ne
1762 3370 1931 3416 minus.

1099 3421 1274 3464 rettuli.
1337 3421 1394 3463 cf.
1421 3422 1488 3469 12,
1509 3422 1579 3465 65.

1099 3480 1269 3532 agitur.
1331 3477 1429 3520 MS.
1454 3479 1562 3535 Agr.
1596 3483 1822 3538 adigitur,
1865 3485 1931 3528 uti

1044 3536 1258 3581 volebant
1270 3533 1465 3578 Ursinus
1489 3545 1531 3580 et
1552 3537 1774 3586 Muretus.
1818 3542 1933 3585 Fru-

1046 3600 1152 3637 stra.

1274 3652 1414 3711 KQ
