2164 3990
23 2094 26 2097 -
110 2060 216 2104 sitae
246 2072 361 2101 man
382 2059 492 2113 geht
513 2071 577 2100 an
597 2061 689 2101 den
710 2058 858 2100 Senat
877 2067 963 2103 etc.

192 223 247 261 Α.
256 221 316 269 ‚U-
330 220 416 258 81⁶.

172 267 248 304 Ἀ.
268 265 318 304 ο.
343 265 416 314 ω.

608 213 942 297 ιῐΒ.,Χν.
1005 219 1199 288 CAP.
1236 222 1332 286 19.
1365 223 1468 287 ρο.
1836 181 1961 282 349

111 361 357 429 adeunt,
397 357 492 414 ius
514 362 759 412 naturae
774 399 792 424 ,
828 354 1060 411 labores
1084 355 1375 412 educandi
1398 351 1674 414 adversus
1693 358 1963 416 fraudem
1994 426 2001 432 ,

110 457 168 502 et
191 455 345 501 artes
370 453 426 500 et
452 439 802 498 brevitatem
827 439 1162 515 adoptionis
1191 453 1563 498 enumerant:
1620 443 1758 499 satis
1785 445 1963 520 pretii

110 549 234 586 esse
259 528 453 596 orhiS,
504 525 666 602 quod
696 524 884 581 multa
918 525 1250 596 securitate,
1301 527 1486 583 nullis
1516 528 1796 584 oneribus
1829 549 1963 603 gra-

38 680 42 683 .
109 615 282 683 tiam,
334 609 619 679 honoreS,
674 621 881 666 cuncta
901 621 1177 685 prompta·
1200 622 1256 668 et
1280 612 1455 668 obvia
1476 607 1779 674 haberent.
1850 615 1988 671 sibi·

109 698 396 774 promissa
447 697 647 768 legum
712 695 817 751 diu
885 706 1207 769 exspectata
1270 695 1336 751 in
1399 695 1728 754 ludibrium
1793 700 1964 769 verti,

112 783 349 860 quando
375 781 509 858 quis
537 779 662 836 sine
692 779 1091 837 sollicitudine
1124 800 1370 854 parem,
1424 782 1550 838 sine
1587 781 1964 841 luctu-orbus

111 870 288 942 longa
319 877 557 942 patrum
589 877 727 922 vota
756 876 996 940 repente
1034 866 1405 941 adaequaret.
1500 865 1745 924 Factum
1784 889 1853 925 ex
1891 889 1961 926 eo

111 964 347 1010 senatus
393 950 758 1019 consultum,
821 970 898 1005 ne
944 950 1218 1006 simulata
1257 950 1496 1026 adoptio
1535 951 1600 1007 in
1634 953 1756 1009 ulla
1797 966 1965 1029 parte

109 1037 372 1096 muneris
393 1036 620 1112 publici
643 1036 870 1094 iuvaret
893 1055 959 1092 ac
984 1054 1058 1092 ne
1083 1036 1440 1111 usurpandis
1466 1037 1704 1113 quidem
1728 1034 1967 1097 heredi-

111 1124 331 1196 tatibus
360 1121 683 1198 prodesset.

281 1258 414 1320 XX.
455 1256 614 1316 Exin
638 1255 923 1315 Claudius
949 1252 1303 1314 Timarchus
1339 1253 1635 1317 Cretensis
1667 1281 1804 1319 reus
1840 1263 1966 1337 agi-

112 1357 240 1416 tur,
305 1345 509 1402 ceteris
551 1342 901 1400 criminibus
935 1353 1005 1398 ut
1038 1341 1232 1399 solent
1266 1345 1593 1418 praevalidi
1627 1347 1967 1422 provincia-

114 1431 263 1498 lium
299 1440 354 1486 et
395 1429 609 1505 opibus
647 1427 850 1483 nimiis
885 1427 961 1482 ad
995 1424 1245 1484 iniurias
1279 1428 1582 1486 minorum
1622 1432 1787 1490 elati:
1844 1453 1966 1491 una

111 1536 227 1573 vox
274 1515 398 1571 eius
441 1533 630 1590 usque
678 1513 753 1568 ad
798 1512 1219 1568 contumeliam
1261 1525 1496 1570 senatus
1541 1528 1968 1590 penetraverat,
1999 1528 2017 1539 ‘

111 1601 272 1677 quod
311 1599 632 1655 dictitasset
665 1598 730 1652 in
765 1617 868 1654 sua
899 1608 1181 1671 potestate
1220 1598 1429 1668 situm,
1483 1619 1559 1656 an
1593 1605 1967 1675 proconsuli-

107 1686 248 1754 buS‚
292 1684 396 1761 qui
409 1681 645 1740 Cretam
671 1681 1097 1752 obtinuissent,
1136 1694 1324 1756 grates
1349 1696 1676 1757 agerentur.
1765 1688 1963 1761 Quam

108 1760 474 1828 occasionem
494 1767 708 1825 Paetus
737 1763 1001 1824 Thrasea
1029 1768 1104 1825 ad
1130 1769 1356 1825 bonum
1379 1770 1687 1845 publicum
1713 1785 1964 1844 venem,

111 2007 413 2052 enumerant,
461 1999 613 2057 accipe
656 2000 888 2045 indefinite
921 2017 1000 2060 po·
1129 2003 1272 2045 nullis
1294 2003 1529 2047 oneribus.
1573 2003 1967 2064 MS.Guelf.1nu1-

1068 2059 1127 2102 Iis
1150 2062 1420 2103 honoribus.

1127 2130 1455 2173 sollicitudine.
1543 2129 1622 2174 sic
1663 2132 1767 2177 MS.
1812 2133 1965 2179 Guelf.
2023 2107 2028 2115 ’

168 2146 369 2196 adeunt,
420 2142 494 2184 ius
533 2147 735 2183 naturae
780 2149 867 2185 etc.
937 2141 1000 2184 Ex
1448 2187 1457 2197 ,

1072 2186 1176 2229 edd.
1200 2195 1303 2229 vett.
1339 2187 1398 2241 (e.
1424 2187 1569 2231 stlent.
1590 2187 1726 2245 Vict.)
1754 2199 1795 2234 et
1819 2206 1967 2251 nuper

111 2209 139 2244 ὁ
172 2201 279 2244 tima
317 2198 518 2242 Rhenani
563 2198 893 2242 emendatione.
942 2223 1001 2232 -

167 2256 246 2301 SS.
268 2257 392 2300 Flor.
420 2257 468 2309 (t.
493 2255 564 2311 V.)
590 2255 706 2298 Bud.
729 2257 1003 2299 adeuntibus

109 2323 322 2358 naturae.
380 2312 463 2356 Ed.
478 2313 598 2370 Spir.
622 2314 913 2357 adeuntibus.
944 2329 1003 2356 ne

111 2375 293 2416 labores
314 2379 398 2414 etc.
460 2370 576 2413 Illud
609 2385 667 2411 ne
696 2369 818 2412 haud
853 2371 1004 2419 dubie,

111 2439 160 2474 ut
189 2428 328 2472 multa
361 2427 493 2478 vitia,
535 2434 686 2470 ortum
719 2434 784 2469 est
822 2444 845 2470 e
880 2443 1004 2470 com-

143 2486 276 2530 endio
330 2484 577 2542 scripturae
636 2499 721 2541 pro
779 2493 1002 2529 naturae.

107 2503 214 2588 R‘IS.
236 2542 375 2586 Corb.
398 2543 674 2584 adeuntium
698 2541 772 2596 (an
792 2552 1002 2600 sequente

113 2602 184 2646 vel
218 2599 385 2644 omisso
416 2599 640 2646 vocabulo
665 2607 868 2642 naturae
889 2600 1001 2642 Bro-

108 2659 247 2704 terius
280 2673 374 2700 non
406 2655 640 2716 prodidit).
699 2655 834 2699 MSS.
868 2656 999 2702 Harl.

111 2719 192 2761 les.
234 2714 383 2758 Guelf.
425 2717 626 2765 adeunt,
676 2715 754 2756 ubi
787 2722 1003 2760 naturae.

109 2773 224 2816 Edd.
256 2772 359 2815 Put.
394 2771 463 2815 M.
495 2779 540 2814 et
569 2771 629 2814 V.
658 2770 867 2814 Beroald.
897 2771 1000 2817 Ale.

111 2834 285 2873 adeunt
311 2829 375 2870 ibi
394 2835 600 2871 naturae
621 2843 795 2870 munus
817 2831 1003 2872 labores

113 2895 199 2935 etc.
273 2882 517 2928 Oberlinus
550 2885 604 2928 de
626 2885 729 2929 MS.
753 2885 890 2931 Corb.
921 2903 1001 2930 no-

114 2953 205 2987 tam
230 2941 421 2986 Broterii
444 2942 559 2984 male
581 2942 870 2986 intellexerat.
913 2944 1001 2986 Mi-

113 3000 235 3044 nime
271 2999 391 3042 enim
411 2998 644 3042 Broterius
679 2999 909 3047 adnotavit
939 3001 1003 3044 ibi

115 3073 208 3102 esse
241 3059 330 3099 vim
360 3072 443 3114 pro
474 3057 571 3110 ius,
602 3056 669 3099 uti
694 3056 901 3102 voluerat
921 3057 1002 3100 Er-

114 3115 306 3162 nestius‚
339 3113 479 3155 immo
515 3113 559 3156 id
591 3121 765 3157 tantum
788 3114 897 3158 dicit
924 3115 1004 3158 Er·

112 3171 243 3215 nestii
277 3171 560 3214 coniecturae
603 3171 832 3228 suffragari
873 3188 1005 3238 posse

112 3229 214 3273 MS.
241 3226 380 3271 Corb.
441 3226 620 3285 Quippe
647 3229 743 3269 vim
773 3227 848 3271 ille
877 3230 1005 3272 intel-

115 3285 225 3344 ligit·
251 3300 382 3342 posse
423 3283 559 3326 latere
600 3285 646 3327 in
686 3286 1003 3330 terminatione

113 3343 358 3402 scripturae
383 3342 678 3384 adeuntium.

169 3427 433 3479 adoptionis
454 3433 751 3468 enumerant.
781 3425 867 3470 Ed.
880 3425 1000 3485 spir.

114 3484 355 3535 adoptioni
380 3491 494 3526 senff
526 3490 646 3524 erc-it.
705 3482 870 3527 Eadem
895 3500 1000 3529 mox

107 3541 354 3583 seueritate
375 3555 459 3597 pro
482 3540 744 3584 securitate.

1072 2243 1315 2287 Bekkerus.
1359 2272 1417 2279 -
1473 2247 1772 2291 solicitudine
1807 2265 1966 2295 omnes

1076 2302 1176 2344 edd.
1222 2301 1394 2344 mediae
1440 2302 1592 2346 aetatis
1635 2305 1738 2347 inde
1780 2322 1805 2349 a
1843 2306 1966 2365 Lips.

1076 2358 1240 2416 prima.
1308 2358 1419 2401 Mox
1455 2360 1643 2415 quidem
1680 2371 1782 2419 post
1822 2376 1966 2408 usur·-

1070 2416 1245 2515 ,pgnfdis
1264 2415 1386 2458 abest
1403 2433 1428 2460 a
1441 2415 1545 2461 MS.
1561 2417 1676 2462 Bud.
1707 2418 1767 2463 cf.
1790 2416 1965 2466 notsad

1131 2541 1482 2586 hereditatibus.
1576 2543 1728 2589 Guelf.
1776 2549 1966 2592 heredi-

1074 2601 1226 2642 tabus.
1288 2598 1562 2644 Idem‘liber
1593 2607 1781 2658 quando
1812 2607 1970 2653 scribit

1072 2672 1154 2716 per
1177 2657 1500 2714 compendium
1527 2660 1603 2718 ᾷῖι.

1132 2724 1331 2770 CAP.20.
1371 2726 1518 2771 Exin.
1579 2729 1682 2774 MS.
1696 2727 1822 2775 Flor.
1848 2734 1966 2789 (test.

1073 2782 1214 2836 Vict.)
1241 2785 1390 2827 exim.

1130 2854 1424 2900 Timarchus.
1498 2849 1576 2901 Sin
1611 2858 1714 2902 edd.
1749 2860 1965 2910 Beroald.

1074 2917 1195 2968 (cum
1224 2913 1370 2957 silent.
1394 2913 1535 2967 Vict.)
1571 2915 1671 2959 Ale.
1693 2917 1840 2964 Rhen.
1863 2935 1882 2964 s
1949 2952 1963 2967 .

1073 2971 1348 3013 Trimarcus
1373 2971 1442 3014 ed.
1464 2970 1584 3030 Spir.
1612 2975 1837 3019 'ttmarcus
1863 2937 1966 3024 edd.

1073 3029 1178 3071 Put.
1214 3027 1280 3071 M.
1313 3037 1356 3071 et
1384 3028 1442 3070 V.
1491 3053 1543 3064 —-
1617 3030 1721 3076 MS.
1752 3033 1905 3079 Guelf.
1941 3053 1968 3082 a

1075 3085 1220 3143 prima
1261 3101 1396 3127 manu
1437 3087 1724 3132 timarchus:
1769 3107 1865 3137 ree.
1901 3110 1965 3139 m.

1076 3143 1245 3187 addidit
1266 3157 1293 3184 r
1320 3151 1420 3201 post
1441 3151 1473 3187 t.

1132 3202 1305 3254 agitur.
1364 3200 1447 3243 Ed.
1470 3199 1588 3259 Spir.
1614 3205 1739 3258 agni.
1795 3198 1966 3253 Eadem

1074 3273 1178 3299 mox
1230 3261 1536 3301 contumelias
1583 3276 1669 3318 pro
1720 3271 1964 3308 contume-

1073 3315 1221 3365 liam;
1269 3315 1427 3358 deinde
1452 3318 1536 3358 hoc
1563 3318 1767 3371 addidit,
1807 3322 1873 3365 uti
1901 3332 1966 3368 est

1072 3371 1119 3413 in
1165 3372 1266 3416 MS.
1299 3372 1416 3414 Bud.
1497 3372 1736 3434 Vulgatam
1774 3380 1861 3422 scri
1897 3389 1964 3424 tu·

1071 3444 1168 3471 ram
1202 3437 1386 3472 tuentur
1417 3430 1520 3473 MS·
1545 3430 1697 3476 Guelf.
1731 3434 1834 3479 edd.
1903 3445 1964 3482 ut.

1071 3487 1141 3529 M.
1182 3494 1224 3529 et
1260 3487 1314 3530 V.
1356 3486 1566 3533 Beroald.
1613 3491 1675 3546 (c.
1715 3491 1788 3537 sil.
1821 3493 1962 3553 Vict.)

1070 3542 1171 3587 Alc.
1197 3543 1340 3589 Rhen.
1359 3557 1456 3603 sqq.
