2164 3990
149 241 198 275 Α.
214 238 268 274 U.
283 237 365 270 812.

150 283 198 319 A.
218 283 270 318 c,v
286 284 290 305 ³
307 281 364 313 ⁵2¹.

560 194 756 296 Lis.
799 231 992 294 xm.

1056 231 1172 293 CA
1187 232 1253 294 P.
1297 232 1398 294 44.
1474 260 1476 262 ’
1790 233 1916 294 207

65 395 135 431 ex
156 377 283 452 qua‘
306 365 500 424 statim
535 363 808 420 incensus
842 358 995 418 nihil
1030 373 1390 419 metuentem
1428 361 1584 418 ferro
1621 353 1942 453 transiret-'4

34 444 229 520 ‘berat
250 465 308 510 et
345 452 753 508 adcurrentem
785 448 1057 504 ancillam
1082 448 1326 504 vulnere
1359 447 1643 504 absterret
1676 449 1920 506 cubicu-

63 544 239 618 loque
273 533 623 613 prorumpit.

720 531 959 589 Postera
998 533 1092 587 die
1125 532 1432 588 manifesta
1472 534 1704 601 caedeS,
1758 529 1919 590 haud
1963 558 1969 562 ·

64 626 374 698 ambiguus
400 637 732 695 percussor:
779 618 995 693 quippe
1021 618 1501 674 mansitasse‘una
1526 618 1920 674 convinceba-

65 723 177 776 tur.

265 709 365 764 sed
391 706 636 761 libertus
662 723 833 759 suum
864 703 1013 759 illud
1039 702 1264 758 facinus
1291 701 1581 777 profiteri,
1625 722 1685 758 se
1717 713 1920 778 patro-

65 797 130 853 ni
153 792 397 851 iniurias
421 791 610 846 ultum
639 808 776 849 esse.
845 800 1353 864 commoveratque
1376 787 1660 865 quosdam
1686 787 1918 862 magni-

65 1035 186 1080 illam
220 1030 517 1076 mutationem
550 1029 768 1073 admittas,
786 1074 793 1077 ,⁷
840 1029 952 1072 Nam

63 1101 250 1150 partem.
286 1091 584 1131 trnebrc'zrum
618 1089 798 1129 libidini
823 1102 956 1141 sepo-

67 1164 180 1196 nere
202 1147 385 1191 minime
408 1155 471 1188 est
490 1141 633 1198 pffle
659 1152 691 1186 t.
720 1146 789 1185 uti
807 1149 872 1186 od
899 1146 953 1184 Ii-

69 1209 290 1253 bidinem,
331 1203 406 1245 sed
433 1202 580 1260 potius
610 1210 731 1259 parte
756 1196 955 1243 tehebra-

69 1281 169 1308 rum
199 1277 289 1305 non
311 1259 373 1302 uti
399 1275 542 1306 nunc,
575 1267 620 1299 ut
643 1257 728 1300 alio
754 1267 953 1314 tempore

69 1321 208 1365 utaris
230 1319 284 1361 ad
306 1316 537 1359 libidinem
560 1315 834 1370 (auf-:paren
851 1318 960 1369 fiir,

64 1380 130 1423 uti
159 1386 223 1419 est
250 1374 315 1423 14,
341 1374 454 1429 54.)‚
526 1372 616 1413 uod
651 1373 705 1413 ab
736 1372 824 1415 hoc
853 1374 957 1417 loco

68 1437 262 1480 alienum
289 1440 414 1490 pute.
479 1431 514 1471 Α
538 1429 567 1470 ii
588 1432 788 1483 seposita
820 1429 955 1472 inter-

67 1499 302 1553 pretautur
318 1494 527 1541 peracta,
543 1494 828 1539 consumpto.
884 1487 957 1528 Est

70 1567 175 1595 sane
218 1559 439 1600 seponere
483 1560 787 1602 synonymum
838 1543 956 1585 verbi

70 1619 303 1651 amovere.
377 1601 437 1644 cf.
471 1603 510 1648 1,
545 1601 612 1643 53.
648 1603 688 1651 2,
715 1601 784 1643 58.
817 1601 857 1652 4,
885 1600 957 1643 21.

69 1664 190 1718 4,81.
212 1660 285 1704 ubi
310 1672 530 1702 amovere
551 1658 610 1700 ita
633 1659 794 1700 dicitur
819 1667 864 1699 ut
884 1672 959 1699 se-

68 1734 240 1779 ponere
271 1717 311 1768 3,
346 1717 415 1759 12.
456 1717 498 1763 4,
532 1716 603 1757 44.
675 1715 782 1757 Hist.
817 1716 857 1763 Ξ,
887 1714 958 1758 33.

74 1779 225 1835 Quem
249 1773 546 1830 significatum
581 1772 616 1814 si
649 1772 960 1815 transferimus

71 1838 127 1882 ad
159 1839 357 1890 tempus,
398 1830 601 1885 seposita
634 1829 715 1872 erit
745 1838 956 1880 peracta.

72 1896 185 1939 Nam
211 1899 386 1946 tempus
421 1895 677 1937 amovetur,
720 1886 827 1928 dum
864 1903 959 1944 per-

71 1950 231 2010 agitur.
320 1944 501 1988 Rectius
551 1943 864 2000 confugiemus
904 1942 959 1986 ad

71 2024 167 2054 eam
189 2002 309 2047 verbi
334 2015 553 2054 seponere
573 2000 959 2057 significationem,

71 2081 158 2126 qua
174 2070 236 2106 est
257 2061 533 2109 absander-n,
562 2057 748 2102 seorsim
774 2074 958 2114 ponere,

69 2120 256 2168 seorsim
289 2114 592 2167 a‹1hibe1·e,.h.
615 2131 652 2157 e.
681 2115 738 2157 ita
775 2115 827 2158 ad
863 2115 958 2157 libi-

69 2170 220 2225 dinem
249 2174 465 2221 adhibita,
498 2182 544 2216 ut
568 2172 709 2231 iurgia
732 2181 774 2214 et
797 2181 958 2221 cetera,

71 2253 181 2296 quae
209 2239 565 2291 praecesserant,
597 2246 690 2271 non
717 2240 862 2273 essent
885 2230 958 2272 ad-

69 2294 218 2340 mixta.
263 2288 496 2332 Ablativus
517 2287 714 2338 libidine,
746 2296 793 2329 ut
815 2303 959 2343 saepe,

2 2379 3 2382 =
71 2347 270 2396 adverbii
305 2345 407 2388 loco
440 2344 647 2401 ponitur,
700 2360 779 2399 pro
815 2344 958 2386 libidi-

69 2425 192 2454 nose.
261 2403 338 2447 Sic
370 2402 410 2452 4,
433 2402 500 2444 51.
536 2401 738 2444 catervis
770 2416 852 2459 pro
888 2417 958 2444 ca-

71 2461 298 2510 tervatim.

128 2537 191 2566 ex
213 2534 307 2575 qua
328 2517 492 2559 statim
516 2515 742 2557 incensus.
802 2512 960 2557 MSSti

70 2581 124 2626 ad
181 2591 325 2620 unuin
375 2588 533 2616 omnes
591 2581 696 2615 sunt
742 2571 959 2629 corrupti.

11 2625 25 2660 ’-
69 2638 171 2682 MS.
195 2634 318 2678 Flor.
350 2629 596 2674 secundum
628 2630 710 2671 lae.
736 2627 958 2671 Gronovii

70 2694 379 2741 collationem,
433 2694 478 2729 ec
526 2688 727 2743 quastim
779 2699 959 2729 census.

18 2764 21 2766 '
71 2748 301 2796 Victorius
321 2761 422 2788 cum
447 2743 638 2788 Picheua
661 2742 872 2787 intactam
894 2759 960 2784 re·

73 2809 201 2867 liquit
239 2804 505 2861 scripturam
541 2808 584 2844 et
618 2808 776 2856 questu
805 2802 959 2843 incen-

9 2882 14 2887 ·
70 2881 175 2918 sus,
214 2876 325 2920 quae
363 2867 426 2902 est
463 2859 505 2900 in
536 2858 636 2900 MS.
664 2856 814 2900 Guelf.
855 2857 957 2900 edd.

5 2919 7 2922 Α
71 2925 175 2968 Put.
199 2921 267 2963 Μ.
293 2927 335 2961 et
363 2917 418 2958 V.
451 2915 553 2958 Ber.
576 2915 674 2958 Alc.
699 2913 839 2958 Rbeu.
861 2931 960 2972 sqq.

72 3006 128 3014 —
159 2976 292 3023 MSS.
313 2975 422 3032 Reg.
453 2971 590 3015 Corb.
615 2973 721 3029 Agr.
745 2973 815 3015 ed.
841 2971 958 3028 Spir.

71 3048 117 3084 ee
138 3034 335 3094 quaesiti
357 3044 528 3072 census.
589 3028 819 3072 MS.Bud.
843 3044 866 3070 a
889 3045 958 3086 pr.

48 3114 132 3141 .m.
156 3101 200 3137 ee
221 3095 466 3147 quaestum
492 3101 653 3128 census
664 3103 680 3137 ;
708 3102 795 3129 sec.
814 3102 873 3129 m.
896 3085 959 3127 fe-

73 3155 133 3199 cit
154 3159 196 3194 ec
219 3153 411 3205 quaestu
430 3145 662 3186 incensus.
723 3143 960 3186 Accedunt

74 3209 360 3256 coniecturae
419 3201 623 3244 virorum
693 3199 952 3243 doctorum.

74 3268 165 3311 lac.
183 3263 384 3306 Gronov.
410 3265 455 3300 et
475 3259 614 3312 quasi
630 3258 859 3306 incensus,
893 3273 955 3299 se.

74 3336 225 3366 amore
258 3334 307 3359 ex
344 3332 427 3359 usu
467 3313 689 3357 libidinis:
744 3312 958 3356 simulans

76 3395 121 3422 se
170 3373 460 3420 remollitum.
561 3369 792 3412 Ernestius
846 3371 959 3412 bene

75 3431 383 3478 animadvertit
427 3429 471 3473 id
520 3444 664 3486 neque
702 3426 844 3470 inesse
878 3443 957 3471 vo-

75 3490 231 3535 cabulo
263 3491 494 3535 incensus,
531 3501 617 3529 nec
651 3486 753 3527 loco
783 3493 955 3541 aptum.

74 3548 168 3608 lpse
201 3545 410 3598 tentavit,
455 3550 595 3599 atque
634 3543 701 3585 ita
737 3541 956 3598 infensus,

1004 1500 1007 1502 ’
1031 1501 1120 1530 sus.

1028 1030 1101 1073 vel
1130 1029 1207 1071 sic.
1267 1025 1354 1070 Sed
1381 1044 1403 1070 e
1432 1025 1617 1070 libidine
1649 1043 1741 1070 non
1775 1027 1919 1084 sequi-

1025 1094 1100 1128 tur
1131 1086 1220 1133 ira,
1250 1092 1300 1126 ut
1331 1093 1431 1142 apte
1459 1084 1546 1127 dici
1575 1084 1734 1144 possit:
1777 1094 1920 1141 atque

1027 1144 1045 1185 i
1056 1153 1072 1184 ι
1087 1161 1118 1185 ιι
1157 1146 1186 1185 ι’.
1247 1142 1501 1185 Broterius:
1539 1159 1630 1198 qua
1655 1144 1821 1186 statim
1844 1144 1919 1186 in-

1028 1214 1198 1242 census.
1261 1199 1443 1256 Bipont.
1469 1216 1531 1241 ex
1554 1216 1645 1256 qua
1664 1214 1920 1243 succensus.

1028 1258 1259 1299 Heinsiusz
1300 1272 1353 1297 eo
1387 1266 1551 1312 questu
1588 1257 1680 1311 (vel
1702 1261 1807 1314 quo)
1841 1259 1919 1300 in-

1031 1329 1211 1357 census.
1273 1313 1491 1357 Hillerus:
1526 1323 1667 1370 alque
1692 1323 1826 1358 aestu
1849 1317 1920 1357 in·

1033 1386 1207 1415 census.
1266 1371 1473 1413 Oberlin.
1498 1386 1558 1414 ex
1581 1388 1670 1427 qua
1691 1381 1827 1415 aestu
1846 1374 1921 1414 in-

1031 1443 1209 1472 census.
1274 1427 1526 1471 ssekkerus:
1559 1445 1622 1471 ex
1650 1444 1739 1484 quo
1763 1432 1923 1472 incen-

1209 1485 1266 1528 Et
1311 1486 1506 1542 primum
1555 1486 1736 1543 quidem
1773 1487 1821 1529 iu
1863 1495 1922 1540 et,

1034 1542 1154 1601 quod
1186 1551 1294 1586 vett.
1333 1543 1432 1584 libri
1467 1543 1650 1594 habent,
1694 1545 1828 1587 latere
1859 1560 1924 1588 ex

1032 1617 1124 1643 non
1151 1610 1212 1642 est
1235 1599 1438 1642 dubium.
1504 1601 1772 1645 Ineredibile
1801 1602 1923 1645 enim

1031 1657 1239 1699 Tacitum
1283 1667 1347 1700 ter
1387 1658 1571 1700 eandem
1605 1658 1816 1716 copulam
1855 1676 1923 1702 re-

1033 1715 1254 1772 petivisse.
1303 1715 1360 1755 Et
1385 1722 1426 1756 et
1448 1730 1511 1757 ex
1532 1732 1603 1758 sae
1639 1717 1704 1758 ius
1726 1715 1922 1759 confun-

1031 1773 1213 1814 duntur.
1269 1772 1325 1814 cf.
1361 1781 1456 1814 not.
1493 1773 1548 1815 ad
1582 1773 1598 1815 1
1626 1772 1694 1816 ist.
1722 1775 1761 1824 1,
1793 1773 1846 1816 13
1878 1783 1923 1817 et

1033 1832 1100 1872 14.
1144 1829 1184 1880 3,
1209 1829 1283 1870 26.
1325 1828 1367 1880 4,
1392 1828 1459 1872 37.
1497 1837 1539 1872 et
1573 1829 1691 1872 alibi.
1757 1830 1852 1874 Iam
1883 1831 1922 1874 si

1029 1887 1192 1942 accipis
1214 1900 1299 1937 ex,
1335 1885 1383 1928 in
1408 1894 1622 1944 promptu
1655 1893 1719 1929 est
1741 1902 1834 1943 qua
1858 1905 1923 1932 se.

1029 1943 1235 1995 libidine,
1295 1950 1345 1985 ut
1386 1946 1442 1986 sit
1481 1960 1575 2000 qua
1620 1952 1814 1996 peracta
1854 1945 1923 1989 vel

1025 2008 1132 2055 post
1147 2016 1303 2056 quam.
1362 2000 1432 2043 De
1456 2002 1594 2045 verbo
1610 2002 1823 2045 incensus
1847 2019 1923 2046 ne·
1995 2031 1997 2033 -

1032 2074 1105 2100 mo
1131 2057 1327 2108 dubitat,
1357 2057 1577 2117 significat
1594 2059 1648 2102 ad
1668 2061 1779 2102 iram
1796 2076 1924 2103 com-

1031 2123 1207 2164 motus,
1247 2123 1297 2157 ut
1329 2117 1392 2166 11,
1416 2116 1487 2159 35.
1524 2117 1853 2173 incensumque
1876 2126 1925 2163 et

1030 2177 1094 2216 ad
1117 2175 1272 2216 nn‘nas
1287 2182 1694 2228 prorumpentem.
1751 2175 1840 2220 Sed
1862 2175 1923 2219 la·

1029 2239 1091 2273 tet
1123 2229 1268 2273 adhuc
1299 2229 1465 2288 aliquid
1500 2232 1546 2273 in
1577 2233 1798 2289 scriptura
1818 2232 1924 2278 MS.

1029 2288 1154 2330 Flor.
1207 2287 1331 2345 quod
1381 2305 1484 2331 cum
1530 2288 1740 2331 Broterio
1785 2289 1958 2332 credo.

1030 2360 1122 2386 esse
1154 2345 1317 2388 statim
1347 2343 1391 2387 h.
1427 2363 1467 2388 e.
1499 2346 1556 2387 ita
1589 2353 1638 2387 ut
1668 2346 1777 2390 nihil
1805 2346 1923 2391 aliud

1026 2401 1352 2451 intercederet,
1384 2402 1604 2460 iurgium,
1642 2411 1824 2461 questus
1854 2403 1924 2461 vel

1027 2458 1112 2501 tale
1141 2458 1261 2515 quid.
1322 2458 1616 2518 Kiesslingius
1651 2461 1746 2503 vult
1781 2468 1925 2518 atque

1028 2518 1190 2558 statim
1213 2517 1435 2562 incensus.

1089 2586 1450 2629 transverberat.
1508 2585 1726 2645 EtLSpir.
1756 2595 1948 2642 trans.-

1030 2643 1302 2684 verberant:
1381 2642 1554 2687 Eadem
1598 2653 1924 2702 occurrentem

1031 2714 1114 2758 pro
1148 2707 1488 2750 occurrentem,
1534 2703 1803 2746 absterrent
1836 2719 1924 2761 pro

1033 2758 1285 2799 absterret.

1085 2827 1366 2880 prorumpit.
1444 2827 1541 2870 MS.
1578 2828 1660 2872 Ies.
1691 2826 1924 2887 prorupit.

1032 2884 1141 2926 Mox
1160 2884 1267 2926 MS.
1284 2883 1433 2926 Guelf.
1457 2888 1554 2928 dies
1580 2902 1660 2944 pro
1685 2889 1774 2932 die.

1084 2968 1339 3008 percussor.
1410 2954 1525 2996 Edd.
1561 2956 1681 3014 Spir.
1717 2957 1820 3003 Put.
1851 2958 1921 3002 M.

1031 3018 1070 3054 et
1105 3012 1156 3053 V.
1181 3025 1448 3067 percursor.
1509 3011 1673 3056 Eadem
1708 3015 1777 3057 ed.
1805 3015 1923 3074 Spir.

1032 3085 1132 3110 mox
1159 3070 1278 3110 illud
1298 3083 1436 3110 suum
1447 3068 1639 3124 facinus
1670 3086 1754 3133 pro
1786 3087 1923 3115 suum

1031 3125 1226 3180 illudf„
1257 3125 1416 3169 deinde
1442 3131 1526 3169 sed
1541 3129 1739 3182 patroni
1764 3145 1846 3194 pro
1874 3144 1924 3175 se

1027 3183 1231 3238 patroni.
1528 3188 1533 3189 ⁷

1088 3241 1294 3282 iniurias,
1356 3238 1455 3283 MS.
1489 3239 1642 3286 Guelf.
1669 3243 1861 3288 iniuria.

1089 3300 1237 3338 ultum
1284 3311 1398 3341 esse.
1488 3296 1663 3356 Lipsius
1716 3301 1921 3355 volebat:

1030 3355 1179 3396 ultum
1202 3353 1305 3398 isse.
1365 3353 1450 3397 Sed
1478 3371 1559 3398 cur
1583 3371 1677 3399 non
1703 3373 1802 3408 esse
1819 3358 1840 3401 Ρ

1087 3431 1507 3480 commoveratque.
1566 3425 1664 3471 MS.
1679 3426 1830 3474 Guelf.
1849 3446 1923 3473 co·

1028 3489 1481 3537 memoraveratque.
1532 3483 1751 3529 MS.Bud
1790 3503 1919 3531 com÷

1029 3544 1240 3583 moverat
1276 3537 1442 3583 omisso
1477 3554 1589 3598 que,
1647 3542 1920 3601 quod'bene
