2164 3990
1741 192 1793 272 2:
1809 193 1863 277 ¹5:
1888 185 1994 275 ‘³322'

200 157 326 257 scis
398 207 401 214 ·
858 191 1389 255 ANNALIUM

198 341 286 388 tas
294 328 491 405 xfer-me
512 345 692 384 naves
710 336 889 401 portu
910 325 975 380 in
999 323 1126 399 ipso
1149 323 1432 384 violentia
1453 330 1811 403 tempestatis
1837 343 1894 390 et
1915 352 2056 389 cen-

199 427 330 473 tum
363 412 508 493 alias
539 410 750 471 Tiberi
784 410 1088 466 subvectas
1121 409 1400 468 fortuitus
1430 411 1584 485 ignis
1621 405 2056 491 absumpsisset.

198 497 342 558 Tris
365 497 505 555 dein
531 497 864 554 consulares
876 492 946 554 L.
959 492 1269 563 Pisonem,
1311 492 1691 555 Ducennium
1710 497 2055 573 Geminum,

196 583 549 659 Pompeium
592 580 941 638 Paullinum
990 579 1374 651 vectigalibus
1419 583 1673 657 publicis
1717 589 2056 662 praeposuit

200 689 336 726 cum
361 666 741 724 insectatione
766 665 1036 739 priorum
1055 663 1392 738 principum
1408 711 1424 735 ‚
1458 667 1561 742 qui
1583 669 1866 741 gravitate
1892 692 2056 729 sum-

198 765 411 830 ptuum
443 754 628 810 iustos
663 749 890 806 reditus
925 748 1272 806 anteissent:
1340 769 1401 806 se
1437 770 1704 810 annuum
1741 759 2058 816 sexcenties

110 896 124 902 ,
201 839 532 909 sestertium
557 835 646 891 rei
667 835 939 910 publicae
968 834 1193 908 largiri.

367 920 534 980 XIX.
569 918 1026 976 Percrebruerat
1051 939 1115 975 ea
1137 929 1476 994 tempestate
1502 922 1883 996 pravissimus
1908 949 2056 999 ῐιιοε,

201 1029 337 1067 cum
362 1005 715 1083 propinquis
742 1004 996 1061 comitiis
1024 1015 1125 1061 aut
1150 1016 1305 1061 sorte
1327 1006 1771 1080 provinciarum
1791 1012 2058 1095 plerique

201 1093 337 1153 orbi
365 1092 512 1148 fictis
538 1090 961 1165 adoptionibus
996 1089 1384 1158 adsciscerent
1418 1091 1601 1169 filios,
1641 1107 2060 1175 praeturasque

202 1191 258 1236 et
283 1176 619 1254 provincias
648 1176 803 1232 inter
827 1186 1021 1251 patres
1048 1174 1240 1232 sortiti
1263 1175 1458 1233 statim
1495 1178 1828 1237 emitterent
1861 1203 2061 1255 manu,

201 1282 351 1341 quos
427 1262 868 1338 adoptaverant.
996 1257 1241 1334 Magna
1297 1280 1431 1317 cum
1501 1262 1729 1322 invidia
1793 1279 2062 1326 senatum

261 1454 420 1500 mm·
435 1456 689 1499 subvectas.
734 1451 1100 1499 SicMS.Guelf.
1173 1452 1274 1496 edd.
1308 1453 1427 1512 Spir.
1458 1454 1563 1498 Put.
1595 1454 1667 1501 M.
1701 1464 1745 1501 et
1770 1456 1828 1504 V.
1861 1458 1966 1506 Ber.
2001 1460 2061 1517 (c.

202 1514 307 1558 edd.
332 1513 435 1558 Put.
461 1514 532 1557 M.
558 1523 603 1556 et
620 1513 684 1557 ·V.
710 1511 920 1555 Beroald.
955 1512 1014 1567 (c.
1042 1511 1102 1554 si-

202 1571 313 1617 lent.
337 1571 480 1628 vict.)
511 1570 613 1615 Alc.
633 1570 776 1613 Rhen.
805 1585 905 1627 sqq.
968 1568 1030 1612 cf.
1058 1570 1101 1618 2,

200 1630 275 1674 60.
305 1630 414 1673 Nilo
436 1630 784 1672 subvehebatur.
843 1627 905 1671 At
925 1625 1100 1685 Ryckio

201 1695 390 1731 testante
423 1686 557 1730 MSS.
590 1685 715 1729 Flor.
756 1685 866 1743 Agr.
909 1692 954 1727 et
987 1684 1103 1739 (test.

202 1744 383 1801 Oberl.)
408 1744 526 1787 Bud.
560 1743 767 1786 Tiberim
792 1745 1048 1785 subvectas.

260 1803 612 1857 absumpsisset.
674 1800 751 1843 Sic
781 1800 917 1845 MSS.
948 1798 1103 1842 Guelf.

109 1866 119 1873 '
201 1859 321 1903 Bud.
355 1867 398 1902 et
428 1859 533 1902 inde
559 1858 660 1902 edd.
687 1858 890 1901 Rhenan.
916 1873 1014 1916 sqq.
1047 1881 1102 1891 —

203 1918 536 1971 assumpsisset
570 1915 668 1959 edd.
694 1915 812 1973 Spir.
838 1916 941 1958 Put.
968 1916 1034 1958 M.
1060 1923 1103 1957 et

203 1975 262 2018 V.
287 1974 499 2017 Beroald.
521 1976 647 2029 (cum
673 1973 819 2017 silent.
835 1973 977 2026 Vici.)
1002 1973 1101 2015 Alc.

263 2030 581 2074 Ducenm‘um.
664 2029 767 2072 MS.
821 2030 946 2072 Flor.
1000 2036 1100 2072 test.

205 2089 297 2133 lae.
323 2088 468 2131 Gron.
505 2087 788 2131 Ducenium.
848 2086 965 2129 Edd.
996 2095 1099 2129 vett.

204 2147 267 2203 (c.
313 2146 385 2190 sil.
427 2143 568 2200 Vici.)
621 2145 855 2201 vulgatum
907 2152 1102 2195 tuentur,

205 2203 329 2263 quod
349 2202 513 2261 legitur
534 2201 668 2245 etiam
692 2201 739 2243 in
763 2200 915 2244 Guelf.

265 2260 535 2305 Geminum.
567 2293 570 2296 .
597 2258 674 2302 Sic
696 2258 801 2302 MS.
825 2255 976 2301 Guelf.
1001 2256 1104 2305 edd.

204 2317 325 2376 Spir.
351 2327 393 2361 et
415 2325 601 2363 recenti.
622 2315 727 2358 inde
752 2331 776 2358 a
799 2316 917 2372 Lips.
942 2314 1104 2372 prima.

206 2377 268 2421 cf.
291 2375 406 2422 Hist.
434 2374 569 2426 1,14.-
593 2374 859 2417 Geminium
880 2373 981 2415 edd.
1001 2372 1104 2415 Put.

205 2436 275 2480 M.
299 2441 343 2476 et
362 2432 419 2476 V.
443 2432 546 2475 Ber.
582 2431 705 2486 (cum
734 2430 804 2475 sil.
831 2430 967 2486 Vict.)
1000 2430 1103 2474 Alc.

204 2491 350 2536 Rhen.
417 2490 703 2533 Gemonium
730 2488 803 2532 ed.
826 2487 934 2532 Ald.

261 2548 478 2605 priorum
513 2547 793 2603 principum.
864 2545 948 2589 Ed.
983 2543 1106 2604 Spir-

205 2607 466 2664 principum
484 2606 723 2661 priorum.

267 2666 518 2720 gravitate.
575 2662 660 2704 Ed.
689 2661 805 2762 sfgir'
832 2662 1108 2715 gratuitate.

267 2726 411 2777 iustos
442 2722 633 2763 reditus.
752 2751 762 2761 .
794 2734 833 2762 e.
870 2717 1026 2762 solitae
1067 2727 1110 2762 et

210 2781 354 2824 iustae
391 2793 578 2822 normae
613 2785 927 2835 congruentes.
987 2776 1110 2820 Male

213 2845 513 2883 convertunt:
557 2835 894 2889 hinlc'ingliches
922 2833 996 2880 vel
1028 2849 1110 2889 ge-

210 2897 476 2938 buhrendes
485 2891 815 2936 Emkommen.
842 2890 943 2946 MS.
957 2890 1113 2936 Guelf.

214 2953 318 2996 edd.
340 2950 461 3009 Spir.
485 2951 589 2994 Put.
627 2949 694 2992 M.
718 2957 760 2991 et
781 2949 838 2991 V.
865 2951 962 2993 Alc.
997 2953 1110 2992 red-

214 3012 361 3060 ditus3
393 3007 494 3051 edd.
510 3009 616 3051 Ber.
640 3011 702 3061 (c.
727 3005 796 3049 sil.
813 3006 954 3065 Vici.)
969 3007 1110 3051 Rhen.

215 3084 316 3125 sqq.
342 3069 532 3110 reditus.

273 3124 544 3168 anteissent.
613 3121 669 3165 H.
703 3138 741 3166 e.
777 3121 854 3179 qui
885 3122 1113 3180 graviores

216 3191 423 3240 sumptus
445 3179 680 3229 fecissent,
714 3196 847 3235 quam
871 3180 974 3223 iusti
1000 3179 1115 3222 redi-

216 3249 287 3282 tus
308 3245 567 3296 paterentur
588 3238 981 3293 (uber-schretten).
1038 3235 1116 3280 Nil

218 3295 355 3354 igitur
401 3311 516 3353 opus
559 3304 624 3338 est
666 3295 978 3339 emendatione
1011 3294 1113 3352 Bip.

220 3353 490 3396 auxissent.
550 3352 610 3397 cf.
631 3351 673 3404 3,
685 3352 756 3395 66.
787 3361 995 3395 suasmet
1016 3352 1116 3408 ipse

219 3423 325 3464 spes
354 3411 532 3453 anteire
558 3417 733 3465 parat,·
752 3408 754 3411 ’
776 3410 819 3459 3,
851 3409 922 3453 69.
957 3410 1026 3453 75.
1072 3408 1116 3460 4.

279 3507 392 3576 Cai’,
420 3524 487 3576 19,
530 3524 840 3582 pravissimus
861 3540 979 3575 mos.
1041 3524 1117 3575 Sic

1173 1510 1242 1553 sil.
1261 1510 1402 1567 Vici.)
1425 1511 1530 1554 Ale.
1551 1511 1694 1558 Rhen.
1714 1531 1813 1574 sqq.
1867 1518 1932 1562 At
1951 1511 2064 1564 ‘lest-

1173 1569 1266 1611 lac.
1301 1566 1541 1636 §irpnovio
1574 1570 1674 1615 MS.
1707 1572 1831 1616 Flor.
1868 1575 2067 1633 praefert

1169 1640 1480 1681 pravissimos
1512 1643 1644 1684 cum,
1696 1629 1757 1673 ita
1789 1637 1839 1673 ut
1862 1635 2071 1687 prauissi

1174 1683 1230 1725 sit
1271 1682 1373 1726 finis
1407 1684 1616 1728 versiculi
1647 1695 1691 1730 et
1726 1702 1833 1731 mos
1864 1704 1971 1732 cum
2003 1690 2068 1736 fa-

1176 1740 1294 1784 ciant
1319 1740 1499 1784 initium
1525 1745 1768 1800 sequentis.
1826 1746 1913 1790 Sed
1943 1757 2068 1794 vetus

1176 1799 1420 1855 eademque
1445 1816 1604 1843 manus
1628 1801 1733 1846 inde
1756 1802 1864 1851 fecit
1887 1820 2068 1860 pravus

1175 1871 1279 1898 mos
1309 1872 1436 1904 cum,
1487 1859 1609 1914 quod
1646 1858 1790 1918 placet
1824 1860 1914 1905 Iac.
1951 1863 2067 1908 Gro-

1175 1913 1334 1957 novio.
1406 1915 1520 1958 Satis
1552 1923 1701 1960 tamen
1738 1919 1973 1969 verisimile
2003 1931 2068 1966 est

1172 1971 1364 2033 scribam
1380 2003 1392 2019 ‚
1426 1987 1564 2029 quum
1592 1973 1716 2031 lapsu
1739 1975 1958 2022 omisisset
1980 1980 2067 2040 syl·

1173 2026 1319 2071 labam
1346 2044 1465 2080 mus,
1488 2030 1647 2074 deinde
1668 2032 1835 2086 locum,
1857 2051 1947 2094 quo
1967 2038 2067 2081 bre..

1173 2084 1352 2128 vissimo
1401 2087 1540 2129 modo
1588 2089 1682 2131 fieri
1733 2093 1904 2147 potuit,
1968 2112 2067 2139 eor·

1171 2141 1348 2185 rexisse.
1410 2143 1514 2186 MS.
1550 2144 1703 2189 Guels.
1738 2149 1894 2193 scribit
1925 2154 2067 2208 ,puis-

1175 2201 1288 2242 si'ms
1311 2215 1438 2243 mos:
1472 2202 1550 2245 sed
1571 2203 1694 2261 prius
1716 2207 1983 2252 vocabulum
2006 2220 2072 2256 est

1176 2272 1201 2298 a
1227 2272 1316 2300 sec.
1338 2274 1491 2300 manu.

1234 2316 1557 2366 adsciscerent.

1175 2373 1292 2414 sce't.

1237 2443 1419 2490 magna
1447 2445 1550 2474 cum
1580 2431 1776 2479 invidia.
1833 2436 1911 2483 Sic
1937 2440 2072 2488 MSS.

1177 2486 1303 2530 Flor.
1338 2488 1452 2541 (test.
1480 2489 1599 2534 Vict.
1633 2505 1671 2533 c.
1698 2491 1788 2535 iae.
1819 2493 1922 2554 Gr.)
1953 2498 2071 2546 Bud.

1178 2543 1288 2600 Agr.
1329 2544 1450 2590 nari.
1490 2546 1620 2592 nodi.
1659 2547 1725 2591 ies
1773 2550 1881 2610 Reg.
1915 2543 2068 2602 θύεις.
2099 2543 2117 2559 ·

1179 2601 1316 2645 Corb.
1353 2602 1451 2648 edd.
1487 2604 1602 2662 Spir.
1635 2603 1812 2655 Ernest.
1850 2618 1893 2652 et
1926 2629 2073 2672 nuper

1180 2658 1371 2703 Bekker.
1422 2688 1482 2696 -—
1549 2664 1632 2717 qui
1674 2678 1856 2718 magna
1906 2685 1944 2713 c.
1981 2675 2072 2718 inm

1179 2716 1280 2762 edd.
1307 2717 1409 2759 Put.
1438 2718 1506 2760 M.
1529 2727 1572 2761 et
1593 2719 1647 2761 V.
1672 2721 1773 2765 Ber.
1798 2722 1901 2768 Ale.
1930 2727 2073 2774 Rheu.

1180 2790 1280 2832 sqq.
1303 2773 1356 2817 ad
1369 2773 1651 2828 Ernestium,
1682 2788 1726 2822 et
1746 2789 1898 2837 postea
1911 2783 2074 2835 Oberl.

1181 2847 1232 2898 §q
1264 2863 1278 2897 .‘
1349 2831 1488 2883 „Non
1526 2834 1672 2888 enim,
1716 2838 1776 2880 ait
1809 2837 2072 2894 Oberlinus,

1180 2904 1227 2941 in
1263 2897 1431 2939 icatur,
1462 2892 1497 2934 si
1530 2891 1708 2937 omittas
1741 2895 1845 2951 qui,
1875 2899 1952 2958 qiii
1983 2901 2073 2946 sint

1181 2946 1271 2998 illi,
1309 2948 1383 3004 qui
1416 2957 1617 2993 senatum
1650 2951 1866 3002 adierint.
1904 2973 1966 3003 sc.
2032 2976 2075 3013 a,

1186 3012 1275 3047 tres
1299 3005 1447 3048 veri.’‘
1505 3007 1591 3050 Sed
1619 3024 1810 3066 quaero,
1840 3029 1896 3056 an
1923 2975 2074 3062 addKito

1638 2316 1724 2362 Ed.
1757 2319 1876 2378 Spir.
1917 2327 2070 2370 adsci-

1185 3061 1268 3118 qui
1287 3063 1426 3162 maffis
1452 3073 1626 3111 constet
1650 3066 1705 3109 de
1726 3067 1802 3121 iis,
1842 3072 1918 3128 qui
1941 3090 2075 3119 sena-

1184 3128 1344 3185 tum-a
1372 3121 1547 3185 ierint?
1614 3123 1693 3165 Est
1730 3126 1878 3192 potius
1918 3130 2076 3176 eadem

1186 3177 1478 3235 ambiguitas,
1539 3180 1684 3223 immo
1732 3184 2075 3234 intolerabilior.

1186 3233 1341 3278 Potest
1380 3236 1500 3280 enim
1540 3241 1622 3294 qui
1655 3238 1816 3283 referri
1859 3243 1915 3287 ad
1958 3260 2075 3301 quos

1185 3294 1558 3347 adoptaverant,
1587 3304 1735 3354 potest
1757 3299 1887 3343 etiam
1907 3301 1963 3345 ad
1983 3292 2075 3355 eos,

1186 3349 1269 3405 qui
1291 3351 1556 3395 emitterent
1568 3369 1585 3405 ,·
1613 3353 1666 3397 ad
1685 3361 1852 3408 patres
1873 3358 2074 3407 reserena-

1186 3407 1295 3449 dum
1328 3424 1421 3452 esse
1450 3417 1545 3453 tum
1577 3411 1756 3455 demum
1787 3422 1928 3471 patet,
1969 3410 2076 3463 cuin

1186 3466 1413 3531 sequentia
1436 3467 1689 3526 perlegeris.
1721 3469 1875 3525 Quare
1891 3489 2078 3533 prorsus

1186 3523 1345 3574 inutile
1391 3532 1454 3571 est
1496 3528 1587 3584 qui.
1660 3525 1836 3575 Verba:
1888 3535 2079 3592 adeunt⁸
