2164 3990
192 243 317 307 444

187 372 432 453 proprio
471 372 629 432 odio·

855 189 1368 311 ANNALli‘JM
1450 236 1451 239 ‘

730 368 813 428 At
847 372 1183 430 Minucium
1223 370 1553 432 Thermum
1591 391 1863 452 praetura
1905 382 2045 439 fun-

1733 245 1786 281 A.
1805 245 1856 281 U.
1877 245 1961 284 82⁰.

1734 291 1785 323 A.
1806 287 1855 325 C.
1899 291 1958 323 67.

191 470 350 516 ctum
367 442 653 531 Tigellini
676 457 1072 514 simultatibus
1098 459 1343 528 dedidit,
1358 525 1362 528 ‚
1376 462 1514 536 quia
1537 462 1784 520 libertus
1796 461 2045 524 Thermi

187 542 478 622 quaedam
526 543 598 599 de
630 539 930 615 Tigellino
975 543 1290 600 criminose
1335 545 1652 618 detulerat,
1711 571 1860 627 quae
1909 541 2045 610 cru-

188 629 438 688 ciatibus
461 626 894 686 tormentorum
922 629 1075 704 ipse,
1120 641 1406 704 patronus
1434 632 1556 690 eius
1581 631 1722 691 nece
1750 636 2042 696 immerita

185 714 393 775 lueret.

356 823 521 885 XXI.
562 823 902 882 Trucidatis
923 826 1024 883 'tot
1052 826 1384 901 insignibus
1407 829 1553 885 viris
1579 832 1654 887 ad
1679 843 2040 906 postremum

174 911 336 984 Nero
349 912 630 969 virtutem
643 910 830 986 ipsam
843 912 1177 968 exscindere
1192 913 1529 988 concupivit
1541 914 2043 978 interfectoThra—

180 1019 276 1056 sea
300 998 480 1055 Paeto
516 1008 572 1054 et
595 992 782 1052 Barea
809 995 1069 1067 SoranO,
1114 999 1259 1054 olim
1285 1000 1548 1076 utrisque
1573 1002 1836 1060 infensus
1862 1017 1918 1061 et
1944 1027 2040 1062 ac-

181 1083 527 1141 cedentibus
550 1082 739 1139 causis
760 1078 1193 1154 inThraseam,
1232 1086 1391 1161 quod
1418 1098 1624 1143 senatu
1650 1106 1912 1161 egressus
1939 1103 2040 1160 est,

228 1334 421 1388 proprio
443 1325 565 1375 odio.
612 1332 806 1375 Pichena
825 1332 1071 1387 proprium

175 1393 337 1433 odium
372 1390 593 1433 referebat
635 1390 689 1433 ad
723 1389 979 1440 Neronem,
1023 1398 1072 1432 ut

172 1449 278 1494 Sitia
300 1448 486 1492 multata
517 1448 743 1491 diceretur
780 1463 870 1488 non
908 1448 964 1490 ob
998 1465 1069 1490 se-

171 1515 293 1552 creta
314 1505 518 1563 vulgata,
558 1505 634 1548 sed
666 1503 854 1562 proprio
877 1504 1070 1548 Neronis

170 1566 220 1608 in
250 1563 374 1608 illam
411 1561 542 1612 odio:
581 1571 712 1621 atque
738 1563 804 1605 sic
823 1560 974 1604 locum
1001 1578 1071 1605 ac-

171 1620 515 1681 cepitRiclzlefs.
546 1621 804 1678 perperam.
843 1619 950 1663 Silia
974 1628 1070 1664 acta

171 1680 316 1723 estin
354 1677 585 1729 exsilium,
634 1687 846 1720 tammam
883 1693 974 1719 non
1012 1677 1069 1720 si·

169 1737 324 1782 luisset
348 1736 537 1796 proprio
561 1736 693 1787 odio,
725 1699 829 1778 l1.e.
855 1744 1068 1793 tanquam

164 1810 261 1839 non
285 1794 580 1852 loquacitate,
611 1803 661 1836 ut
685 1793 758 1841 fit,
790 1800 866 1836 aut
888 1792 1068 1837 inducta

168 1854 221 1896 ad
274 1851 578 1911 proditionem
626 1869 649 1894 a
690 1850 883 1893 Neronis
934 1867 1066 1906 osore

167 1910 464 1966 peccavisset,
516 1911 592 1952 sed
627 1917 841 1967 tanquam
877 1909 1064 1966 proprio

164 1967 215 2010 in
237 1968 466 2011 Neronem
496 1967 599 2010 odio
624 1966 806 2009 incitata
829 1964 949 2008 illius
980 1966 1062 2008 ssa-

166 2026 270 2083 gitia
291 2023 585 2083 patefecisset.
639 2023 778 2066 Plane
799 2039 1062 2079 supervaca-

164 2078 248 2127 nea
271 2092 335 2126 est
348 2080 642 2124 Freinshemii
660 2079 940 2122 emendatio:
960 2093 1064 2131 per-

166 2144 446 2195 tuleratque.
519 2138 718 2194 Proprio
762 2138 870 2178 odio
914 2140 1060 2179 hanc:

163 2198 427 2250 Numicium
452 2204 538 2240 etc.

160 2259 162 2262 ’
219 2263 272 2299 at
301 2254 556 2296 Minucium
591 2253 863 2296 Thermum.
927 2251 1005 2295 Sic
1036 2266 1059 2292 e

162 2313 425 2357 coniectura
476 2310 638 2370 Ryekii
694 2310 797 2352 edd.
849 2307 1057 2352 Oberlin.

158 2366 1061 2484 3322-56..3'5‘1235'Z'i‘.5'‹3³50'11²ss330³5.¹.52

158 2486 409 2531 Manilium
434 2485 481 2528 T
475 2486 696 2528 tzerinum
718 2482 822 2527 MS.
846 2482 956 2539 Agr.
985 2481 1058 2524 ed.

159 2545 191 2589 S
227 2544 284 2587 ir.
345 2566 400 2578 -
479 2541 732 2586 Munitium
784 2539 1060 2582 Thermium

159 2603 196 2647 R
217 2603 262 2646 S.
295 2601 437 2646 Corb.
481 2623 538 2633 —
605 2598 876 2642 Numicium
911 2596 1058 2639 Ther-

160 2673 294 2707 mum
317 2658 457 2702 MSS.
483 2655 619 2700 Bodl.
643 2654 761 2698 Bud.
784 2654 886 2697 edd.
913 2653 1058 2696 Rhen.

159 2733 270 2819 {laq-l
291 2740 387 2818 -I-es
410 2717 468 2760 N
494 2710 1058 2815 Teraeurg'eliqriigtinGlddld·

155 2833 259 2885 Put.
281 2832 351 2876 M.
374 2839 416 2875 et
441 2832 497 2875 V.
520 2830 622 2876 Ber.
644 2828 745 2872 Ale.
789 2856 848 2863 -
908 2827 1059 2869 Ther-

159 2906 291 2934 mum
325 2905 421 2933 esse
458 2902 714 2945 cognomen
745 2885 1058 2929 Minuciorum

158 2947 338 2994 aliunde
361 2948 465 2991 satis
485 2952 676 2990 constat.

220 3006 446 3060 Tigelh'm'.
534 3002 618 3045 Ed.
662 2999 781 3058 Spir.
837 2999 1054 3053 Tigilum.

160 3062 282 3106 Edd.
320 3063 421 3104 Put.
445 3076 543 3118 sqq.
574 3077 618 3103 c.
657 3058 760 3102 cod.
792 3056 942 3100 Guelf.
974 3056 1060 3098 Ti-

156 3120 332 3176 gillini,
361 3128 411 3162 ut
430 3119 532 3162 MS.
551 3117 665 3160 Bud.
726 3115 938 3170 Tatgellini
958 3114 1059 3157 edd.

159 3179 279 3236 Lips.
306 3193 404 3235 sqq.
463 3176 521 3219 cf.
541 3184 637 3218 not.
665 3173 719 3216 ad
747 3174 813 3220 14,
836 3172 909 3215 48.

215 3235 408 3277 dedidit.
485 3233 562 3276 Sic
597 3231 732 3275 MSS.
764 3229 889 3273 Harl.
923 3227 1056 3271 Bodl.

158 3293 240 3336 Ies.
270 3291 422 3336 Guelf.
460 3292 544 3348 (pr.
577 3291 657 3345 m.)
692 3289 794 3331 edd.
821 3287 923 3330 Put.
957 3301 1053 3343 sqq.

159 3352 366 3392 deditum
398 3348 534 3392 MSS.
562 3348 686 3391 Flor.
725 3348 839 3400 (test.
865 3346 982 3387 Viet.
1013 3360 1055 3385 c.

158 3406 354 3464 Ryekio)
388 3406 498 3464 Reg.
527 3404 641 3448 Bud.
672 3404 711 3447 A
745 3420 782 3446 r.
809 3402 947 3446 Corb.
986 3399 1054 3443 ed.

160 3464 304 3523 Spin,
344 3473 500 3521 aperto
525 3461 648 3507 vitio.
734 3460 865 3503 jtiam
885 3459 932 3501 in
952 3456 1053 3500 MS.

160 3520 313 3565 Guelf.
341 3535 429 3564 sec.
451 3537 512 3562 m.
539 3517 709 3562 addidit
733 3533 815 3559 um
841 3524 939 3576 post
969 3519 1055 3558 de-

159 3580 292 3627 didit.
384 3576 615 3622 Acidatius
675 3574 853 3622 volebat
913 3574 1054 3622 dedit,

1144 1332 1265 1398 quod
1304 1334 1569 1392 plerumque
1606 1335 1763 1380 Tacito
1810 1354 1861 1380 eo
1905 1355 2033 1382 sensu

1144 1399 1345 1449 ponitur.
1410 1392 1467 1435 cf.
1497 1398 1535 1440 1,
1558 1396 1627 1437 10.
1662 1410 1777 1436 sane
1810 1396 1963 1438 Cassii
1992 1405 2037 1438 et

1142 1450 1406 1507 Brutorum
1428 1452 1586 1493 exitus
1607 1453 1819 1505 paternis
1839 1454 2037 1496 inimici-

1143 1506 1221 1546 tiis
1255 1510 1406 1549 datos.
1478 1507 1647 1551 Similia
1682 1518 1786 1551 sunt
1814 1511 1853 1560 2,
1885 1511 1953 1554 58.
1996 1511 2036 1562 3,

1143 1563 1211 1605 69.
1271 1565 1338 1615 15,
1381 1564 1449 1606 59.
1495 1574 1535 1607 et
1575 1567 1696 1609 alibi.
1779 1566 1900 1623 Quia
1942 1585 2034 1611 non

1142 1619 1311 1664 frustra
1344 1623 1493 1664 adesse
1528 1625 1736 1666 deditum
1770 1625 1817 1673 in
1842 1625 2038 1684 potiori-

1142 1678 1226 1720 bus
1260 1680 1385 1722 libris
1415 1676 1675 1733 videbatur,
1719 1681 1826 1724 olim
1862 1684 2035 1726 conieci

1140 1735 1407 1792 legendum:
1437 1739 1563 1780 dedit
1587 1754 1723 1781 reum
1746 1739 1788 1782 h.
1815 1756 1852 1783 e.
1877 1739 2035 1798 Tigel-

1141 1792 1223 1835 lini
1245 1794 1543 1839 simultatibus
1568 1796 1814 1841 Thermum
1842 1814 2034 1843 conces-

1139 1850 1194 1894 sit
1218 1868 1358 1894 reum.
1421 1853 1496 1895 Sic
1523 1854 1640 1898 023.
1669 1871 1862 1910 poscere
1882 1871 2028 1901 reum.

1135 1909 1410 1952 Defenditur
1440 1920 1589 1955 tamen
1622 1913 1851 1971 vulgatum
1883 1930 2031 1957 exem-

1137 1966 1248 2023 plis:
1309 1968 1350 2019 3,
1378 1968 1446 2012 93.
1485 1972 1610 2012 cuius
1643 1975 1854 2015 semotae
1895 1979 2034 2028 atque

1139 2025 1334 2066 orbitati
1351 2033 1395 2067 et
1419 2028 1774 2071 obscurissimae
1799 2032 1984 2073 domui.
1997 2061 2008 2074 .
2021 2065 2031 2073 .

1136 2085 1400 2125 dederetur.
1467 2084 1623 2127 Minus
1644 2085 1733 2129 huc
1753 2086 1860 2131 facit
1892 2102 1931 2131 c.
1962 2091 2030 2131 10.

1135 2151 1251 2179 neve
1275 2143 1547 2183 consulatus
1566 2144 1643 2183 sui
1665 2148 1902 2198 quondam
1932 2148 2024 2186 col-

1135 2198 1290 2250 legam
1319 2200 1506 2239 dederet
1541 2199 1725 2243 liberta.
1786 2201 1912 2245 Suet.
1946 2203 2029 2246 lut.

1135 2268 1175 2295 c.
1195 2254 1266 2296 24.
1301 2257 1567 2297 dedendum
1593 2270 1696 2298 eum
1719 2257 1943 2303 hostibus.

1193 2322 1305 2378 quia
1340 2323 1550 2367 libertus.
1621 2323 1708 2370 Ed.
1741 2326 1860 2385 Spir.
1906 2333 2032 2386 quod

1129 2383 1335 2425 libertus.

1190 2454 1354 2495 lueret.
1422 2450 1652 2498 Acidalius
1681 2453 1864 2500 volebat
1900 2460 2030 2505 luere

1131 2508 1193 2565 (h.
1224 2525 1262 2552 e.
1297 2510 1510 2563 luerunt).
1568 2510 1657 2554 Sed
1688 2528 1783 2557 non
1818 2530 1932 2573 opus
1965 2527 2030 2562 est

1132 2582 1325 2611 numero
1347 2567 1524 2625 plurali.
1567 2567 1627 2612 cf.
1657 2578 1753 2614 not.
1781 2571 1835 2615 ad
1870 2572 1934 2627 13,
1957 2576 2027 2619 12.

1133 2634 1176 2668 et
1210 2625 1452 2684 optativum
1489 2624 1556 2668 sic
1592 2635 1712 2670 recte
1748 2630 1880 2688 poni,
1929 2649 2024 2676 non

1130 2682 1453 2734 indicativum,
1496 2682 1733 2728 docuimus
1770 2686 1825 2729 ad
1858 2690 1926 2737 15,
1955 2691 2025 2734 46.

1130 2740 1223 2782 Pro
1267 2748 1500 2795 patronus
1549 2741 1645 2783 eius
1694 2742 1830 2787 MSS.
1873 2744 2024 2791 Guelf.

1129 2797 1252 2840 Harl.
1287 2797 1419 2840 Bodl.
1464 2797 1549 2840 les.
1595 2798 1748 2843 ferunt
1785 2811 2025 2858 patronus

1128 2856 1334 2898 atrocius
1354 2858 1463 2898 eius.

1190 2939 1301 2982 CAP.
1340 2939 1412 2982 21.
1486 2938 1557 2982 De
1585 2939 1718 2987 huius
1755 2960 1851 3002 cap.
1889 2947 2022 2990 rebus

1132 2995 1191 3039 cf.
1215 2995 1383 3053 Xiphil.
1406 2997 1478 3044 62,
1501 2998 1572 3040 26.
1600 3024 1653 3032 -
1704 3015 1914 3054 egressus
1936 3013 2022 3047 est.

1130 3053 1365 3103 Muretus,
1399 3054 1625 3098 Acidalius
1649 3065 1691 3099 et
1710 3057 1908 3102 Pichena
1931 3077 2021 3103 ma-

1130 3111 1280 3154 lebant
1315 3121 1460 3164 essem
1487 3112 1718 3159 Ernestius
1754 3124 1871 3160 erat.
1931 3118 2020 3161 Sed

1131 3168 1322 3212 aoristus
1355 3170 1468 3213 bene
1501 3187 1546 3213 se
1579 3170 1726 3216 habet.
1790 3173 1850 3216 cf.
1890 3177 1927 3227 1,
1949 3175 2018 3218 53.

1129 3226 1333 3280 scr1212sit;
1388 3227 1430 3276 2,
1463 3228 1532 3271 62.
1568 3232 1835 3284 transtulz’t3
1876 3233 1917 3283 6,
1948 3232 2018 3279 80.

1131 3283 1351 3337 imposuit
1362 3302 1375 3335 ,·
1423 3285 1465 3334 6,
1497 3287 1538 3328 9.
1563 3287 1783 3343 patefecit
1793 3304 1807 3338 ;
1848 3289 1916 3341 12,
1944 3290 2015 3334 31.

1129 3341 1418 3386 restiterunt.
1503 3342 1610 3385 Mox
1652 3347 1846 3398 censuit,
1895 3351 2016 3391 ohti-

1127 3399 1333 3454 nuitque.
1396 3399 1535 3454 Quod
1562 3400 1740 3445 Tacitus
1773 3402 1875 3447 dein
1910 3407 2017 3450 scri·

1126 3455 1214 3558 Esit
1239 3461 1546 3510 praebuerat,
1586 3466 1707 3502 recte
1738 3459 1869 3513 fecit;
1913 3480 2014 3506 nam

1158 3529 1214 3556 oc
1244 3529 1337 3557 non
1375 3523 1550 3573 poterat
1590 3516 1762 3560 narrari
1801 3526 1875 3562 tan
1913 3537 2033 3564 uam

1125 3586 1197 3617 res
1241 3579 1367 3617 certo
1405 3571 1600 3630 quodam
1642 3582 1846 3636 tempore
1910 3587 2016 3629 cta,
