2216 4010
1809 227 1861 265 Α.
1874 229 1927 265 u.
1937 222 2028 265 800.

1810 272 1860 309 A.
1880 273 1927 308 c.
1963 275 2024 307 47.

264 233 349 291 12
933 227 1435 295 ANNALIUM

261 372 429 438 gatus
474 356 822 417 sententiam
859 370 915 416 et
952 359 1186 435 Scipio,
1238 381 1421 430 „cum
1453 362 1666 434 idem‚”
1711 364 1935 441 inquit,
1989 360 2024 436 ,ζ
2038 366 2115 423 de

259 446 574 520 „admissis
617 443 922 520 Poppaeae
970 446 1217 501 sentiam
1271 449 1429 522 quod
1479 468 1707 518 omne5‚
1771 461 1970 524 putate
2016 471 2116 507 me

261 533 467 604 „idem
520 531 714 588 dicere
767 531 928 606 quod
984 528 1258 599 omneS‚''
1331 532 1581 606 eleganti
1648 546 2110 610 temperamento

262 619 417 676 inter
447 616 816 693 coniugalem
839 635 1098 671 amorem
1125 627 1181 671 et
1207 619 1558 674 senatoriam
1584 621 2000 680 necessitatem.

429 700 506 762 V.
569 699 904 759 Continuus
949 701 1089 755 inde
1129 711 1184 756 et
1222 719 1424 757 saevus
1459 706 1797 761 accusandis
1826 705 1942 761 reis
1977 704 2117 762 Sui-

259 790 379 847 lius
402 787 694 863 multique
727 785 1001 842 audaciae
1038 786 1162 842 eius
1194 787 1427 846 aemuli.
1511 809 1649 845 nam
1682 802 1888 847 cuncta
1921 791 2117 863 legum

260 887 317 933 et
339 874 788 948 magistratuum
813 870 1018 926 munia
1044 871 1106 926 in
1146 890 1204 926 se
1239 867 1477 929 trahens
1512 875 1782 950 princeps
1814 876 2118 932 materiam

259 959 587 1037 praedandi
628 957 994 1032 patefecerat.
1091 976 1197 1013 nec
1238 957 1563 1034 quidquam
1598 961 1866 1040 publicae
1908 960 2118 1017 mercis

263 1058 383 1121 tam
407 1044 615 1102 venale
641 1042 755 1099 fuit
779 1060 957 1117 quam
981 1042 1399 1099 advocatorum
1427 1044 1701 1118 perfidia,
1743 1045 1887 1101 adeo
1912 1058 1980 1102 ut
2009 1045 2119 1102 Sa-

262 1131 417 1188 mius
441 1127 688 1201 insignis
717 1146 891 1203 eques
917 1125 1224 1184 Romanus
1259 1129 1702 1204 quadringentis
1738 1150 2120 1187 nummorum

261 1216 530 1273 millibus
567 1212 757 1271 Suilio
793 1212 942 1267 datis
976 1225 1031 1270 et
1066 1214 1295 1287 cognita
1336 1214 1831 1287 praevaricatione
1863 1217 2018 1271 ferro
2056 1216 2120 1270 in

266 1304 444 1360 domo
483 1300 609 1356 eius
644 1297 996 1356 incubuerit.
1100 1297 1287 1372 Igitur
1329 1297 1645 1374 incipiente
1678 1297 1742 1358 C.
1781 1300 1929 1357 Silio
1977 1321 2121 1356 con-

266 1388 394 1444 sule
443 1385 775 1462 designat0‚
836 1383 1002 1438 cuius
1046 1383 1119 1439 de
1156 1384 1416 1459 potentia
1457 1397 1512 1441 et
1551 1385 1724 1440 exitio
1759 1385 1823 1439 in
1859 1397 2121 1460 tempore

265 1471 638 1538 memorabo,
682 1479 1045 1541 consurgunt
1079 1481 1271 1544 patres
1310 1469 1611 1547 legemque
1649 1467 1921 1526 Cinciam¹
1954 1470 2122 1543 flagi-

264 1566 421 1626 tant,
465 1575 581 1632 qua
621 1565 860 1610 cavetur
893 1553 1248 1629 antiquitus,
1289 1575 1364 1610 ne
1399 1556 1530 1632 quis
1567 1556 1645 1612 oh
1681 1575 1913 1612 causam
1946 1575 2124 1612 oran-

264 1643 402 1700 dam
426 1638 742 1717 pecuniam
768 1639 1064 1694 donumve
1090 1638 1351 1715 accipiat.

327 1892 549 1937 sentiam.
592 1887 686 1935 .Sic
709 1886 808 1930 edd.
834 1886 938 1928 Put.
963 1884 1031 1927 M.
1048 1892 1088 1928 et
1101 1885 1161 1927 V.
1285 1887 1496 1939 publicae
1518 1888 1703 1930 mercis.
1748 1887 1952 1946 Intellige
1974 1888 2019 1931 in
2040 1905 2121 1947 pu-

270 1949 480 1998 Beroald.
511 1946 613 1991 Ale.
645 1945 789 1987 Rhen.
816 1943 918 1987 Ald.
943 1959 1039 2001 sqq.
1101 1943 1163 1987 At
1232 1942 1354 1987 blico
1380 1943 1482 1986 loco
1505 1945 1708 1991 venalem
1737 1948 1992 2003 expositam.

269 2007 374 2054 MS.
413 2007 540 2051 Flor.
593 2011 694 2070 test·
732 2001 967 2069 ,Piehenm
1026 2015 1162 2057 ossen
1291 2016 1503 2058 mintius.
1561 2015 1677 2058 Edd.
1703 2015 1822 2075 spir.
1854 2017 1956 2060 Put.
1989 2016 2060 2060 M.
2081 2025 2123 2060 et

272 2066 524 2113 essentiam
548 2061 798 2127 (Victorius
826 2067 970 2124 tamen
999 2057 1053 2100 de
1079 2057 1164 2101 hac
1233 2072 1290 2115 V.
1317 2089 1420 2116 cum
1447 2074 1548 2116 MS.
1565 2073 1716 2116 Guelf.
1746 2077 1957 2122 milibus,
1987 2090 2123 2132 quam

270 2141 321 2172 re
345 2123 456 2167 nihil
477 2120 716 2165 adnotavit,
746 2116 868 2176 qnod
891 2131 1060 2158 nurum
1085 2122 1162 2164 ⁸⁵¹⁹
1233 2129 1502 2196 scripturam
1540 2147 1686 2188 nuper
1720 2132 1942 2190 adoptavit
1975 2132 2125 2175 Kiess·

272 2198 414 2254 quum
446 2177 549 2223 alibi
579 2183 708 2219 notet
730 2174 803 2219 Vel
836 2172 1162 2227 min¹1¹3·‘⁵⁵3¹¹¹³)·
1235 2186 1413 2246 linguis.
1476 2188 1642 2231 Nititur
1660 2205 1763 2231 sane
1787 2189 2024 2247 lapidibus.

269 2241 384 2343 {³5:¹12ss
390 2235 518 2338 {8¹¹5
545 2238 1038 2335 εἶὶῗίῗιῖῗέἱίιωῗῇυο
1058 2228 1163 2330 hglsl‘i
1286 2261 1707 2312 praevaricatione.
1768 2259 1851 2302 Ed.
1874 2259 1990 2319 Spir.
2017 2277 2123 2305 cum

266 2353 406 2401 MSS.
428 2349 597 2395 Medic.
625 2365 648 2392 a
672 2346 869 2390 Pichena
902 2344 1091 2403 inspecti
1122 2352 1163 2388 et

268 2413 388 2459 Bud.
411 2407 685 2453 assentiam.
744 2404 902 2448 Latere
924 2402 1092 2459 aliquid
1118 2403 1163 2445 in

273 2476 491 2527 corrupto
545 2463 773 2511 vocabulo
835 2460 910 2507 vix
972 2459 1162 2503 dubites.

271 2525 507 2575 Coniicioz'
557 2537 613 2565 ac
663 2534 795 2565 secus
837 2519 1064 2566 sentium,
1114 2525 1163 2559 ut

269 2598 399 2632 secus
427 2583 568 2626 instar
585 2575 796 2621 vocabuli
827 2575 977 2634 graeci
1004 2575 1165 2634 ἑτέρως

270 2641 494 2703 significet
545 2637 737 2693 gravius
754 2666 767 2685 ,
811 2634 959 2688 peius.
1056 2639 1165 2676 Nox

272 2713 490 2746 artiorem
509 2710 603 2740 non
625 2701 690 2737 est
708 2693 753 2735 in
777 2689 932 2735 Guelf.

332 2769 449 2814 CAP.
487 2765 529 2809 5.
617 2763 812 2806 aemuli.
908 2761 991 2805 Ed.
1042 2761 1161 2819 Spir.

277 2845 319 2876 c.
343 2822 496 2871 Guelf.
521 2823 686 2870 emuli,
717 2821 781 2862 uti
806 2821 936 2863 solet.

332 2881 514 2930 munia.
573 2878 676 2923 MS.
700 2879 883 2921 Fames.
901 2891 1022 2920 nece.
1065 2875 1167 2933 Lip-

276 2943 368 2990 sius
400 2948 644 2995 utrumque
681 2951 764 2994 pro
799 2933 1064 2994 glossemate
1093 2931 1166 2975 ha-

276 3003 369 3047 het.
436 2996 524 3040 Sed
556 2994 647 3039 vid.
686 2994 785 3049 1‚2.
828 2993 992 3034 munia
1027 3005 1165 3034 sena-

280 3066 377 3109 tus,
417 3054 811 3108 magistratuum,
855 3053 1009 3104 legum
1038 3049 1087 3090 in
1119 3062 1167 3092 se

281 3117 487 3159 trahere.

337 3173 387 3215 in
408 3184 474 3212 se.
532 3165 636 3208 MS.
658 3164 811 3209 Guelf.
834 3167 967 3207 intra
987 3178 1055 3206 se.

337 3226 591 3275 materiam
643 3224 921 3277 praedandi.
1018 3220 1170 3264 Heins.

281 3290 435 3332 latam
487 3296 656 3326 arcam
705 3280 984 3334 praedandi.
1082 3276 1170 3320 Sed

282 3341 495 3394 maceria
524 3347 589 3382 est
615 3336 818 3386 occasio,
847 3336 1176 3395 opportunitas,

282 3406 335 3446 ut'
363 3413 516 3456 -saepe.
596 3395 809 3440 Ceterum
847 3393 1084 3438 observavi
1123 3392 1170 3434 in

283 3474 357 3504 sex
387 3453 614 3516 prioribus
633 3451 877 3494 Annalium
912 3450 1036 3494 libris
1067 3455 1172 3494 con2

287 3523 453 3563 stanter
487 3509 571 3569 legi
612 3509 888 3557 materiem,
939 3523 1172 3566 nunquam

290 3571 557 3618 maantam.
613 3566 671 3610 cf.
694 3567 731 3617 1,
750 3564 820 3609 32.
853 3566 893 3618 2,
912 3565 983 3609 26.
1012 3565 1053 3617 3,
1074 3564 1155 3609 31.-

1234 2315 1335 2358 MS.
1354 2315 1503 2359 Guelf.
1530 2318 1924 2371 prevaricatione.

1271 2386 1559 2455 'incubuerim
1617 2387 1699 2430 Ed.
1727 2387 1845 2446 Spir.
1878 2391 2126 2431 succubue-

1234 2451 1295 2486 1·ιί

1297 2473 1412 2557 baio
1433 2513 1564 2558 Silio.
1623 2515 1707 2560 Ed.
1734 2514 1850 2572 Spir.
1880 2515 1934 2558 G.
1957 2516 2087 2559 Silio.

1294 2587 1423 2629 cuius
1445 2589 1501 2626 de
1516 2587 1724 2640 potentia
1748 2594 1790 2628 et
1811 2587 1968 2628 exitio.
2021 2585 2123 2631 MS.

1235 2646 1360 2689 Flor.
1383 2642 1585 2698 (t.Vict.)
1607 2643 1773 2685 omittit
1797 2652 1854 2686 et.
1912 2643 2124 2702 Ed.Spir.

1235 2704 1362 2746 cuius
1400 2703 1457 2741 de
1493 2701 1733 2754 potentiae
1771 2702 1929 2743 exitio.
2007 2702 2123 2747 Edd.

1235 2760 1341 2802 Put.
1371 2758 1443 2799 M.
1463 2766 1505 2799 et
1530 2758 1581 2800 V.
1624 2757 1830 2802 Beroald.
1858 2758 2001 2803 Rhen.
2019 2759 2124 2804 Ald-

1235 2832 1339 2862 cum
1364 2815 1463 2857 MS.
1495 2813 1646 2858 Guelf.
1681 2815 1903 2873 vulgatam
1937 2817 2124 2875 scriptu·

1235 2890 1331 2919 ram
1353 2879 1549 2915 tuentur.

1292 2934 1578 2973 memorabo.
1642 2929 1700 2972 cf.
1726 2946 1765 2973 c.
1797 2930 1849 2972 12
1867 2938 1909 2973 et
1929 2931 1998 2976 35.

1295 2989 1516 3031 Cinciam.
1607 2987 1707 3029 MS.
1750 2987 1874 3030 Flor.
1917 2990 1965 3043 (t.
1987 2989 2126 3045 Vict.)

1240 3045 1438 3096 Cioiam,
1497 3045 1618 3104 quod
1657 3045 1883 3088 Victorius
1940 3048 2123 3105 corrigit

1241 3104 1473 3147 Cinciam.
1559 3103 1643 3145 Ed.
1690 3103 1808 3161 Spir.
1853 3109 1895 3145 et
1938 3113 2126 3149 recentt.

1239 3161 1343 3203 inde
1376 3177 1399 3202 a
1422 3161 1568 3218 Lipsio
1601 3161 1805 3203 Cinciam
1842 3160 1918 3216 (es.
1947 3162 2011 3212 13,
2033 3162 2125 3218 42).

1241 3216 1381 3261 MSS.
1413 3217 1630 3266 Bromi-ii,
1682 3218 1798 3262 Bud.
1837 3218 1988 3264 Guelf.
2025 3219 2125 3261 edd.

1241 3276 1345 3319 Put.
1366 3275 1436 3318 M.
1458 3284 1500 3318 et
1525 3276 1580 3318 V.
1619 3275 1830 3319 Beroald.
1857 3276 1956 3319 Alc.
1986 3276 2127 3322 Rhea.

1243 3331 1351 3377 Ald.
1385 3333 1573 3375 Titiam.
1635 3334 1794 3391 Legem
1837 3333 2040 3375 Cinciam
2074 3334 2131 3377 de*

1244 3389 1375 3433 donis
1409 3406 1461 3434 ae
1487 3390 1750 3434 muneribus
1787 3390 1888 3431 tulit
1919 3391 1987 3433 M.
2025 3390 2129 3435 Cin·

1244 3448 1339 3490 cius
1372 3464 1441 3489 an.
1477 3464 1521 3491 u.
1555 3449 1653 3490 550.
1738 3448 1797 3490 ef.
1838 3447 1943 3491 Liv.
1969 3449 2048 3498 34,
2084 3449 2129 3491 4.

1242 3504 1433 3605 R8ettulit
1481 3506 1725 3563 Augustus.
1816 3505 1875 3549 cf.
1913 3506 2011 3553 ‚Dio
2061 3505 2131 3557 54,
