2164 3990
1747 218 1803 256 A.
1818 217 1875 255 u,
1886 190 1973 255 sis.

1750 263 1803 298 A.
1822 261 1871 301 e.
1908 263 1976 300 ⁶0.

121 300 124 303 ἢ
199 224 326 287 232
874 208 1383 284 ANNALHJM

206 351 538 411 subsidium
565 372 597 409 a
621 353 843 411 femina
867 352 1172 429 petivisse:
1211 354 1651 431 immissamque
1663 350 1854 413 Acten
1879 356 2064 414 liher-
2100 426 2106 430 ⁷

204 451 357 508 tam,
412 459 562 515 quae
595 438 772 495 simul
808 459 913 495 suo
949 437 1215 514 periculo
1255 450 1311 495 et
1335 439 1580 496 infamia
1609 438 1866 497 Neronis
1888 441 2064 501 anxia
2091 432 2094 433 ⁷

206 525 459 581 deferret
481 525 893 600 pervulgatum
919 543 1040 580 esse
1062 523 1350 580 incestum
1374 525 1662 598 gloriante
1694 537 1880 583 matre
1893 549 1915 596 ‚·
1934 544 2063 583 ..nec

206 610 558 670 toleraturos
591 609 809 664 milites
841 609 1078 684 profani
1111 609 1397 684 principis
1423 610 1756 685 imperium.
1842 610 2065 668 Fabius

204 693 488 754 Rusticus
510 715 634 751 non
648 689 1039 770 Agrippinae,
1083 694 1184 766 sed.
1202 692 1429 750 Neroni
1452 696 1715 770 cupitum
1745 697 1808 752 id
1835 716 2065 752 memo-

206 791 313 839 rat.
334 781 709 855 eiusdemque
745 779 991 837 libertae
1028 790 1158 835 astu
1195 778 1518 839 disiectum.
1583 782 1709 864 ‘ge-d
1741 803 1890 858 quae
1918 779 2063 839 Clu-

207 866 372 936 vius,
435 867 638 921 eadem
663 856 853 921 'ceteri
887 853 1128 942 'quoque
1167 875 1434 921 auctores
1464 848 1780 939 proffffiiere
1819 879 1875 923 et
1910 867 2065 922 fama

207 945 326 1014 huc
375 951 651 1019 inclinat,
719 969 824 1007 seu
868 949 1136 1024 concepit
1173 949 1372 1006 animo
1411 961 1643 1006 tantum
1673 951 2067 1009 immanitatis
2150 976 2153 982 ·

208 1032 537 1112 Agrippina
562 1055 671 1092 scu.
689 1026 1239 1093 credibilior'novae
1264 1034 1535 1093 libidinis
1557 1036 1862 1099 meditatio
1893 1037 1960 1093 in
1999 1057 2065 1094 ea

206 1122 330 1178 visa
377 1115 500 1189 est.
556 1142 707 1197 quae
753 1122 1119 1196 puellaribus
1155 1120 1329 1176 annis
1363 1131 1634 1195 stuprum
1671 1142 1805 1179 cum
1837 1120 2067 1197 Lepido

209 1226 309 1282 spe
338 1199 761 1263 dominationis
787 1208 1131 1275 admiserat,
1183 1206 1314 1281 pari
1348 1206 1625 1281 cupidine
1657 1211 1860 1284 usque
1879 1208 1955 1262 ad
1989 1206 2070 1262 li-

207 1293 332 1351 bita
367 1290 655 1348 Pallantis
693 1293 1006 1369 provoluta
1048 1304 1103 1350 et
1144 1292 1389 1350 exercita
1435 1293 1509 1349 ad
1557 1313 1732 1349 omne
1777 1292 2071 1366 flagitium
2142 1303 2147 1306 ’

205 1376 404 1454 patrui
432 1378 675 1453 nuptiis,

381 1483 492 1546 III.
560 1485 750 1561 Igitur
792 1486 951 1546 Nero
1001 1490 1187 1547 vitare
1233 1500 1483 1546 secretos
1533 1488 1661 1555 eius
1709 1507 2070 1563 congressu5,

210 1572 619 1631 abscedentem
658 1575 722 1629 in
763 1569 970 1632 hortos
1000 1586 1101 1631 aut
1126 1573 1535 1631 Tusculanum
1558 1574 1655 1630 vel
1679 1568 1981 1630 Antiatem
2005 1575 2071 1632 in

212 1676 419 1733 agrum
447 1659 723 1728 laudare,
769 1661 924 1742 quod
953 1660 1140 1716 otium
1169 1661 1488 1717 lacesseret.
1563 1669 1895 1734 postremo,
1936 1660 2076 1728 ubi-

213 1762 447 1820 cunque
474 1740 823 1814 haberetur,
871 1765 1252 1821 praegravem
1288 1757 1451 1802 ratus
1491 1743 1817 1800 interficere
1854 1745 2076 1801 consti-

211 1829 356 1899 tuit,
403 1825 687 1887 hactenus
726 1833 1094 1901 consultam,
1145 1851 1373 1887 veneno
1401 1850 1478 1886 an
1503 1830 1659 1886 ferro
1681 1830 1778 1885 vel
1808 1850 1922 1906 qua
1960 1830 2075 1887 alia

209 1914 302 1970 vi:
347 1914 686 1993 placuitque
708 1917 1256 1991 primo‘venenum.
1345 1917 1444 1971 sed
1483 1915 1639 1971 inter
1674 1915 1874 1990 epulas
1911 1915 2079 1990 prin-

211 1998 359 2074 cipis
403 2001 452 2055 si
488 2003 752 2070 daretur,
799 2003 1005 2062 referri
1044 2004 1118 2057 ad
1157 2013 1355 2057 casum
1388 2020 1514 2056 non
1546 2011 1778 2075 poterat
1814 2001 1922 2057 tali
1957 2001 2074 2058 iam

211 2079 545 2149 ,Britannici
576 2087 778 2144 exitio:
828 2099 883 2144 et
905 2087 1210 2148 ministros
1236 2097 1461 2143 tentare
1490 2087 1744 2145 arduum
1765 2085 2078 2144 videbatur

270 2303 486 2361 infamia.
546 2306 629 2351 Ed.
662 2307 780 2363 Spir.
804 2308 964 2364 fama.
1026 2308 1112 2350 Ea-

1242 2308 1508 2350 lacesseret.
1569 2303 1654 2347 Ed.
1688 2304 1808 2362 spir.
1845 2321 2081 2358 moresmo

218 2362 322 2420 dem
353 2379 455 2407 mox
483 2372 587 2408 ante
617 2374 772 2407 nmlre
793 2364 917 2409 addit
939 2369 1115 2422 Agrip-
1553 2372 1555 2374 ’

1187 2365 1452 2405 lacesceret.

206 2422 354 2473 pina,
384 2422 549 2481 datque
571 2440 676 2467 oum
700 2422 852 2467 Guelf.
877 2426 1122 2478 prophani

219 2493 305 2536 pro
332 2478 543 2534 profani.
605 2481 697 2525 Pro
721 2483 1015 2539 eiusdemque
1041 2499 1113 2526 ea·-

220 2535 479 2583 demhabet
502 2540 604 2582 eius
626 2540 840 2596 denique.

281 2619 494 2664 Cluvius.
552 2621 673 2666 Libri
702 2630 811 2668 vett.
841 2631 890 2665 ut
907 2639 1056 2684 supra.

281 2706 498 2759 concepit.
568 2706 644 2749 Sic
676 2707 813 2751 MSS.
844 2707 971 2753 Flor.
1009 2709 1116 2764 (see.

201 2759 377 2805 «zonat.
408 2763 442 2808 Ι.
467 2762 691 2820 Gronov.)
714 2765 823 2821 Reg.
849 2764 989 2810 corb.
1017 2765 1117 2808 edd.

226 2819 345 2874 Spir.
381 2820 554 2865 Ernest.
591 2837 689 2879 sqq.
735 2850 793 2858 --
862 2824 1122 2876 conceperit

225 2876 358 2922 MSS.
392 2877 516 2920 Harl.
552 2880 683 2922 Bodl.
717 2880 801 2923 les.
828 2881 938 2922 Bud.
969 2879 1120 2929 Guelf.

225 2935 328 2979 edd.
362 2935 462 2978 Put.
494 2937 561 2979 M.
585 2946 626 2980 et
651 2937 705 2979 V.
730 2937 939 2982 Beroald.
971 2940 1029 2993 (c.
1054 2937 1122 2980 sil.

225 2991 365 3048 Viet.)
386 2992 486 3037 Alc.
512 2994 655 3038 Rhen.
683 3011 782 3053 sqq.
842 2994 929 3038 Sed
961 3004 1122 3040 auctor

224 3049 406 3094 definite
429 3051 563 3095 dicit:
593 3060 669 3095 aut
688 3069 828 3095 unum
853 3051 940 3098 fuit
961 3060 1036 3096 aut
1061 3051 1119 3095 al-

224 3113 391 3153 ierum.
453 3108 568 3153 Aliis
598 3110 709 3153 locis
741 3109 928 3153 eandem
951 3110 1120 3153 utrius-

228 3179 315 3223 que
337 3166 460 3209 modi
485 3166 805 3216 confusionem
830 3167 1041 3212 vidimus.

282 3259 505 3303 stuprum
538 3267 644 3294 cum
674 3251 866 3307 Lepido.
925 3249 983 3295 ef.
1004 3251 1120 3295 Sue-

228 3313 325 3349 ton.
351 3308 444 3351 Cal.
475 3325 514 3352 c.
532 3311 603 3353 24.
634 3308 726 3354 Dio
750 3310 819 3361 59,
838 3309 913 3351 22.

286 3387 399 3433 Cn.
440 3391 483 3434 S.
559 3394 818 3438 Antiatem.
898 3391 976 3438 Sic
1018 3392 1122 3438 MS.

229 3446 350 3491 Plor.
387 3446 502 3501 (test.
530 3451 669 3518 Vi.⁶t‘)
708 3451 807 3494 edd.
834 3451 952 3519 Spir.
980 3450 1124 3497 Rhen-

231 3519 336 3607 ἶξιέι.
355 3532 424 3607 ᾗ·
444 3508 840 3618 *eidqfc-zgccelrnffilg.
856 3507 1006 3552 buelf.
1027 3508 1127 3556 edd.

1240 2432 1570 2475 praegravem.
1630 2419 1715 2467 Sic,
1741 2419 1840 2463 edd.
1873 2420 1978 2465 Put.
2014 2422 2082 2466 M.

1190 2486 1231 2520 et
1263 2478 1320 2520 V.
1364 2477 1466 2520 Ber.
1512 2478 1569 2532 (c.
1611 2475 1758 2520 silent.
1797 2478 1932 2535 vict.)
1977 2479 2082 2524 Ale.

1189 2535 1331 2578 Rhen.
1374 2550 1472 2592 sqq.
1519 2558 1578 2567 —
1638 2549 1903 2590 praegrave
1947 2537 2082 2580 MSS.

1190 2593 1304 2636 Bud.
1341 2589 1492 2634 Guelf.
1532 2591 1600 2634 ed.
1638 2590 1780 2648 Spita,
1825 2594 1944 2648 quod
1982 2595 2085 2637 lieet

1189 2650 1326 2708 possit
1363 2647 1522 2691 referri
1551 2649 1606 2690 'ad
1644 2647 1887 2691 formulam
1924 2653 2090 2700 haberi

1190 2706 1528 2761 Agrtppinam,
1562 2705 1705 2748 multo
1739 2707 1900 2749 melior
1933 2716 2083 2751 tamen

1190 2772 1256 2808 est
1278 2764 1456 2819 vulgata
1481 2764 1714 2817 scriptura.
1771 2760 1774 2767 ’

1248 2828 1398 2866 ratus.
1460 2820 1543 2863 Ed.
1568 2821 1598 2862 S
1635 2822 1684 2862 ἰν.
1711 2821 1845 2865 ritus.

1248 2877 1477 2933 onserro.
1540 2878 1585 2918 M
1627 2877 2082 2923 §.Bod1.1es.Gue!f.

1193 2939 1268 2977 vel
1291 2936 1449 2992 serra.
1519 2935 1654 2978 Mate.
1726 2935 1913 2979 Librarii
1948 2946 2081 2995 puta-

1193 2993 1300 3036 bant
1349 2994 1407 3035 ita
1454 2992 1746 3036 scribendum
1788 2993 1846 3035 ob
1889 3009 2086 3051 sequens

1194 3052 1292 3101 vel,
1323 3051 1448 3092 cuius
1472 3057 1624 3094 tamen
1647 3051 1727 3093 alia
1752 3051 1867 3095 ratio
1892 3060 1972 3095 est.

1250 3114 1447 3150 tentare.
1533 3107 1609 3150 Sic
1646 3107 1747 3151 MS.
1789 3106 1942 3150 Guelf.
1985 3107 2087 3157 edd.

1193 3162 1299 3208 Put.
1336 3165 1402 3206 M.
1436 3171 1478 3207 et
1507 3162 1563 3207 V.
1597 3164 1701 3208 Ber.
1744 3165 1802 3219 (c.
1839 3164 1908 3209 sit.
1944 3164 2084 3222 Vici.)

1198 3222 1292 3265 Ate.
1327 3221 1470 3265 Rhen.
1507 3238 1606 3281 sqq.
1638 3250 1697 3263 -.-
1756 3231 1988 3276 temptare
2018 3223 2088 3266 ed.

1194 3277 1314 3337 Spir.
1383 3279 1554 3333 ,Eadem
1595 3295 1699 3322 mox
1739 3281 1962 3323 thtentate
2002 3295 2088 3337 pro

1196 3338 1423 3381 intentae.
1497 3335 1680 3379 Omittit
1713 3336 1872 3380 deinde
1909 3344 1954 3378 et
1988 3346 2092 3381 ante

1195 3409 1253 3438 ne
1288 3397 1405 3452 quis.
1467 3394 1583 3451 Tum
1622 3409 1703 3450 pro
1741 3394 1813 3435 illi
1838 3392 2000 3451 legitur
2028 3394 2091 3438 ibi

1199 3453 1277 3495 illo
1293 3485 1304 3506 ,
1342 3453 1405 3495 uti
1429 3451 1475 3494 in
1498 3451 1599 3498 MS.
1621 3449 1773 3494 Guelf.
1833 3450 1934 3493 MS.
1960 3450 2097 3495 Corb.

1201 3511 1461 3566 mulierque
1493 3523 1582 3551 usu
1615 3510 1836 3551 scelerum
1873 3512 2100 3555 adversus

1205 3569 1398 3612 insidias
1418 3567 1611 3610 intenta.
