2164 3990
227 205 276 242 Α.
297 202 351 242 U.
367 205 451 240 816.

227 250 281 287 A.
299 249 345 285 o.
373 251 453 296 ω.

681 207 853 270 ΙᾸΒ.
896 209 1029 270 xv,
1095 157 1320 272 *CAPJ
1347 209 1441 271 16.
1869 210 1994 273 345

313 338 477 401 XVI.
540 335 815 396 Ceterum
862 339 1113 397 obsessis
1163 340 1309 396 adeo
1359 339 1822 414 suppeditavisse
1867 361 1996 399 rem

138 425 586 483 frumentariam
633 423 895 481 constitit
911 469 928 493 ‚
1013 436 1082 482 ut
1131 419 1360 482 horreis
1410 425 1611 498 ignem
1664 425 1994 498 iniicerent,

141 522 462 586 contraque
501 508 831 586 prodiderit
863 506 1123 566 Corbulo
1157 506 1410 568 Parthos
1446 510 1653 586 inopes
1689 511 1995 587 copiarum

142 608 201 654 et
237 596 455 671 pabulo
502 594 701 650 attrito
747 594 1056 650 relicturos
1097 595 1628 673 oppugnationem,
1691 616 1884 673 neque
1932 617 1994 654 se

137 681 273 756 plus
309 680 494 738 tridui
529 679 737 735 itinere
774 679 1046 738 abfuisse.
1133 676 1370 737 Adiecit
1410 680 1791 740 iureiurando
1826 680 1996 740 Paeti

126 777 377 823 cautum
412 765 570 841 apud
607 764 801 837 signa,
845 764 1211 823 adstantibus
1235 765 1307 820 iis
1333 785 1480 841 quos
1502 766 1865 823 testificando
1892 787 1995 824 rex

138 850 420 920 misisset,
474 850 772 905 neminem
804 848 1148 908 Romanum
1178 845 1528 907 Armeniam
1566 852 1993 927 ingressurum,

140 936 328 994 donec
382 935 743 995 referrentur
791 935 1018 992 litterae
1053 932 1338 1004 Neronis,
1395 955 1472 991 an
1516 936 1648 1011 paci
1689 937 1995 997 adnueret.

141 1018 311 1092 Quae
343 1030 412 1080 ut
446 1015 745 1097 augendae
779 1020 1059 1076 infamiae
1086 1020 1438 1094 composita,
1489 1022 1570 1078 sic
1603 1021 1833 1099 reliqua
1867 1041 1995 1078 non

139 1105 205 1160 in
237 1105 484 1162 obscuro
512 1101 839 1174 hahentur,
886 1124 1005 1162 una
1042 1104 1138 1160 die
1164 1105 1550 1180 quadraginta
1574 1107 1833 1163 millium
1860 1127 1996 1183 spa-

139 1189 291 1247 tium
325 1210 629 1247 emensum
667 1209 788 1245 esse
810 1187 1055 1245 Paetum
1084 1190 1328 1246 desertis
1356 1191 1573 1264 passim
1600 1191 1844 1262 sauciiS‚
1887 1212 1996 1249 ne-

74 1306 78 1312 ·
138 1295 253 1352 que
298 1275 495 1332 minus
541 1275 865 1337 deformem
916 1268 1081 1329 illam
1134 1274 1490 1348 fugientium
1541 1277 1996 1352 trepidationem

139 1380 316 1437 quam
353 1361 403 1416 si
438 1371 599 1432 terga
633 1358 700 1414 in
725 1359 846 1414 acie
873 1359 1202 1418 vertissent.
1287 1357 1552 1418 Corbulo
1584 1381 1719 1417 cum
1747 1361 1868 1418 suis
1893 1383 1996 1419 co·-

135 1445 253 1520 piis
278 1445 434 1520 apud
463 1444 655 1519 ripam
678 1440 1003 1519 Euphratis
1039 1444 1250 1500 obvius
1284 1465 1409 1500 non
1445 1465 1574 1501 eam
1610 1446 1859 1521 speciem
1894 1447 1996 1503 in·-

42 1582 55 1588 -
138 1530 397 1604 signium
421 1541 477 1586 et
499 1549 799 1585 armorum
822 1530 1128 1604 praetulit,
1164 1541 1232 1586 ut
1252 1530 1650 1588 diversitatem
1676 1532 1996 1606 exprobra-

137 1627 251 1672 ret:
298 1615 505 1672 maesti
529 1614 819 1688 manipuli
847 1634 911 1670 ac
933 1614 1123 1670 vicem
1148 1616 1624 1672 commilitonum
1648 1616 1994 1674 miserantes

136 1719 214 1760 ne
253 1699 511 1760 lacrimis
551 1699 789 1781 quidem
827 1710 1168 1779 temperare.
1255 1700 1352 1757 vix
1377 1721 1517 1777 prae
1545 1702 1689 1758 fletu
1713 1714 1994 1778 usurpata

60 2563 64 2573 “
133 2553 250 2596 lonis
261 2584 274 2602 ,

191 1864 304 1909 CAP.
331 1865 398 1908 16.
457 1865 651 1907 horreis,
709 1863 926 1921 Ed.Spir.
952 1878 1026 1906 or-

134 1923 245 1966 reis.
306 1922 382 1966 Sic
403 1924 500 1964 orti
518 1938 601 1980 pro
626 1924 762 1963 horti
785 1923 848 1973 11,
874 1924 914 1965 1.

187 1981 463 2032 prodiderit.
565 1979 620 2026 In
691 1975 1027 2025 commentariis

134 2037 345 2095 opinatur
377 2038 564 2104 Lipsius,
626 2035 685 2079 cf.
716 2035 840 2081 Plin.
877 2037 916 2086 5,
950 2036 1023 2082 24.

130 2095 174 2144 6,
195 2095 238 2138 8.
297 2093 494 2153 Ryclnus
528 2092 801 2136 contradicit
835 2093 1026 2149 cogitat-

134 2151 299 2208 que-de
323 2151 534 2207 epistolis.
595 2150 699 2194 Non
733 2167 825 2194 esse
863 2150 1027 2195 verisi-

130 2210 237 2252 mile
259 2208 532 2255 aitTacitum
555 2217 711 2252 contra
732 2207 860 2250 illum
885 2208 1028 2250 dictu,

130 2283 233 2310 rum
261 2265 421 2317 fuisse,
451 2266 487 2309 si
511 2266 558 2309 in
578 2265 690 2308 iusta
712 2264 895 2308 historia
916 2281 1026 2322 pro-

132 2323 327 2369 didisset.
381 2323 510 2379 Quae
532 2329 682 2367 tamen
702 2323 814 2366 ratio
840 2321 1028 2364 minime

133 2381 299 2425 sufficit
352 2380 407 2423 ad
460 2379 660 2436 Lipsium
712 2378 1027 2423 refellendum.

130 2438 276 2482 Immo
298 2446 474 2495 tempus
495 2437 544 2481 in
558 2437 817 2491 prodiderit
839 2443 879 2477 et
902 2436 1027 2480 adie-

130 2499 190 2539 cit
213 2496 314 2539 satis
336 2503 521 2539 testatur
546 2493 820 2536 monimenta
845 2491 1028 2536 Corbu-

337 2553 500 2611 quibus
556 2550 666 2593 haec
721 2551 1026 2597 tradebantur,

133 2611 315 2657 durasse
365 2609 420 2657 ad
465 2608 607 2655 Taciti
651 2617 854 2659 aetatem.
938 2607 1025 2650 Sed

134 2668 367 2725 utriusque
401 2666 482 2709 viri
517 2665 670 2723 opinio
703 2665 762 2709 ita
794 2664 1029 2708 conciliari

131 2733 301 2783 potest,
350 2731 400 2767 ut
444 2723 692 2780 cogitemus
734 2723 788 2769 de
831 2722 1030 2778 epistolis

138 2781 412 2825 Corbulonis
435 2781 491 2824 ad
516 2779 750 2827 Caesarem
786 2779 839 2827 de
872 2778 947 2822 illa
980 2794 1029 2820 re

136 2837 283 2882 missis
328 2839 590 2892 (amtlicher
631 2837 869 2892 Berz‘cht),
917 2851 1029 2894 quae

136 2893 400 2954 superfuere
423 2894 470 2936 in
496 2894 605 2937 actis
628 2894 833 2952 publicis.

191 2953 371 2998 attrito.
428 2949 514 2995 Ed.
537 2951 655 3007 Spir.
680 2958 850 2997 actuto.

193 3010 376 3053 itinere.
448 3007 525 3052 Sic
557 3007 657 3052 MS.
686 3007 806 3053 Bud.
846 3017 889 3051 et
924 3007 1030 3054 inde

138 3067 241 3114 edd.
276 3065 420 3109 Rhen.
457 3080 554 3123 sqq.
607 3089 665 3106 -η-
734 3065 893 3107 itineri
929 3065 1030 3109 MS.

138 3121 291 3169 Guelf.
319 3122 417 3165 edd.
442 3120 560 3179 Spir.
586 3121 689 3168 Put.
711 3122 779 3164 M.
804 3130 846 3165 et
867 3120 924 3166 V.
946 3121 1028 3164 Be-

136 3180 283 3225 roald.
307 3181 364 3230 (c.
387 3179 562 3222 silentio
575 3178 713 3232 Viet.)
731 3179 833 3227 Alo.
878 3178 1031 3234 Quae·-

137 3240 253 3284 ritur
299 3252 355 3284 an
398 3244 570 3281 veteres
609 3235 844 3280 habuerint
879 3236 1030 3283 ablati-

139 3311 245 3338 vum
271 3294 448 3343 itineri,
480 3301 529 3336 ut
550 3294 694 3335 imbri
710 3294 764 3336 ab
788 3294 949 3336 imber.

197 3351 415 3407 abfuisse.
496 3350 581 3393 Ed.
636 3350 754 3407 Spir.
804 3350 1027 3406 adsm'sse.

140 3407 308 3451 Eadem
354 3423 457 3451 mox
500 3407 657 3450 adiicit
702 3421 787 3464 pro
834 3407 1031 3459 adiecit,-

145 3464 305 3509 deinde
332 3465 405 3507 his
436 3480 518 3522 pro
554 3465 642 3517 iis,
675 3473 718 3506 et
747 3479 853 3507 cum
876 3463 1030 3508 Guelf.

145 3522 405 3580 reserentur
435 3537 519 3581 pro
549 3520 867 3579 referrentur,
911 3522 1032 3579 quod

1098 1863 1263 1907 habent
1307 1865 1407 1908 edd.
1437 1865 1540 1909 Put.
1572 1865 1677 1909 Ber.
1710 1864 1814 1911 Alc.
1847 1865 1993 1911 Rhen.

1098 1922 1202 1965 Ald.
1283 1923 1563 1978 Referemus·
1613 1922 1748 1966 etiam
1798 1923 1845 1966 in
1891 1923 1993 1968 MS.

1098 1978 1215 2024 Bud.
1243 1995 1335 2023 esse
1364 1988 1548 2024 testatur
1575 1979 1841 2024 Oberlinus.
1905 1981 1994 2025 Sed

1101 2036 1154 2083 de
1170 2037 1290 2081 Flor.
1310 2036 1557 2079 Oberlinus
1580 2037 1717 2083 falsus
1743 2046 1822 2087 est.
1877 2038 1995 2083 Nam

1097 2092 1294 2138 Pichena
1316 2093 1420 2136 inde
1443 2095 1604 2137 diserte
1627 2094 1824 2153 prodidit
1844 2097 1997 2153 refer-

1098 2159 1292 2202 rentur,
1334 2151 1456 2207 quod
1491 2152 1584 2209 ipse
1615 2152 1839 2210 reposuit,
1888 2170 1995 2197 cum

1099 2208 1371 2263 reserantur
1401 2217 1497 2251 tum
1535 2209 1751 2267 temporis
1783 2210 1994 2268 vulgare-

1099 2274 1174 2307 tur
1204 2275 1294 2323 ‘per
1335 2265 1436 2308 edd.
1476 2265 1595 2324 Lips.
1641 2267 1829 2324 priores.
1899 2267 1996 2313 Nec

1099 2321 1328 2365 Victorius
1344 2338 1489 2380 neque
1504 2323 1590 2366 Iac.
1605 2322 1869 2368 Gronovius
1887 2340 1995 2368 con·

1098 2386 1165 2422 tra
1190 2378 1429 2422 Pichenam
1455 2380 1614 2430 dixere,
1675 2379 1797 2424 Ante
1830 2382 1995 2438 testifiv

1099 2439 1245 2478 cando
1278 2436 1324 2477 in
1360 2435 1568 2480 Oberlini
1602 2437 1800 2482 editione
1833 2455 1996 2497 operae

1099 2493 1313 2535 dederant
1332 2497 1454 2549 quod
1476 2509 1560 2550 pro
1584 2509 1720 2551 quos,
1750 2496 1867 2538 miro
1889 2513 1995 2540 cum

1098 2548 1328 2606 adplausu.
1388 2550 1505 2609 Nam
1530 2550 1833 2604 Weikertus‚
1865 2547 1995 2602 Nau-¹

1101 2608 1226 2649 detus
1262 2615 1303 2649 et
1323 2606 1537 2650 Weisius
1570 2607 1681 2651 illud
1713 2614 1837 2666 quod
1862 2627 1993 2662 rece-

1101 2680 1206 2721 pere
1232 2665 1278 2706 in
1301 2680 1400 2708 suas
1426 2665 1658 2709 editiones.

1162 2722 1414 2765 vertissent.
1474 2721 1559 2766 Ed.
1581 2721 1701 2781 Spir.
1731 2724 1957 2779 vertes-set.

1159 2782 1288 2833 apud
1318 2780 1472 2831 ripam
1497 2780 1563 2823 Ε.
1634 2780 1711 2824 Sic
1749 2782 1851 2826 edd.
1888 2783 1997 2830 Put.

1099 2853 1200 2895 sqq,
1280 2836 1383 2881 MS.
1420 2836 1529 2879 Flor
1572 2838 1688 2892 (test.
1725 2838 1867 2893 Viot.)
1910 2857 1997 2900 pro

1100 2896 1229 2948 apud
1261 2893 1346 2935 fert
1381 2902 1519 2948 aput,
1551 2901 1600 2938 ut
1619 2892 1726 2938 alibi
1749 2895 1997 2944 interdum.

1099 2951 1339 3007 Ed.=Spir.
1382 2954 1447 2993 ad
1475 2953 1628 3006 ripam
1668 2951 1897 3009 Eufratis,
1938 2980 1997 2992 -—

1101 3010 1180 3054 Ad
1211 3010 1367 3061 ripam
1403 3007 1534 3051 etiam
1555 3008 1659 3057 MS.
1686 3004 1846 3063 (3011),,ι
1887 3012 2000 3058 Mox

1101 3065 1202 3108 MS.
1219 3065 1333 3107 Bud.
1356 3073 1455 3107 ante
1479 3080 1723 3114 armorum
1749 3069 1917 3119 omittit
1939 3078 2000 3115 et.

1101 3123 1240 3166 Male.

1101 3180 1191 3227 fert
1211 3194 1338 3234 spem
1353 3212 1365 3230 ,
1396 3179 1569 3237 vulgari
1592 3179 1877 3231 confusione.

1158 3237 1492 3283 diversitatem.
1557 3236 1659 3283 MS.
1684 3238 1793 3295 Agr.
1819 3244 1994 3286 adver..

1101 3296 1289 3336 sitalem
1303 3325 1314 3344 ,
1345 3293 1463 3336 unde
1477 3292 1682 3343 Heinsius
1701 3295 1882 3349 volebat
1901 3299 1997 3344 fieri

1101 3350 1425 3405 adversafati.

1159 3415 1438 3463 temperare.
1477 3405 1555 3451 Sic
1567 3406 1704 3453 MSS.
1720 3409 1847 3456 Flor.
1862 3413 1996 3468 (test.

1102 3463 1310 3520 Pichen.)
1342 3462 1493 3509 Guelf.
1522 3464 1622 3508 edd.
1658 3466 1778 3526 Spir.
1805 3469 1907 3520 Put.
1927 3471 1997 3515 M.

1107 3529 1150 3570 et
1180 3521 1236 3571 V,
1272 3521 1478 3574 Rei-eald,
1513 3525 1578 3585 (c.
1613 3522 1686 3574 sil.
1711 3524 1852 3585 vict.)
1888 3526 1994 3582 Alc.

1321 3122 1422 3165 MS.
1465 3120 1618 3173 Guelf.
1666 3139 1750 3181 pro
1797 3128 1997 3182 speciem
2071 3139 2073 3141 ’
