<?xml version="1.0" encoding="UTF-8"?>
<!DOCTYPE html PUBLIC "-//W3C//DTD XHTML 1.0 Transitional//EN"
    "http://www.w3.org/TR/xhtml1/DTD/xhtml1-transitional.dtd">
<html xmlns="http://www.w3.org/1999/xhtml" xml:lang="en" lang="en">
 <head>
  <title>
</title>
<meta http-equiv="Content-Type" content="text/html;charset=utf-8" />
  <meta name='ocr-system' content='tesseract 3.04.00' />
  <meta name='ocr-capabilities' content='ocr_page ocr_carea ocr_par ocr_line ocrx_word'/>
</head>
<body>
  <div class='ocr_page' id='page_1' title='image "./operarecensuitet02taciuoft_0469.png"; bbox 0 0 2164 3990; ppageno 0'>
   <div class='ocr_carea' id='block_1_1' title="bbox 143 207 358 295">
    <p class='ocr_par' dir='ltr' id='par_1_1' title="bbox 143 207 358 295">
     <span class='ocr_line' id='line_1_1' title="bbox 143 207 355 251; baseline -0.024 0"><span class='ocrx_word' id='word_1_1' title='bbox 143 215 257 251; x_wconf 61' lang='lat' dir='ltr'><strong>AJJ,</strong></span> <span class='ocrx_word' id='word_1_2' title='bbox 273 207 355 248; x_wconf 69' lang='lat'><strong>867.</strong></span> 
     </span>
     <span class='ocr_line' id='line_1_2' title="bbox 145 257 358 295; baseline -0.019 0"><span class='ocrx_word' id='word_1_3' title='bbox 145 260 194 295; x_wconf 75' lang='lat' dir='ltr'><strong>A.</strong></span> <span class='ocrx_word' id='word_1_4' title='bbox 215 257 260 294; x_wconf 94' lang='lat' dir='ltr'><strong>C.</strong></span> <span class='ocrx_word' id='word_1_5' title='bbox 296 259 358 292; x_wconf 83' lang='lat'><strong>20.</strong></span> 
     </span>
    </p>
   </div>
   <div class='ocr_carea' id='block_1_2' title="bbox 530 162 1912 277">
    <p class='ocr_par' dir='ltr' id='par_1_2' title="bbox 530 162 1912 277">
     <span class='ocr_line' id='line_1_3' title="bbox 530 162 1912 277; baseline 0 -3"><span class='ocrx_word' id='word_1_6' title='bbox 530 217 708 277; x_wconf 86' lang='lat' dir='ltr'><strong>L-IB.</strong></span> <span class='ocrx_word' id='word_1_7' title='bbox 742 216 904 276; x_wconf 65' lang='lat' dir='ltr'><strong>XVI.</strong></span> <span class='ocrx_word' id='word_1_8' title='bbox 979 215 1178 276; x_wconf 84' lang='lat' dir='ltr'><strong>CAP.</strong></span> <span class='ocrx_word' id='word_1_9' title='bbox 1211 214 1310 276; x_wconf 78' lang='lat'><strong>34.</strong></span> <span class='ocrx_word' id='word_1_10' title='bbox 1339 212 1438 274; x_wconf 74' lang='lat'><strong>55.</strong></span> <span class='ocrx_word' id='word_1_11' title='bbox 1499 162 1507 170; x_wconf 20' lang='lat' dir='ltr'><strong>i</strong></span> <span class='ocrx_word' id='word_1_12' title='bbox 1787 214 1912 275; x_wconf 82' lang='lat'><strong>459</strong></span> 
     </span>
    </p>
   </div>
   <div class='ocr_carea' id='block_1_3' title="bbox 0 341 1916 578">
    <p class='ocr_par' dir='ltr' id='par_1_3' title="bbox 0 341 1916 578">
     <span class='ocr_line' id='line_1_4' title="bbox 0 341 1916 427; baseline -0.002 -20"><span class='ocrx_word' id='word_1_13' title='bbox 0 370 2 378; x_wconf 72' lang='grc'>’</span> <span class='ocrx_word' id='word_1_14' title='bbox 61 348 416 427; x_wconf 77' lang='lat' dir='ltr'>Arriamque</span> <span class='ocrx_word' id='word_1_15' title='bbox 451 357 771 405; x_wconf 79' lang='lat' dir='ltr'><strong>tentantem</strong></span> <span class='ocrx_word' id='word_1_16' title='bbox 796 346 1006 403; x_wconf 70' lang='lat' dir='ltr'><strong>‘mariti</strong></span> <span class='ocrx_word' id='word_1_17' title='bbox 1037 360 1309 420; x_wconf 83' lang='lat' dir='ltr'><strong>suprema</strong></span> <span class='ocrx_word' id='word_1_18' title='bbox 1347 357 1404 402; x_wconf 91' lang='lat' dir='ltr'><strong>et</strong></span> <span class='ocrx_word' id='word_1_19' title='bbox 1438 345 1770 421; x_wconf 86' lang='lat' dir='ltr'><strong>exemplum</strong></span> <span class='ocrx_word' id='word_1_20' title='bbox 1795 341 1916 404; x_wconf 86' lang='lat' dir='ltr'><strong>Ar·-</strong></span> 
     </span>
     <span class='ocr_line' id='line_1_5' title="bbox 62 431 1914 508; baseline -0.002 -16"><span class='ocrx_word' id='word_1_21' title='bbox 62 437 183 492; x_wconf 82' lang='lat' dir='ltr'><strong>riae</strong></span> <span class='ocrx_word' id='word_1_22' title='bbox 219 435 422 492; x_wconf 83' lang='lat' dir='ltr'><strong>matris</strong></span> <span class='ocrx_word' id='word_1_23' title='bbox 473 434 635 508; x_wconf 89' lang='lat' dir='ltr'><strong>sequi</strong></span> <span class='ocrx_word' id='word_1_24' title='bbox 681 443 881 488; x_wconf 87' lang='lat' dir='ltr'><strong>monet</strong></span> <span class='ocrx_word' id='word_1_25' title='bbox 922 432 1176 488; x_wconf 87' lang='lat' dir='ltr'><strong>retinere</strong></span> <span class='ocrx_word' id='word_1_26' title='bbox 1218 431 1400 487; x_wconf 80' lang='lat' dir='ltr'><strong>vitam</strong></span> <span class='ocrx_word' id='word_1_27' title='bbox 1440 432 1710 508; x_wconf 82' lang='lat' dir='ltr'><strong>filiaeque</strong></span> <span class='ocrx_word' id='word_1_28' title='bbox 1751 447 1914 489; x_wconf 86' lang='lat' dir='ltr'><strong>com-</strong></span> 
     </span>
     <span class='ocr_line' id='line_1_6' title="bbox 59 517 1295 578; baseline -0.002 -2"><span class='ocrx_word' id='word_1_29' title='bbox 59 521 230 578; x_wconf 89' lang='lat' dir='ltr'><strong>muni</strong></span> <span class='ocrx_word' id='word_1_30' title='bbox 253 520 583 577; x_wconf 85' lang='lat' dir='ltr'>subsidium</span> <span class='ocrx_word' id='word_1_31' title='bbox 602 517 844 573; x_wconf 88' lang='lat' dir='ltr'><strong>unicum</strong></span> <span class='ocrx_word' id='word_1_32' title='bbox 867 538 991 572; x_wconf 90' lang='lat' dir='ltr'><strong>non</strong></span> <span class='ocrx_word' id='word_1_33' title='bbox 1019 519 1295 575; x_wconf 79' lang='lat' dir='ltr'><strong>adimere.</strong></span> 
     </span>
    </p>
   </div>
   <div class='ocr_carea' id='block_1_4' title="bbox 59 657 1920 1504">
    <p class='ocr_par' dir='ltr' id='par_1_4' title="bbox 59 657 1920 1504">
     <span class='ocr_line' id='line_1_7' title="bbox 231 657 1917 738; baseline -0.001 -18"><span class='ocrx_word' id='word_1_34' title='bbox 231 659 480 723; x_wconf 86' lang='lat' dir='ltr'><strong>XXXV.</strong></span> <span class='ocrx_word' id='word_1_35' title='bbox 539 658 696 730; x_wconf 87' lang='lat' dir='ltr'><strong>Tum</strong></span> <span class='ocrx_word' id='word_1_36' title='bbox 721 679 1059 734; x_wconf 78' lang='lat' dir='ltr'><strong>progressus</strong></span> <span class='ocrx_word' id='word_1_37' title='bbox 1092 659 1156 714; x_wconf 88' lang='lat' dir='ltr'><strong>in</strong></span> <span class='ocrx_word' id='word_1_38' title='bbox 1181 659 1474 734; x_wconf 85' lang='lat' dir='ltr'><strong>porticum</strong></span> <span class='ocrx_word' id='word_1_39' title='bbox 1510 657 1630 734; x_wconf 81' lang='lat' dir='ltr'><strong>illic</strong></span> <span class='ocrx_word' id='word_1_40' title='bbox 1669 680 1701 716; x_wconf 83' lang='lat' dir='ltr'>a</span> <span class='ocrx_word' id='word_1_41' title='bbox 1735 681 1917 738; x_wconf 84' lang='lat' dir='ltr'><strong>quae-</strong></span> 
     </span>
     <span class='ocr_line' id='line_1_8' title="bbox 60 742 1916 823; baseline -0.006 -17"><span class='ocrx_word' id='word_1_42' title='bbox 60 760 215 806; x_wconf 83' lang='lat' dir='ltr'><strong>store</strong></span> <span class='ocrx_word' id='word_1_43' title='bbox 259 748 550 823; x_wconf 86' lang='lat' dir='ltr'><strong>reperitur</strong></span> <span class='ocrx_word' id='word_1_44' title='bbox 594 746 848 801; x_wconf 75' lang='lat' dir='ltr'><strong>laetitiae</strong></span> <span class='ocrx_word' id='word_1_45' title='bbox 895 746 1172 820; x_wconf 81' lang='lat' dir='ltr'>propior,</span> <span class='ocrx_word' id='word_1_46' title='bbox 1238 745 1377 820; x_wconf 80' lang='lat' dir='ltr'><strong>quia</strong></span> <span class='ocrx_word' id='word_1_47' title='bbox 1421 742 1768 802; x_wconf 84' lang='lat' dir='ltr'><strong>Helvidium</strong></span> <span class='ocrx_word' id='word_1_48' title='bbox 1816 766 1916 821; x_wconf 86' lang='lat' dir='ltr'><strong>ge..</strong></span> 
     </span>
     <span class='ocr_line' id='line_1_9' title="bbox 59 827 1914 907; baseline -0.001 -17"><span class='ocrx_word' id='word_1_49' title='bbox 59 855 270 891; x_wconf 88' lang='lat' dir='ltr'><strong>nerum</strong></span> <span class='ocrx_word' id='word_1_50' title='bbox 306 853 477 893; x_wconf 89' lang='lat' dir='ltr'><strong>suum</strong></span> <span class='ocrx_word' id='word_1_51' title='bbox 507 829 676 889; x_wconf 85' lang='lat' dir='ltr'><strong>Italia</strong></span> <span class='ocrx_word' id='word_1_52' title='bbox 709 842 941 887; x_wconf 82' lang='lat' dir='ltr'><strong>tantum</strong></span> <span class='ocrx_word' id='word_1_53' title='bbox 976 830 1160 885; x_wconf 75' lang='lat' dir='ltr'><strong>arceri</strong></span> <span class='ocrx_word' id='word_1_54' title='bbox 1199 842 1591 905; x_wconf 75' lang='lat' dir='ltr'><strong>cognoverat.¹</strong></span> <span class='ocrx_word' id='word_1_55' title='bbox 1657 827 1914 907; x_wconf 88' lang='lat' dir='ltr'><strong>Accepto</strong></span> 
     </span>
     <span class='ocr_line' id='line_1_10' title="bbox 62 913 1915 975; baseline -0.001 0"><span class='ocrx_word' id='word_1_56' title='bbox 62 916 279 975; x_wconf 85' lang='lat' dir='ltr'><strong>dehinc</strong></span> <span class='ocrx_word' id='word_1_57' title='bbox 334 929 569 974; x_wconf 78' lang='lat' dir='ltr'><strong>senatus</strong></span> <span class='ocrx_word' id='word_1_58' title='bbox 624 917 891 972; x_wconf 87' lang='lat' dir='ltr'><strong>consulto</strong></span> <span class='ocrx_word' id='word_1_59' title='bbox 934 913 1284 970; x_wconf 90' lang='lat' dir='ltr'><strong>Helvidium</strong></span> <span class='ocrx_word' id='word_1_60' title='bbox 1335 926 1390 971; x_wconf 92' lang='lat' dir='ltr'><strong>et</strong></span> <span class='ocrx_word' id='word_1_61' title='bbox 1431 913 1799 973; x_wconf 77' lang='lat' dir='ltr'><strong>Demetrium</strong></span> <span class='ocrx_word' id='word_1_62' title='bbox 1851 917 1915 973; x_wconf 88' lang='lat' dir='ltr'><strong>in</strong></span> 
     </span>
     <span class='ocr_line' id='line_1_11' title="bbox 61 997 1917 1076; baseline -0.001 -15"><span class='ocrx_word' id='word_1_63' title='bbox 61 1005 401 1061; x_wconf 85' lang='lat' dir='ltr'><strong>cubiculum</strong></span> <span class='ocrx_word' id='word_1_64' title='bbox 443 1002 700 1070; x_wconf 83' lang='lat' dir='ltr'><strong>inducit,</strong></span> <span class='ocrx_word' id='word_1_65' title='bbox 761 1001 1160 1076; x_wconf 85' lang='lat' dir='ltr'><strong>porrectisque</strong></span> <span class='ocrx_word' id='word_1_66' title='bbox 1197 999 1504 1076; x_wconf 82' lang='lat' dir='ltr'><strong>utriusque</strong></span> <span class='ocrx_word' id='word_1_67' title='bbox 1543 997 1774 1057; x_wconf 78' lang='lat' dir='ltr'><strong>brachii</strong></span> <span class='ocrx_word' id='word_1_68' title='bbox 1812 1023 1917 1059; x_wconf 84' lang='lat' dir='ltr'><strong>ve-</strong></span> 
     </span>
     <span class='ocr_line' id='line_1_12' title="bbox 62 1081 1919 1164; baseline 0 -20"><span class='ocrx_word' id='word_1_69' title='bbox 62 1091 183 1157; x_wconf 88' lang='lat' dir='ltr'><strong>nis,</strong></span> <span class='ocrx_word' id='word_1_70' title='bbox 246 1100 558 1164; x_wconf 74' lang='lat' dir='ltr'><strong>postquam</strong></span> <span class='ocrx_word' id='word_1_71' title='bbox 604 1107 871 1143; x_wconf 88' lang='lat' dir='ltr'><strong>cruorem</strong></span> <span class='ocrx_word' id='word_1_72' title='bbox 925 1085 1161 1154; x_wconf 82' lang='lat' dir='ltr'><strong>effudit,</strong></span> <span class='ocrx_word' id='word_1_73' title='bbox 1226 1081 1476 1141; x_wconf 86' lang='lat' dir='ltr'><strong>humum</strong></span> <span class='ocrx_word' id='word_1_74' title='bbox 1526 1105 1700 1159; x_wconf 83' lang='lat' dir='ltr'><strong>super</strong></span> <span class='ocrx_word' id='word_1_75' title='bbox 1751 1108 1919 1163; x_wconf 82' lang='lat' dir='ltr'><strong>spar—</strong></span> 
     </span>
     <span class='ocr_line' id='line_1_13' title="bbox 63 1169 1916 1249; baseline 0 -19"><span class='ocrx_word' id='word_1_76' title='bbox 63 1195 203 1248; x_wconf 86' lang='lat' dir='ltr'><strong>gens</strong></span> <span class='ocrx_word' id='word_1_77' title='bbox 228 1175 472 1249; x_wconf 88' lang='lat' dir='ltr'><strong>propius</strong></span> <span class='ocrx_word' id='word_1_78' title='bbox 498 1184 702 1230; x_wconf 74' lang='lat' dir='ltr'><strong>vocato</strong></span> <span class='ocrx_word' id='word_1_79' title='bbox 728 1184 1031 1248; x_wconf 79' lang='lat' dir='ltr'><strong>quaestore</strong></span> <span class='ocrx_word' id='word_1_80' title='bbox 1066 1170 1433 1240; x_wconf 82' lang='lat' dir='ltr'><strong>„Libamus”</strong></span> <span class='ocrx_word' id='word_1_81' title='bbox 1461 1171 1658 1246; x_wconf 85' lang='lat' dir='ltr'><strong>inquit</strong></span> <span class='ocrx_word' id='word_1_82' title='bbox 1690 1169 1916 1242; x_wconf 83' lang='lat' dir='ltr'>„IOVI</span> 
     </span>
     <span class='ocr_line' id='line_1_14' title="bbox 66 1255 1918 1333; baseline -0.002 -16"><span class='ocrx_word' id='word_1_83' title='bbox 66 1255 653 1328; x_wconf 82' lang='lat' dir='ltr'>„LIBERATORL</span> <span class='ocrx_word' id='word_1_84' title='bbox 739 1257 978 1331; x_wconf 78' lang='lat' dir='ltr'><strong>Specta,</strong></span> <span class='ocrx_word' id='word_1_85' title='bbox 1032 1255 1279 1314; x_wconf 80' lang='lat' dir='ltr'><strong>iuvenis,</strong></span> <span class='ocrx_word' id='word_1_86' title='bbox 1368 1266 1425 1311; x_wconf 90' lang='lat' dir='ltr'><strong>et</strong></span> <span class='ocrx_word' id='word_1_87' title='bbox 1462 1277 1636 1311; x_wconf 84' lang='lat' dir='ltr'><strong>omen</strong></span> <span class='ocrx_word' id='word_1_88' title='bbox 1676 1258 1918 1333; x_wconf 84' lang='lat' dir='ltr'><strong>quidem</strong></span> 
     </span>
     <span class='ocr_line' id='line_1_15' title="bbox 62 1339 1918 1419; baseline -0.001 -19"><span class='ocrx_word' id='word_1_89' title='bbox 62 1345 196 1414; x_wconf 86' lang='lat' dir='ltr'><strong>„dii</strong></span> <span class='ocrx_word' id='word_1_90' title='bbox 219 1339 605 1418; x_wconf 83' lang='lat' dir='ltr'><strong>prohibeant,</strong></span> <span class='ocrx_word' id='word_1_91' title='bbox 646 1353 905 1398; x_wconf 88' lang='lat' dir='ltr'><strong>ceterum</strong></span> <span class='ocrx_word' id='word_1_92' title='bbox 940 1340 1004 1395; x_wconf 90' lang='lat' dir='ltr'><strong>in</strong></span> <span class='ocrx_word' id='word_1_93' title='bbox 1043 1361 1106 1396; x_wconf 80' lang='lat' dir='ltr'><strong>ea</strong></span> <span class='ocrx_word' id='word_1_94' title='bbox 1142 1351 1407 1415; x_wconf 81' lang='lat' dir='ltr'><strong>tempora</strong></span> <span class='ocrx_word' id='word_1_95' title='bbox 1441 1352 1612 1397; x_wconf 80' lang='lat' dir='ltr'><strong>natus</strong></span> <span class='ocrx_word' id='word_1_96' title='bbox 1653 1363 1739 1412; x_wconf 81' lang='lat' dir='ltr'><strong>eS‚</strong></span> <span class='ocrx_word' id='word_1_97' title='bbox 1784 1343 1918 1419; x_wconf 89' lang='lat' dir='ltr'><strong>qui-</strong></span> 
     </span>
     <span class='ocr_line' id='line_1_16' title="bbox 59 1425 1920 1504; baseline -0.001 -18"><span class='ocrx_word' id='word_1_98' title='bbox 59 1431 218 1498; x_wconf 86' lang='lat' dir='ltr'><strong>„bus</strong></span> <span class='ocrx_word' id='word_1_99' title='bbox 267 1429 499 1486; x_wconf 77' lang='lat' dir='ltr'><strong>firmare</strong></span> <span class='ocrx_word' id='word_1_100' title='bbox 538 1428 803 1484; x_wconf 78' lang='lat' dir='ltr'><strong>animum</strong></span> <span class='ocrx_word' id='word_1_101' title='bbox 839 1426 1105 1500; x_wconf 81' lang='lat' dir='ltr'><strong>expediat</strong></span> <span class='ocrx_word' id='word_1_102' title='bbox 1142 1425 1546 1482; x_wconf 79' lang='lat' dir='ltr'><strong>constantibus</strong></span> <span class='ocrx_word' id='word_1_103' title='bbox 1581 1429 1879 1504; x_wconf 78' lang='lat' dir='ltr'><strong>exemplis,</strong></span> <span class='ocrx_word' id='word_1_104' title='bbox 1893 1429 1920 1448; x_wconf 82' lang='lat'><strong>&#39;⁹</strong></span> 
     </span>
    </p>
   </div>
   <div class='ocr_carea' id='block_1_5' title="bbox 67 1674 1914 1737">
    <p class='ocr_par' dir='ltr' id='par_1_5' title="bbox 67 1674 1914 1737">
     <span class='ocr_line' id='line_1_17' title="bbox 67 1674 1914 1737; baseline 0 -16"><span class='ocrx_word' id='word_1_105' title='bbox 67 1677 420 1737; x_wconf 76' lang='lat' dir='ltr'><strong>peerkker.--</strong></span> <span class='ocrx_word' id='word_1_106' title='bbox 451 1677 704 1720; x_wconf 78' lang='lat' dir='ltr'><strong>miscerent</strong></span> <span class='ocrx_word' id='word_1_107' title='bbox 727 1676 957 1734; x_wconf 80' lang='lat' dir='ltr'><strong>MS-Agr.</strong></span> <span class='ocrx_word' id='word_1_108' title='bbox 1031 1690 1302 1730; x_wconf 75' lang='lat' dir='ltr'><strong>aspergens.</strong></span> <span class='ocrx_word' id='word_1_109' title='bbox 1363 1674 1462 1718; x_wconf 88' lang='lat' dir='ltr'><strong>MS.</strong></span> <span class='ocrx_word' id='word_1_110' title='bbox 1498 1674 1613 1717; x_wconf 79' lang='lat' dir='ltr'><strong>ssud.</strong></span> <span class='ocrx_word' id='word_1_111' title='bbox 1646 1690 1914 1732; x_wconf 74' lang='lat' dir='ltr'><strong>supersper-</strong></span> 
     </span>
    </p>
   </div>
   <div class='ocr_carea' id='block_1_6' title="bbox 67 1732 1919 1966">
    <p class='ocr_par' dir='ltr' id='par_1_6' title="bbox 67 1732 1919 1907">
     <span class='ocr_line' id='line_1_18' title="bbox 67 1732 1919 1796; baseline -0.001 -15"><span class='ocrx_word' id='word_1_112' title='bbox 67 1738 167 1781; x_wconf 88' lang='lat' dir='ltr'><strong>edd.</strong></span> <span class='ocrx_word' id='word_1_113' title='bbox 187 1737 366 1794; x_wconf 79' lang='lat' dir='ltr'><strong>Bipont.</strong></span> <span class='ocrx_word' id='word_1_114' title='bbox 392 1735 547 1779; x_wconf 81' lang='lat' dir='ltr'><strong>Oberl.</strong></span> <span class='ocrx_word' id='word_1_115' title='bbox 570 1751 668 1792; x_wconf 88' lang='lat' dir='ltr'><strong>sqq.</strong></span> <span class='ocrx_word' id='word_1_116' title='bbox 730 1734 957 1777; x_wconf 74' lang='lat' dir='ltr'><strong>Nimirum</strong></span> <span class='ocrx_word' id='word_1_117' title='bbox 1028 1749 1159 1788; x_wconf 79' lang='lat' dir='ltr'><strong>gens.</strong></span> <span class='ocrx_word' id='word_1_118' title='bbox 1253 1734 1394 1776; x_wconf 80' lang='lat' dir='ltr'><strong>Fudit</strong></span> <span class='ocrx_word' id='word_1_119' title='bbox 1436 1732 1565 1776; x_wconf 78' lang='lat' dir='ltr'><strong>etiam</strong></span> <span class='ocrx_word' id='word_1_120' title='bbox 1609 1735 1651 1775; x_wconf 86' lang='lat' dir='ltr'><strong>iu</strong></span> <span class='ocrx_word' id='word_1_121' title='bbox 1697 1734 1765 1778; x_wconf 88' lang='lat' dir='ltr'><strong>ed.</strong></span> <span class='ocrx_word' id='word_1_122' title='bbox 1803 1735 1919 1796; x_wconf 88' lang='lat' dir='ltr'><strong>Spir.</strong></span> 
     </span>
     <span class='ocr_line' id='line_1_19' title="bbox 67 1791 1747 1850; baseline -0.002 -14"><span class='ocrx_word' id='word_1_123' title='bbox 67 1810 158 1837; x_wconf 85' lang='lat' dir='ltr'><strong>neu</strong></span> <span class='ocrx_word' id='word_1_124' title='bbox 210 1794 447 1838; x_wconf 80' lang='lat' dir='ltr'><strong>videbatur</strong></span> <span class='ocrx_word' id='word_1_125' title='bbox 493 1808 682 1850; x_wconf 86' lang='lat' dir='ltr'><strong>poscere</strong></span> <span class='ocrx_word' id='word_1_126' title='bbox 725 1810 819 1834; x_wconf 79' lang='lat' dir='ltr'><strong>eam</strong></span> <span class='ocrx_word' id='word_1_127' title='bbox 867 1791 958 1833; x_wconf 82' lang='lat' dir='ltr'><strong>sor-</strong></span> <span class='ocrx_word' id='word_1_128' title='bbox 1033 1801 1113 1835; x_wconf 80' lang='lat' dir='ltr'><strong>est.</strong></span> <span class='ocrx_word' id='word_1_129' title='bbox 1745 1800 1747 1803; x_wconf 81' lang='grc'>’</span> 
     </span>
     <span class='ocr_line' id='line_1_20' title="bbox 68 1849 957 1907; baseline -0.004 -13"><span class='ocrx_word' id='word_1_130' title='bbox 68 1869 204 1895; x_wconf 81' lang='lat' dir='ltr'><strong>mam.</strong></span> <span class='ocrx_word' id='word_1_131' title='bbox 288 1858 299 1885; x_wconf 78' lang='grc'><strong>-“</strong></span> <span class='ocrx_word' id='word_1_132' title='bbox 320 1853 372 1894; x_wconf 86' lang='lat' dir='ltr'><strong>ed</strong></span> <span class='ocrx_word' id='word_1_133' title='bbox 405 1851 452 1893; x_wconf 91' lang='lat' dir='ltr'><strong>in</strong></span> <span class='ocrx_word' id='word_1_134' title='bbox 493 1850 637 1892; x_wconf 83' lang='lat' dir='ltr'><strong>verbis</strong></span> <span class='ocrx_word' id='word_1_135' title='bbox 678 1849 957 1907; x_wconf 75' lang='lat' dir='ltr'><strong>precantium</strong></span> 
     </span>
    </p>

    <p class='ocr_par' dir='ltr' id='par_1_7' title="bbox 69 1906 1919 1966">
     <span class='ocr_line' id='line_1_21' title="bbox 69 1906 1919 1966; baseline 0.001 -14"><span class='ocrx_word' id='word_1_136' title='bbox 69 1910 271 1953; x_wconf 86' lang='lat' dir='ltr'><strong>oratione</strong></span> <span class='ocrx_word' id='word_1_137' title='bbox 305 1909 486 1966; x_wconf 82' lang='lat' dir='ltr'><strong>obliqua</strong></span> <span class='ocrx_word' id='word_1_138' title='bbox 515 1906 714 1951; x_wconf 83' lang='lat' dir='ltr'><strong>exhibitis</strong></span> <span class='ocrx_word' id='word_1_139' title='bbox 747 1907 959 1964; x_wconf 75' lang='lat' dir='ltr'><strong>particula</strong></span> <span class='ocrx_word' id='word_1_140' title='bbox 1088 1906 1307 1949; x_wconf 78' lang='lat' dir='ltr'><strong>libamus.</strong></span> <span class='ocrx_word' id='word_1_141' title='bbox 1378 1906 1454 1949; x_wconf 79' lang='lat' dir='ltr'><strong>Sic</strong></span> <span class='ocrx_word' id='word_1_142' title='bbox 1484 1906 1618 1950; x_wconf 83' lang='lat' dir='ltr'><strong>MSS.</strong></span> <span class='ocrx_word' id='word_1_143' title='bbox 1649 1907 1772 1952; x_wconf 85' lang='lat' dir='ltr'><strong>Flor.</strong></span> <span class='ocrx_word' id='word_1_144' title='bbox 1804 1914 1919 1965; x_wconf 81' lang='lat' dir='ltr'><strong>(test.</strong></span> 
     </span>
    </p>
   </div>
   <div class='ocr_carea' id='block_1_7' title="bbox 67 1964 959 2307">
    <p class='ocr_par' dir='ltr' id='par_1_8' title="bbox 67 1964 959 2307">
     <span class='ocr_line' id='line_1_22' title="bbox 67 1964 959 2024; baseline -0.006 -15"><span class='ocrx_word' id='word_1_145' title='bbox 67 1983 156 2010; x_wconf 80' lang='lat' dir='ltr'><strong>neu</strong></span> <span class='ocrx_word' id='word_1_146' title='bbox 173 1968 339 2024; x_wconf 77' lang='lat' dir='ltr'><strong>optime</strong></span> <span class='ocrx_word' id='word_1_147' title='bbox 358 1982 538 2023; x_wconf 85' lang='lat' dir='ltr'><strong>quoque</strong></span> <span class='ocrx_word' id='word_1_148' title='bbox 566 1967 747 2022; x_wconf 88' lang='lat' dir='ltr'><strong>ponitur</strong></span> <span class='ocrx_word' id='word_1_149' title='bbox 768 1980 870 2007; x_wconf 82' lang='lat' dir='ltr'><strong>curn</strong></span> <span class='ocrx_word' id='word_1_150' title='bbox 895 1964 959 2005; x_wconf 89' lang='lat' dir='ltr'><strong>in-</strong></span> 
     </span>
     <span class='ocr_line' id='line_1_23' title="bbox 68 2023 959 2076; baseline -0.008 -9"><span class='ocrx_word' id='word_1_151' title='bbox 68 2024 261 2067; x_wconf 57' lang='lat' dir='ltr'><strong>finitiva</strong></span> <span class='ocrx_word' id='word_1_152' title='bbox 334 2023 395 2066; x_wconf 85' lang='lat' dir='ltr'><strong>cf.</strong></span> <span class='ocrx_word' id='word_1_153' title='bbox 437 2027 479 2074; x_wconf 89' lang='lat' dir='ltr'><strong>l,</strong></span> <span class='ocrx_word' id='word_1_154' title='bbox 512 2023 580 2076; x_wconf 72' lang='lat'><strong>35.</strong></span> <span class='ocrx_word' id='word_1_155' title='bbox 624 2038 716 2065; x_wconf 85' lang='lat' dir='ltr'><strong>neu</strong></span> <span class='ocrx_word' id='word_1_156' title='bbox 757 2029 959 2062; x_wconf 75' lang='lat' dir='ltr'><strong>mortem</strong></span> 
     </span>
     <span class='ocr_line' id='line_1_24' title="bbox 69 2078 959 2136; baseline -0.007 -11"><span class='ocrx_word' id='word_1_157' title='bbox 69 2093 151 2126; x_wconf 80' lang='lat' dir='ltr'><strong>etc.</strong></span> <span class='ocrx_word' id='word_1_158' title='bbox 197 2083 256 2125; x_wconf 85' lang='lat' dir='ltr'><strong>cf.</strong></span> <span class='ocrx_word' id='word_1_159' title='bbox 279 2083 340 2125; x_wconf 86' lang='lat' dir='ltr'><strong>ibi</strong></span> <span class='ocrx_word' id='word_1_160' title='bbox 365 2089 455 2123; x_wconf 89' lang='lat' dir='ltr'><strong>not.</strong></span> <span class='ocrx_word' id='word_1_161' title='bbox 519 2078 695 2136; x_wconf 87' lang='lat' dir='ltr'><strong>Quodsi</strong></span> <span class='ocrx_word' id='word_1_162' title='bbox 721 2082 788 2123; x_wconf 84' lang='lat' dir='ltr'><strong>vis</strong></span> <span class='ocrx_word' id='word_1_163' title='bbox 816 2088 959 2120; x_wconf 74' lang='lat' dir='ltr'><strong>tamen</strong></span> 
     </span>
     <span class='ocr_line' id='line_1_25' title="bbox 71 2134 957 2191; baseline -0.007 -10"><span class='ocrx_word' id='word_1_164' title='bbox 71 2141 341 2191; x_wconf 71' lang='lat' dir='ltr'><strong>miscerent,</strong></span> <span class='ocrx_word' id='word_1_165' title='bbox 374 2138 623 2180; x_wconf 84' lang='lat' dir='ltr'><strong>necessario</strong></span> <span class='ocrx_word' id='word_1_166' title='bbox 648 2153 752 2180; x_wconf 88' lang='lat' dir='ltr'><strong>cum</strong></span> <span class='ocrx_word' id='word_1_167' title='bbox 773 2134 957 2177; x_wconf 84' lang='lat' dir='ltr'><strong>Heinsio</strong></span> 
     </span>
     <span class='ocr_line' id='line_1_26' title="bbox 68 2191 958 2250; baseline -0.011 -8"><span class='ocrx_word' id='word_1_168' title='bbox 68 2197 356 2242; x_wconf 85' lang='lat' dir='ltr'><strong>scribendum</strong></span> <span class='ocrx_word' id='word_1_169' title='bbox 384 2194 468 2237; x_wconf 84' lang='lat' dir='ltr'><strong>erit</strong></span> <span class='ocrx_word' id='word_1_170' title='bbox 476 2195 787 2250; x_wconf 77' lang='lat' dir='ltr'><strong>facesserent.</strong></span> <span class='ocrx_word' id='word_1_171' title='bbox 848 2191 958 2235; x_wconf 85' lang='lat' dir='ltr'><strong>Nul-</strong></span> 
     </span>
     <span class='ocr_line' id='line_1_27' title="bbox 70 2252 955 2307; baseline -0.01 -8"><span class='ocrx_word' id='word_1_172' title='bbox 70 2259 114 2300; x_wconf 87' lang='lat' dir='ltr'><strong>lo</strong></span> <span class='ocrx_word' id='word_1_173' title='bbox 145 2255 281 2298; x_wconf 87' lang='lat' dir='ltr'><strong>modo</strong></span> <span class='ocrx_word' id='word_1_174' title='bbox 316 2263 462 2297; x_wconf 84' lang='lat' dir='ltr'><strong>autem</strong></span> <span class='ocrx_word' id='word_1_175' title='bbox 496 2252 602 2294; x_wconf 81' lang='lat' dir='ltr'><strong>ferri</strong></span> <span class='ocrx_word' id='word_1_176' title='bbox 632 2259 800 2307; x_wconf 74' lang='lat' dir='ltr'><strong>poteste</strong></span> <span class='ocrx_word' id='word_1_177' title='bbox 840 2252 955 2291; x_wconf 84' lang='lat' dir='ltr'><strong>hor-</strong></span> 
     </span>
    </p>
   </div>
   <div class='ocr_carea' id='block_1_8' title="bbox 1031 1963 1926 2299">
    <p class='ocr_par' dir='ltr' id='par_1_9' title="bbox 1031 1963 1926 2299">
     <span class='ocr_line' id='line_1_28' title="bbox 1034 1963 1918 2025; baseline 0.008 -21"><span class='ocrx_word' id='word_1_178' title='bbox 1034 1964 1174 2012; x_wconf 76' lang='lat' dir='ltr'><strong>Viet.)</strong></span> <span class='ocrx_word' id='word_1_179' title='bbox 1202 1963 1472 2007; x_wconf 77' lang='lat' dir='ltr'><strong>Bud.(]01·b.</strong></span> <span class='ocrx_word' id='word_1_180' title='bbox 1497 1964 1628 2007; x_wconf 80' lang='lat' dir='ltr'><strong>Bodl.</strong></span> <span class='ocrx_word' id='word_1_181' title='bbox 1658 1965 1698 2018; x_wconf 78' lang='lat' dir='ltr'><strong>(a</strong></span> <span class='ocrx_word' id='word_1_182' title='bbox 1721 1983 1810 2008; x_wconf 83' lang='lat' dir='ltr'><strong>sec.</strong></span> <span class='ocrx_word' id='word_1_183' title='bbox 1835 1973 1918 2025; x_wconf 87' lang='lat' dir='ltr'><strong>m.)</strong></span> 
     </span>
     <span class='ocr_line' id='line_1_29' title="bbox 1032 2019 1916 2071; baseline 0.009 -9"><span class='ocrx_word' id='word_1_184' title='bbox 1032 2022 1099 2063; x_wconf 84' lang='lat' dir='ltr'><strong>ed.</strong></span> <span class='ocrx_word' id='word_1_185' title='bbox 1139 2021 1169 2063; x_wconf 88' lang='lat' dir='ltr'>S</span> <span class='ocrx_word' id='word_1_186' title='bbox 1205 2019 1258 2062; x_wconf 85' lang='lat' dir='ltr'><strong>ir.</strong></span> <span class='ocrx_word' id='word_1_187' title='bbox 1286 2049 1345 2056; x_wconf 86' lang='lat'><em>-</em></span> <span class='ocrx_word' id='word_1_188' title='bbox 1395 2022 1595 2063; x_wconf 78' lang='lat' dir='ltr'><strong>libemus</strong></span> <span class='ocrx_word' id='word_1_189' title='bbox 1625 2022 1726 2065; x_wconf 86' lang='lat' dir='ltr'><strong>MS.</strong></span> <span class='ocrx_word' id='word_1_190' title='bbox 1763 2023 1916 2071; x_wconf 85' lang='lat' dir='ltr'><strong>Guelf.</strong></span> 
     </span>
     <span class='ocr_line' id='line_1_30' title="bbox 1032 2077 1919 2127; baseline 0.009 -8"><span class='ocrx_word' id='word_1_191' title='bbox 1032 2077 1134 2119; x_wconf 85' lang='lat' dir='ltr'><strong>edd.</strong></span> <span class='ocrx_word' id='word_1_192' title='bbox 1211 2087 1271 2120; x_wconf 88' lang='lat' dir='ltr'><strong>ut.</strong></span> <span class='ocrx_word' id='word_1_193' title='bbox 1303 2078 1370 2120; x_wconf 85' lang='lat' dir='ltr'><strong>M.</strong></span> <span class='ocrx_word' id='word_1_194' title='bbox 1406 2086 1448 2120; x_wconf 81' lang='lat' dir='ltr'><strong>et</strong></span> <span class='ocrx_word' id='word_1_195' title='bbox 1477 2077 1531 2121; x_wconf 89' lang='lat' dir='ltr'><strong>V.</strong></span> <span class='ocrx_word' id='word_1_196' title='bbox 1571 2079 1782 2123; x_wconf 83' lang='lat' dir='ltr'><strong>Beroald.</strong></span> <span class='ocrx_word' id='word_1_197' title='bbox 1817 2083 1919 2127; x_wconf 81' lang='lat' dir='ltr'><strong>Alc.</strong></span> 
     </span>
     <span class='ocr_line' id='line_1_31' title="bbox 1031 2134 1923 2197; baseline 0.007 -21"><span class='ocrx_word' id='word_1_198' title='bbox 1031 2134 1231 2177; x_wconf 69' lang='lat' dir='ltr'><strong>Rheuan.</strong></span> <span class='ocrx_word' id='word_1_199' title='bbox 1264 2151 1364 2193; x_wconf 84' lang='lat' dir='ltr'><strong>sqq.</strong></span> <span class='ocrx_word' id='word_1_200' title='bbox 1448 2135 1617 2178; x_wconf 82' lang='lat' dir='ltr'><strong>Verum</strong></span> <span class='ocrx_word' id='word_1_201' title='bbox 1655 2153 1746 2179; x_wconf 90' lang='lat' dir='ltr'><strong>non</strong></span> <span class='ocrx_word' id='word_1_202' title='bbox 1791 2149 1923 2197; x_wconf 81' lang='lat' dir='ltr'><strong>patet,</strong></span> 
     </span>
     <span class='ocr_line' id='line_1_32' title="bbox 1032 2191 1922 2249; baseline 0.009 -16"><span class='ocrx_word' id='word_1_203' title='bbox 1032 2192 1141 2249; x_wconf 80' lang='lat' dir='ltr'><strong>quid</strong></span> <span class='ocrx_word' id='word_1_204' title='bbox 1184 2191 1267 2234; x_wconf 88' lang='lat' dir='ltr'><strong>sibi</strong></span> <span class='ocrx_word' id='word_1_205' title='bbox 1312 2193 1416 2234; x_wconf 74' lang='lat' dir='ltr'><strong>velit</strong></span> <span class='ocrx_word' id='word_1_206' title='bbox 1456 2193 1801 2249; x_wconf 72' lang='lat' dir='ltr'><strong>coniunctivus5</strong></span> <span class='ocrx_word' id='word_1_207' title='bbox 1857 2199 1922 2241; x_wconf 85' lang='lat' dir='ltr'><strong>nil</strong></span> 
     </span>
     <span class='ocr_line' id='line_1_33' title="bbox 1031 2248 1926 2299; baseline 0.003 -7"><span class='ocrx_word' id='word_1_208' title='bbox 1031 2251 1150 2292; x_wconf 82' lang='lat' dir='ltr'><strong>enim</strong></span> <span class='ocrx_word' id='word_1_209' title='bbox 1193 2248 1511 2292; x_wconf 81' lang='lat' dir='ltr'><strong>exhortationis</strong></span> <span class='ocrx_word' id='word_1_210' title='bbox 1554 2251 1685 2294; x_wconf 83' lang='lat' dir='ltr'><strong>inest.</strong></span> <span class='ocrx_word' id='word_1_211' title='bbox 1775 2255 1926 2299; x_wconf 85' lang='lat' dir='ltr'><strong>Immo</strong></span> 
     </span>
    </p>
   </div>
   <div class='ocr_carea' id='block_1_9' title="bbox 72 2311 842 2369">
    <p class='ocr_par' dir='ltr' id='par_1_10' title="bbox 72 2311 842 2369">
     <span class='ocr_line' id='line_1_34' title="bbox 72 2311 842 2369; baseline -0.008 -13"><span class='ocrx_word' id='word_1_212' title='bbox 72 2321 201 2356; x_wconf 81' lang='lat' dir='ltr'><strong>tatur</strong></span> <span class='ocrx_word' id='word_1_213' title='bbox 214 2311 446 2369; x_wconf 77' lang='lat' dir='ltr'><strong>facessere</strong></span> <span class='ocrx_word' id='word_1_214' title='bbox 465 2324 557 2352; x_wconf 86' lang='lat' dir='ltr'><strong>neu</strong></span> <span class='ocrx_word' id='word_1_215' title='bbox 581 2311 842 2351; x_wconf 81' lang='lat' dir='ltr'><strong>miscerent.</strong></span> 
     </span>
    </p>
   </div>
   <div class='ocr_carea' id='block_1_10' title="bbox 73 2406 960 2521">
    <p class='ocr_par' dir='ltr' id='par_1_11' title="bbox 73 2406 960 2521">
     <span class='ocr_line' id='line_1_35' title="bbox 100 2406 960 2464; baseline -0.01 -7"><span class='ocrx_word' id='word_1_216' title='bbox 100 2417 295 2458; x_wconf 58' lang='lat' dir='ltr'><strong>Arriae</strong></span> <span class='ocrx_word' id='word_1_217' title='bbox 333 2412 512 2454; x_wconf 79' lang='lat' dir='ltr'><strong>matris.</strong></span> <span class='ocrx_word' id='word_1_218' title='bbox 575 2407 635 2453; x_wconf 84' lang='lat' dir='ltr'><strong>cf.</strong></span> <span class='ocrx_word' id='word_1_219' title='bbox 663 2408 780 2454; x_wconf 79' lang='lat' dir='ltr'><strong>Plin.</strong></span> <span class='ocrx_word' id='word_1_220' title='bbox 819 2424 889 2464; x_wconf 89' lang='lat' dir='ltr'><strong>ep.</strong></span> <span class='ocrx_word' id='word_1_221' title='bbox 920 2406 960 2457; x_wconf 79' lang='grc'><strong>3,</strong></span> 
     </span>
     <span class='ocr_line' id='line_1_36' title="bbox 73 2468 564 2521; baseline -0.014 -5"><span class='ocrx_word' id='word_1_222' title='bbox 73 2474 140 2516; x_wconf 89' lang='grc'><strong>16.</strong></span> <span class='ocrx_word' id='word_1_223' title='bbox 202 2471 399 2515; x_wconf 72' lang='lat' dir='ltr'><strong>Martiat.</strong></span> <span class='ocrx_word' id='word_1_224' title='bbox 429 2473 464 2521; x_wconf 87' lang='lat' dir='ltr'><strong>l,</strong></span> <span class='ocrx_word' id='word_1_225' title='bbox 497 2468 564 2510; x_wconf 82' lang='lat'><strong>14.</strong></span> 
     </span>
    </p>
   </div>
   <div class='ocr_carea' id='block_1_11' title="bbox 73 2565 960 2686">
    <p class='ocr_par' dir='ltr' id='par_1_12' title="bbox 73 2565 960 2686">
     <span class='ocr_line' id='line_1_37' title="bbox 129 2565 960 2616; baseline -0.008 0"><span class='ocrx_word' id='word_1_226' title='bbox 129 2573 241 2616; x_wconf 76' lang='lat' dir='ltr'><strong>CAP.</strong></span> <span class='ocrx_word' id='word_1_227' title='bbox 267 2571 337 2615; x_wconf 79' lang='lat'><strong>35.</strong></span> <span class='ocrx_word' id='word_1_228' title='bbox 379 2577 571 2613; x_wconf 79' lang='lat' dir='ltr'><strong>senatus</strong></span> <span class='ocrx_word' id='word_1_229' title='bbox 594 2570 813 2611; x_wconf 80' lang='lat' dir='ltr'><strong>consulto.</strong></span> <span class='ocrx_word' id='word_1_230' title='bbox 860 2565 960 2610; x_wconf 86' lang='lat' dir='ltr'><strong>MS.</strong></span> 
     </span>
     <span class='ocr_line' id='line_1_38' title="bbox 73 2624 908 2686; baseline -0.011 -11"><span class='ocrx_word' id='word_1_231' title='bbox 73 2632 199 2676; x_wconf 79' lang='lat' dir='ltr'><strong>Flor.</strong></span> <span class='ocrx_word' id='word_1_232' title='bbox 220 2631 334 2686; x_wconf 79' lang='lat' dir='ltr'><strong>(test.</strong></span> <span class='ocrx_word' id='word_1_233' title='bbox 356 2628 494 2683; x_wconf 81' lang='lat' dir='ltr'><strong>Vict.)</strong></span> <span class='ocrx_word' id='word_1_234' title='bbox 517 2627 566 2671; x_wconf 88' lang='lat' dir='ltr'><strong>S.</strong></span> <span class='ocrx_word' id='word_1_235' title='bbox 592 2627 638 2669; x_wconf 85' lang='lat' dir='ltr'><strong>C.</strong></span> <span class='ocrx_word' id='word_1_236' title='bbox 654 2659 665 2677; x_wconf 95' lang='lat'>,</span> <span class='ocrx_word' id='word_1_237' title='bbox 696 2625 758 2667; x_wconf 81' lang='lat' dir='ltr'><strong>uti</strong></span> <span class='ocrx_word' id='word_1_238' title='bbox 782 2624 908 2668; x_wconf 78' lang='lat' dir='ltr'><strong>solet.</strong></span> 
     </span>
    </p>
   </div>
   <div class='ocr_carea' id='block_1_12' title="bbox 70 2730 964 3367">
    <p class='ocr_par' dir='ltr' id='par_1_13' title="bbox 70 2730 964 3367">
     <span class='ocr_line' id='line_1_39' title="bbox 126 2730 959 2794; baseline -0.013 -12"><span class='ocrx_word' id='word_1_239' title='bbox 126 2739 450 2794; x_wconf 81' lang='lat' dir='ltr'><strong>porrectisque.</strong></span> <span class='ocrx_word' id='word_1_240' title='bbox 540 2734 615 2776; x_wconf 89' lang='lat' dir='ltr'><strong>Sic</strong></span> <span class='ocrx_word' id='word_1_241' title='bbox 657 2732 791 2775; x_wconf 87' lang='lat' dir='ltr'><strong>MSS.</strong></span> <span class='ocrx_word' id='word_1_242' title='bbox 834 2730 959 2772; x_wconf 86' lang='lat' dir='ltr'><strong>Flor.</strong></span> 
     </span>
     <span class='ocr_line' id='line_1_40' title="bbox 75 2786 962 2849; baseline -0.015 -9"><span class='ocrx_word' id='word_1_243' title='bbox 75 2806 197 2849; x_wconf 82' lang='lat' dir='ltr'><strong>(test.</strong></span> <span class='ocrx_word' id='word_1_244' title='bbox 232 2796 386 2846; x_wconf 79' lang='lat' dir='ltr'><strong>Pieh.)</strong></span> <span class='ocrx_word' id='word_1_245' title='bbox 424 2791 578 2835; x_wconf 86' lang='lat' dir='ltr'><strong>Guelf.</strong></span> <span class='ocrx_word' id='word_1_246' title='bbox 615 2790 777 2846; x_wconf 84' lang='lat' dir='ltr'><strong>aliique</strong></span> <span class='ocrx_word' id='word_1_247' title='bbox 825 2786 962 2831; x_wconf 85' lang='lat' dir='ltr'><strong>codd.</strong></span> 
     </span>
     <span class='ocr_line' id='line_1_41' title="bbox 74 2843 964 2903; baseline -0.017 -4"><span class='ocrx_word' id='word_1_248' title='bbox 74 2855 235 2901; x_wconf 79' lang='lat' dir='ltr'><strong>MSS..</strong></span> <span class='ocrx_word' id='word_1_249' title='bbox 266 2852 366 2894; x_wconf 84' lang='lat' dir='ltr'><strong>edd.</strong></span> <span class='ocrx_word' id='word_1_250' title='bbox 387 2851 487 2892; x_wconf 83' lang='lat' dir='ltr'><strong>Ber.</strong></span> <span class='ocrx_word' id='word_1_251' title='bbox 518 2851 574 2903; x_wconf 88' lang='lat' dir='ltr'><strong>(c.</strong></span> <span class='ocrx_word' id='word_1_252' title='bbox 597 2849 663 2891; x_wconf 87' lang='lat' dir='ltr'><strong>sil.</strong></span> <span class='ocrx_word' id='word_1_253' title='bbox 683 2848 815 2896; x_wconf 76' lang='lat' dir='ltr'><strong>vict.)</strong></span> <span class='ocrx_word' id='word_1_254' title='bbox 839 2843 964 2887; x_wconf 83' lang='lat' dir='ltr'><strong>Pich.</strong></span> 
     </span>
     <span class='ocr_line' id='line_1_42' title="bbox 75 2900 960 3016; baseline -0.016 -3"><span class='ocrx_word' id='word_1_255' title='bbox 75 2903 829 3013; x_wconf 52' lang='lat' dir='ltr'><strong>⁸5¹3·31pzfsz⁶⁶iz1⁵2¹¹³sstssffih³</strong></span> <span class='ocrx_word' id='word_1_256' title='bbox 858 2900 960 3016; x_wconf 48' lang='lat'><strong>‘2¹12‘</strong></span> 
     </span>
     <span class='ocr_line' id='line_1_43' title="bbox 74 3018 962 3080; baseline -0.015 -10"><span class='ocrx_word' id='word_1_257' title='bbox 74 3053 130 3062; x_wconf 90' lang='lat'>—</span> <span class='ocrx_word' id='word_1_258' title='bbox 168 3025 495 3080; x_wconf 79' lang='lat' dir='ltr'><strong>productisque</strong></span> <span class='ocrx_word' id='word_1_259' title='bbox 539 3019 673 3065; x_wconf 87' lang='lat' dir='ltr'><strong>MSS.</strong></span> <span class='ocrx_word' id='word_1_260' title='bbox 710 3019 819 3075; x_wconf 80' lang='lat' dir='ltr'><strong>Reg.</strong></span> <span class='ocrx_word' id='word_1_261' title='bbox 858 3018 962 3072; x_wconf 75' lang='lat' dir='ltr'><strong>Agr.</strong></span> 
     </span>
     <span class='ocr_line' id='line_1_44' title="bbox 76 3077 961 3140; baseline -0.014 -14"><span class='ocrx_word' id='word_1_262' title='bbox 76 3085 144 3129; x_wconf 85' lang='lat' dir='ltr'><strong>ed.</strong></span> <span class='ocrx_word' id='word_1_263' title='bbox 178 3082 293 3140; x_wconf 85' lang='lat' dir='ltr'><strong>Spir.</strong></span> <span class='ocrx_word' id='word_1_264' title='bbox 369 3081 546 3123; x_wconf 78' lang='lat' dir='ltr'><strong>Frustra</strong></span> <span class='ocrx_word' id='word_1_265' title='bbox 581 3078 660 3119; x_wconf 82' lang='lat' dir='ltr'><strong>viri</strong></span> <span class='ocrx_word' id='word_1_266' title='bbox 694 3077 815 3120; x_wconf 79' lang='lat' dir='ltr'><strong>docti</strong></span> <span class='ocrx_word' id='word_1_267' title='bbox 850 3090 961 3118; x_wconf 87' lang='lat' dir='ltr'><strong>con-</strong></span> 
     </span>
     <span class='ocr_line' id='line_1_45' title="bbox 75 3132 964 3193; baseline -0.013 -8"><span class='ocrx_word' id='word_1_268' title='bbox 75 3140 257 3185; x_wconf 82' lang='lat' dir='ltr'><strong>iecturis</strong></span> <span class='ocrx_word' id='word_1_269' title='bbox 298 3139 554 3193; x_wconf 79' lang='lat' dir='ltr'><strong>indulgent:</strong></span> <span class='ocrx_word' id='word_1_270' title='bbox 604 3134 832 3178; x_wconf 79' lang='lat' dir='ltr'><strong>Acidaiius</strong></span> <span class='ocrx_word' id='word_1_271' title='bbox 869 3132 964 3174; x_wconf 78' lang='lat' dir='ltr'><strong>vult</strong></span> 
     </span>
     <span class='ocr_line' id='line_1_46' title="bbox 70 3191 963 3254; baseline -0.01 -13"><span class='ocrx_word' id='word_1_272' title='bbox 70 3199 290 3254; x_wconf 83' lang='lat' dir='ltr'><strong>prosectis</strong></span> <span class='ocrx_word' id='word_1_273' title='bbox 318 3195 400 3250; x_wconf 87' lang='lat' dir='ltr'><strong>(sic</strong></span> <span class='ocrx_word' id='word_1_274' title='bbox 428 3204 469 3237; x_wconf 80' lang='lat' dir='ltr'><strong>et</strong></span> <span class='ocrx_word' id='word_1_275' title='bbox 502 3192 852 3244; x_wconf 77' lang='lat' dir='ltr'><strong>Freinshemius)</strong></span> <span class='ocrx_word' id='word_1_276' title='bbox 893 3191 963 3233; x_wconf 90' lang='lat' dir='ltr'><strong>vel</strong></span> 
     </span>
     <span class='ocr_line' id='line_1_47' title="bbox 73 3249 964 3311; baseline -0.01 -12"><span class='ocrx_word' id='word_1_277' title='bbox 73 3255 288 3311; x_wconf 79' lang='lat' dir='ltr'><strong>perfectis</strong></span> <span class='ocrx_word' id='word_1_278' title='bbox 341 3252 409 3294; x_wconf 81' lang='lat' dir='ltr'><strong>vel</strong></span> <span class='ocrx_word' id='word_1_279' title='bbox 453 3250 644 3304; x_wconf 71' lang='lat' dir='ltr'><strong>perietis</strong></span> <span class='ocrx_word' id='word_1_280' title='bbox 658 3267 671 3300; x_wconf 90' lang='lat'><em>;</em></span> <span class='ocrx_word' id='word_1_281' title='bbox 732 3249 964 3292; x_wconf 72' lang='lat' dir='ltr'><strong>Ernestius</strong></span> 
     </span>
     <span class='ocr_line' id='line_1_48' title="bbox 72 3313 323 3367; baseline -0.008 -11"><span class='ocrx_word' id='word_1_282' title='bbox 72 3313 323 3367; x_wconf 80' lang='lat' dir='ltr'><strong>perruptis.</strong></span> 
     </span>
    </p>
   </div>
   <div class='ocr_carea' id='block_1_13' title="bbox 79 3423 965 3596">
    <p class='ocr_par' dir='ltr' id='par_1_14' title="bbox 79 3423 965 3596">
     <span class='ocr_line' id='line_1_49' title="bbox 143 3423 965 3482; baseline -0.006 -13"><span class='ocrx_word' id='word_1_283' title='bbox 143 3427 318 3482; x_wconf 84' lang='lat' dir='ltr'><strong>effudit.</strong></span> <span class='ocrx_word' id='word_1_284' title='bbox 411 3423 510 3466; x_wconf 88' lang='lat' dir='ltr'><strong>MS.</strong></span> <span class='ocrx_word' id='word_1_285' title='bbox 555 3424 665 3479; x_wconf 78' lang='lat' dir='ltr'><strong>Agr.</strong></span> <span class='ocrx_word' id='word_1_286' title='bbox 708 3424 862 3478; x_wconf 73' lang='lat' dir='ltr'><strong>fudit,</strong></span> <span class='ocrx_word' id='word_1_287' title='bbox 924 3431 965 3464; x_wconf 82' lang='lat' dir='ltr'><strong>et</strong></span> 
     </span>
     <span class='ocr_line' id='line_1_50' title="bbox 79 3480 963 3535; baseline -0.007 -7"><span class='ocrx_word' id='word_1_288' title='bbox 79 3485 238 3528; x_wconf 81' lang='lat' dir='ltr'><strong>deinde</strong></span> <span class='ocrx_word' id='word_1_289' title='bbox 293 3496 433 3535; x_wconf 78' lang='lat' dir='ltr'><strong>super</strong></span> <span class='ocrx_word' id='word_1_290' title='bbox 484 3495 752 3534; x_wconf 79' lang='lat' dir='ltr'><strong>aspergens.</strong></span> <span class='ocrx_word' id='word_1_291' title='bbox 863 3480 963 3523; x_wconf 87' lang='lat' dir='ltr'><strong>MS.</strong></span> 
     </span>
     <span class='ocr_line' id='line_1_51' title="bbox 80 3538 965 3596; baseline -0.005 -10"><span class='ocrx_word' id='word_1_292' title='bbox 80 3541 230 3586; x_wconf 84' lang='lat' dir='ltr'><strong>Guelf.</strong></span> <span class='ocrx_word' id='word_1_293' title='bbox 277 3540 470 3596; x_wconf 77' lang='lat' dir='ltr'><strong>effundit</strong></span> <span class='ocrx_word' id='word_1_294' title='bbox 510 3547 552 3582; x_wconf 83' lang='lat' dir='ltr'><strong>et</strong></span> <span class='ocrx_word' id='word_1_295' title='bbox 597 3538 757 3583; x_wconf 82' lang='lat' dir='ltr'><strong>deiude</strong></span> <span class='ocrx_word' id='word_1_296' title='bbox 802 3552 965 3594; x_wconf 72' lang='lat' dir='ltr'><strong>super-</strong></span> 
     </span>
    </p>
   </div>
   <div class='ocr_carea' id='block_1_14' title="bbox 1029 2306 1927 2711">
    <p class='ocr_par' dir='ltr' id='par_1_15' title="bbox 1029 2306 1927 2711">
     <span class='ocr_line' id='line_1_52' title="bbox 1029 2306 1925 2362; baseline 0.009 -13"><span class='ocrx_word' id='word_1_297' title='bbox 1029 2306 1105 2349; x_wconf 66' lang='lat' dir='ltr'><strong>ilia</strong></span> <span class='ocrx_word' id='word_1_298' title='bbox 1132 2306 1223 2362; x_wconf 80' lang='lat' dir='ltr'><strong>ipsa</strong></span> <span class='ocrx_word' id='word_1_299' title='bbox 1253 2307 1481 2361; x_wconf 70' lang='lat' dir='ltr'><strong>sanguinis</strong></span> <span class='ocrx_word' id='word_1_300' title='bbox 1514 2309 1631 2350; x_wconf 77' lang='lat' dir='ltr'><strong>unda</strong></span> <span class='ocrx_word' id='word_1_301' title='bbox 1656 2309 1846 2356; x_wconf 83' lang='lat' dir='ltr'><strong>Thrasea</strong></span> <span class='ocrx_word' id='word_1_302' title='bbox 1875 2314 1925 2357; x_wconf 84' lang='lat' dir='ltr'><strong>li·</strong></span> 
     </span>
     <span class='ocr_line' id='line_1_53' title="bbox 1034 2363 1924 2424; baseline 0.01 -19"><span class='ocrx_word' id='word_1_303' title='bbox 1034 2364 1107 2405; x_wconf 84' lang='lat' dir='ltr'><strong>bat</strong></span> <span class='ocrx_word' id='word_1_304' title='bbox 1134 2363 1226 2406; x_wconf 77' lang='lat' dir='ltr'><strong>iovi</strong></span> <span class='ocrx_word' id='word_1_305' title='bbox 1252 2364 1512 2406; x_wconf 80' lang='lat' dir='ltr'><strong>Liberatori.</strong></span> <span class='ocrx_word' id='word_1_306' title='bbox 1573 2365 1632 2407; x_wconf 84' lang='lat' dir='ltr'><strong>cf.</strong></span> <span class='ocrx_word' id='word_1_307' title='bbox 1661 2367 1825 2424; x_wconf 82' lang='lat' dir='ltr'><strong>Xiphil.</strong></span> <span class='ocrx_word' id='word_1_308' title='bbox 1855 2372 1924 2421; x_wconf 74' lang='grc'><strong>62,</strong></span> 
     </span>
     <span class='ocr_line' id='line_1_54' title="bbox 1033 2416 1924 2484; baseline 0.01 -23"><span class='ocrx_word' id='word_1_309' title='bbox 1033 2421 1105 2462; x_wconf 76' lang='grc'><strong>26.</strong></span> <span class='ocrx_word' id='word_1_310' title='bbox 1143 2430 1251 2464; x_wconf 85' lang='lat' dir='ltr'><strong>extr.</strong></span> <span class='ocrx_word' id='word_1_311' title='bbox 1286 2419 1492 2478; x_wconf 71' lang='grc' dir='ltr'><strong><em>ἐντεμὼν</em></strong></span> <span class='ocrx_word' id='word_1_312' title='bbox 1536 2416 1620 2466; x_wconf 76' lang='grc' dir='ltr'><strong>οὖν</strong></span> <span class='ocrx_word' id='word_1_313' title='bbox 1661 2424 1743 2477; x_wconf 77' lang='grc' dir='ltr'><strong>τὴν</strong></span> <span class='ocrx_word' id='word_1_314' title='bbox 1775 2430 1924 2484; x_wconf 80' lang='grc' dir='ltr'><em>φλέβα</em></span> 
     </span>
     <span class='ocr_line' id='line_1_55' title="bbox 1033 2476 1923 2539; baseline 0.003 -19"><span class='ocrx_word' id='word_1_315' title='bbox 1033 2476 1231 2521; x_wconf 75' lang='grc' dir='ltr'><strong>ἀνέτεινε</strong></span> <span class='ocrx_word' id='word_1_316' title='bbox 1259 2478 1346 2538; x_wconf 58' lang='lat' dir='ltr'><strong>rip(</strong></span> <span class='ocrx_word' id='word_1_317' title='bbox 1361 2484 1514 2538; x_wconf 29' lang='grc' dir='ltr'><em>χεῖρα*</em></span> <span class='ocrx_word' id='word_1_318' title='bbox 1529 2483 1606 2522; x_wconf 82' lang='grc' dir='ltr'><strong>καὶ</strong></span> <span class='ocrx_word' id='word_1_319' title='bbox 1638 2482 1752 2538; x_wconf 76' lang='grc' dir='ltr'><em>ἔφη,</em></span> <span class='ocrx_word' id='word_1_320' title='bbox 1803 2490 1923 2539; x_wconf 67' lang='grc' dir='ltr'><strong>,,Σοὶ</strong></span> 
     </span>
     <span class='ocr_line' id='line_1_56' title="bbox 1034 2535 1922 2604; baseline 0.011 -27"><span class='ocrx_word' id='word_1_321' title='bbox 1034 2539 1170 2579; x_wconf 79' lang='grc' dir='ltr'><em>τοῦτο</em></span> <span class='ocrx_word' id='word_1_322' title='bbox 1204 2535 1255 2581; x_wconf 80' lang='grc' dir='ltr'><strong>τὸ</strong></span> <span class='ocrx_word' id='word_1_323' title='bbox 1293 2541 1435 2592; x_wconf 76' lang='grc' dir='ltr'><em>αἱμα,</em></span> <span class='ocrx_word' id='word_1_324' title='bbox 1479 2540 1512 2580; x_wconf 84' lang='grc' dir='ltr'><em>ώ</em></span> <span class='ocrx_word' id='word_1_325' title='bbox 1535 2541 1629 2582; x_wconf 81' lang='grc' dir='ltr'><strong>Ζεῦ</strong></span> <span class='ocrx_word' id='word_1_326' title='bbox 1650 2536 1922 2604; x_wconf 66' lang='grc' dir='ltr'><strong><em>Ἐλευθέριε,</em></strong></span> 
     </span>
     <span class='ocr_line' id='line_1_57' title="bbox 1033 2592 1927 2661; baseline 0.011 -24"><span class='ocrx_word' id='word_1_327' title='bbox 1033 2592 1270 2637; x_wconf 72' lang='grc' dir='ltr'><strong>σπένδω.”</strong></span> <span class='ocrx_word' id='word_1_328' title='bbox 1355 2597 1457 2640; x_wconf 87' lang='lat' dir='ltr'><strong>MS.</strong></span> <span class='ocrx_word' id='word_1_329' title='bbox 1483 2597 1602 2639; x_wconf 73' lang='lat' dir='ltr'><strong>Flor.</strong></span> <span class='ocrx_word' id='word_1_330' title='bbox 1639 2602 1758 2650; x_wconf 75' lang='lat' dir='ltr'><strong>(test.</strong></span> <span class='ocrx_word' id='word_1_331' title='bbox 1784 2600 1927 2661; x_wconf 84' lang='lat' dir='ltr'><strong>Viet.)</strong></span> 
     </span>
     <span class='ocr_line' id='line_1_58' title="bbox 1034 2652 1856 2711; baseline 0.01 -17"><span class='ocrx_word' id='word_1_332' title='bbox 1034 2652 1138 2695; x_wconf 79' lang='lat' dir='ltr'><strong>Iobi</strong></span> <span class='ocrx_word' id='word_1_333' title='bbox 1157 2669 1240 2711; x_wconf 87' lang='lat' dir='ltr'><strong>pro</strong></span> <span class='ocrx_word' id='word_1_334' title='bbox 1266 2652 1380 2696; x_wconf 84' lang='lat' dir='ltr'><strong>Iovi.</strong></span> <span class='ocrx_word' id='word_1_335' title='bbox 1440 2655 1498 2701; x_wconf 76' lang='lat' dir='ltr'><strong>cf.</strong></span> <span class='ocrx_word' id='word_1_336' title='bbox 1524 2665 1618 2698; x_wconf 88' lang='lat' dir='ltr'><strong>not.</strong></span> <span class='ocrx_word' id='word_1_337' title='bbox 1648 2657 1703 2699; x_wconf 81' lang='lat' dir='ltr'><strong>ad</strong></span> <span class='ocrx_word' id='word_1_338' title='bbox 1730 2660 1795 2707; x_wconf 90' lang='lat'><strong>11,</strong></span> <span class='ocrx_word' id='word_1_339' title='bbox 1816 2659 1856 2704; x_wconf 85' lang='lat'><strong>5.</strong></span> 
     </span>
    </p>
   </div>
   <div class='ocr_carea' id='block_1_15' title="bbox 1034 2783 1928 3298">
    <p class='ocr_par' dir='ltr' id='par_1_16' title="bbox 1034 2783 1928 3298">
     <span class='ocr_line' id='line_1_59' title="bbox 1093 2783 1925 2836; baseline 0.013 -15"><span class='ocrx_word' id='word_1_340' title='bbox 1093 2795 1232 2822; x_wconf 85' lang='lat' dir='ltr'><strong>omen</strong></span> <span class='ocrx_word' id='word_1_341' title='bbox 1267 2783 1465 2836; x_wconf 77' lang='lat' dir='ltr'><strong>quidem.</strong></span> <span class='ocrx_word' id='word_1_342' title='bbox 1554 2783 1630 2826; x_wconf 80' lang='lat' dir='ltr'><strong>Sic</strong></span> <span class='ocrx_word' id='word_1_343' title='bbox 1670 2784 1771 2829; x_wconf 83' lang='lat' dir='ltr'><strong>MS.</strong></span> <span class='ocrx_word' id='word_1_344' title='bbox 1802 2788 1925 2834; x_wconf 78' lang='lat' dir='ltr'><strong>Flor.</strong></span> 
     </span>
     <span class='ocr_line' id='line_1_60' title="bbox 1034 2837 1926 2900; baseline 0.009 -19"><span class='ocrx_word' id='word_1_345' title='bbox 1034 2839 1150 2891; x_wconf 76' lang='lat' dir='ltr'><strong>(test.</strong></span> <span class='ocrx_word' id='word_1_346' title='bbox 1178 2837 1316 2895; x_wconf 81' lang='lat' dir='ltr'><strong>Vict.)</strong></span> <span class='ocrx_word' id='word_1_347' title='bbox 1349 2839 1451 2882; x_wconf 86' lang='lat' dir='ltr'><strong>edd.</strong></span> <span class='ocrx_word' id='word_1_348' title='bbox 1488 2840 1609 2898; x_wconf 83' lang='lat' dir='ltr'><strong>Spir.</strong></span> <span class='ocrx_word' id='word_1_349' title='bbox 1646 2841 1846 2888; x_wconf 84' lang='lat' dir='ltr'><strong>Rhenan.</strong></span> <span class='ocrx_word' id='word_1_350' title='bbox 1884 2847 1926 2900; x_wconf 88' lang='lat' dir='ltr'><strong>(e</strong></span> 
     </span>
     <span class='ocr_line' id='line_1_61' title="bbox 1035 2896 1927 2956; baseline 0.009 -19"><span class='ocrx_word' id='word_1_351' title='bbox 1035 2896 1173 2947; x_wconf 61' lang='lat' dir='ltr'><strong>Eud„</strong></span> <span class='ocrx_word' id='word_1_352' title='bbox 1207 2905 1256 2938; x_wconf 85' lang='lat' dir='ltr'><strong>ut</strong></span> <span class='ocrx_word' id='word_1_353' title='bbox 1291 2897 1486 2952; x_wconf 68' lang='lat' dir='ltr'><strong>vitetur)</strong></span> <span class='ocrx_word' id='word_1_354' title='bbox 1521 2915 1617 2956; x_wconf 77' lang='lat' dir='ltr'><strong>sqq.</strong></span> <span class='ocrx_word' id='word_1_355' title='bbox 1659 2923 1712 2931; x_wconf 87' lang='lat'><strong>--</strong></span> <span class='ocrx_word' id='word_1_356' title='bbox 1785 2917 1927 2945; x_wconf 84' lang='lat' dir='ltr'><strong>omen</strong></span> 
     </span>
     <span class='ocr_line' id='line_1_62' title="bbox 1035 2954 1927 3019; baseline 0.011 -25"><span class='ocrx_word' id='word_1_357' title='bbox 1035 2958 1159 3019; x_wconf 66' lang='lat' dir='ltr'><strong>quod</strong></span> <span class='ocrx_word' id='word_1_358' title='bbox 1184 2954 1283 3003; x_wconf 86' lang='lat' dir='ltr'><strong>MS.</strong></span> <span class='ocrx_word' id='word_1_359' title='bbox 1308 2955 1385 2998; x_wconf 88' lang='lat' dir='ltr'><strong>les.</strong></span> <span class='ocrx_word' id='word_1_360' title='bbox 1409 2955 1507 2998; x_wconf 82' lang='lat' dir='ltr'><strong>edd.</strong></span> <span class='ocrx_word' id='word_1_361' title='bbox 1536 2957 1636 2999; x_wconf 83' lang='lat' dir='ltr'><strong>Put.</strong></span> <span class='ocrx_word' id='word_1_362' title='bbox 1660 2957 1783 3006; x_wconf 62' lang='lat' dir='ltr'><strong>Ber„</strong></span> <span class='ocrx_word' id='word_1_363' title='bbox 1814 2976 1927 3017; x_wconf 86' lang='lat' dir='ltr'><strong>quae</strong></span> 
     </span>
     <span class='ocr_line' id='line_1_63' title="bbox 1035 3012 1925 3077; baseline 0.01 -25"><span class='ocrx_word' id='word_1_364' title='bbox 1035 3021 1218 3077; x_wconf 56' lang='lat' dir='ltr'><strong>verietas</strong></span> <span class='ocrx_word' id='word_1_365' title='bbox 1245 3012 1461 3069; x_wconf 80' lang='lat' dir='ltr'><strong>originem</strong></span> <span class='ocrx_word' id='word_1_366' title='bbox 1500 3014 1624 3056; x_wconf 67' lang='lat' dir='ltr'><strong>traxit</strong></span> <span class='ocrx_word' id='word_1_367' title='bbox 1659 3031 1680 3056; x_wconf 89' lang='lat' dir='ltr'><strong>e</strong></span> <span class='ocrx_word' id='word_1_368' title='bbox 1714 3032 1925 3075; x_wconf 87' lang='lat' dir='ltr'><strong>compen·</strong></span> 
     </span>
     <span class='ocr_line' id='line_1_64' title="bbox 1036 3068 1928 3125; baseline 0.01 -16"><span class='ocrx_word' id='word_1_369' title='bbox 1036 3069 1110 3110; x_wconf 82' lang='lat' dir='ltr'><strong>dio</strong></span> <span class='ocrx_word' id='word_1_370' title='bbox 1145 3068 1406 3125; x_wconf 77' lang='lat' dir='ltr'><strong>scripturae.</strong></span> <span class='ocrx_word' id='word_1_371' title='bbox 1469 3073 1517 3113; x_wconf 88' lang='lat' dir='ltr'><strong>ln</strong></span> <span class='ocrx_word' id='word_1_372' title='bbox 1543 3071 1644 3113; x_wconf 86' lang='lat' dir='ltr'><strong>MS.</strong></span> <span class='ocrx_word' id='word_1_373' title='bbox 1672 3070 1822 3117; x_wconf 79' lang='lat' dir='ltr'><strong>Guelf.</strong></span> <span class='ocrx_word' id='word_1_374' title='bbox 1861 3084 1928 3118; x_wconf 87' lang='lat' dir='ltr'><strong>est</strong></span> 
     </span>
     <span class='ocr_line' id='line_1_65' title="bbox 1035 3130 1928 3192; baseline 0.009 -25"><span class='ocrx_word' id='word_1_375' title='bbox 1035 3141 1171 3168; x_wconf 86' lang='lat' dir='ltr'><strong>omen</strong></span> <span class='ocrx_word' id='word_1_376' title='bbox 1241 3138 1302 3192; x_wconf 53' lang='grc' dir='ltr'><strong>(γ’,</strong></span> <span class='ocrx_word' id='word_1_377' title='bbox 1366 3130 1487 3185; x_wconf 85' lang='lat' dir='ltr'><strong>quod</strong></span> <span class='ocrx_word' id='word_1_378' title='bbox 1549 3130 1651 3171; x_wconf 76' lang='lat' dir='ltr'><strong>alibi</strong></span> <span class='ocrx_word' id='word_1_379' title='bbox 1709 3131 1928 3186; x_wconf 78' lang='lat' dir='ltr'><strong>significat</strong></span> 
     </span>
     <span class='ocr_line' id='line_1_66' title="bbox 1037 3196 1926 3257; baseline 0.011 -21"><span class='ocrx_word' id='word_1_380' title='bbox 1037 3196 1162 3251; x_wconf 79' lang='lat' dir='ltr'><strong>quid.</strong></span> <span class='ocrx_word' id='word_1_381' title='bbox 1251 3199 1349 3242; x_wconf 76' lang='lat' dir='ltr'><strong>MS.</strong></span> <span class='ocrx_word' id='word_1_382' title='bbox 1387 3198 1524 3241; x_wconf 78' lang='lat' dir='ltr'><strong>Corb.</strong></span> <span class='ocrx_word' id='word_1_383' title='bbox 1559 3214 1697 3242; x_wconf 83' lang='lat' dir='ltr'><strong>omen</strong></span> <span class='ocrx_word' id='word_1_384' title='bbox 1730 3202 1783 3243; x_wconf 82' lang='lat' dir='ltr'><strong>di</strong></span> <span class='ocrx_word' id='word_1_385' title='bbox 1815 3218 1926 3257; x_wconf 80' lang='lat' dir='ltr'><strong>pro·</strong></span> 
     </span>
     <span class='ocr_line' id='line_1_67' title="bbox 1036 3254 1462 3298; baseline 0.014 -4"><span class='ocrx_word' id='word_1_386' title='bbox 1036 3254 1241 3298; x_wconf 76' lang='lat' dir='ltr'><strong>hibeanc.</strong></span> <span class='ocrx_word' id='word_1_387' title='bbox 1460 3291 1462 3293; x_wconf 48' lang='lat'>&gt;</span> 
     </span>
    </p>
   </div>
   <div class='ocr_carea' id='block_1_16' title="bbox 1037 3372 1927 3596">
    <p class='ocr_par' dir='ltr' id='par_1_17' title="bbox 1037 3372 1927 3596">
     <span class='ocr_line' id='line_1_68' title="bbox 1095 3372 1924 3426; baseline 0.008 -14"><span class='ocrx_word' id='word_1_388' title='bbox 1095 3372 1335 3426; x_wconf 72' lang='lat' dir='ltr'><strong>expediat.</strong></span> <span class='ocrx_word' id='word_1_389' title='bbox 1431 3373 1508 3414; x_wconf 76' lang='lat' dir='ltr'><strong>Sic</strong></span> <span class='ocrx_word' id='word_1_390' title='bbox 1550 3373 1684 3417; x_wconf 79' lang='lat' dir='ltr'><strong>MSS.</strong></span> <span class='ocrx_word' id='word_1_391' title='bbox 1730 3381 1773 3416; x_wconf 84' lang='lat' dir='ltr'><strong>et</strong></span> <span class='ocrx_word' id='word_1_392' title='bbox 1815 3384 1924 3420; x_wconf 74' lang='lat' dir='ltr'><strong>veti.</strong></span> 
     </span>
     <span class='ocr_line' id='line_1_69' title="bbox 1037 3427 1924 3489; baseline 0.009 -20"><span class='ocrx_word' id='word_1_393' title='bbox 1037 3427 1138 3470; x_wconf 82' lang='lat' dir='ltr'><strong>edd.</strong></span> <span class='ocrx_word' id='word_1_394' title='bbox 1172 3457 1229 3464; x_wconf 92' lang='lat'><strong>--</strong></span> <span class='ocrx_word' id='word_1_395' title='bbox 1287 3430 1474 3480; x_wconf 74' lang='lat' dir='ltr'><strong>expedit</strong></span> <span class='ocrx_word' id='word_1_396' title='bbox 1515 3430 1615 3472; x_wconf 79' lang='lat' dir='ltr'><strong>edd.</strong></span> <span class='ocrx_word' id='word_1_397' title='bbox 1656 3430 1773 3489; x_wconf 81' lang='lat' dir='ltr'><strong>Lips.</strong></span> <span class='ocrx_word' id='word_1_398' title='bbox 1800 3433 1924 3478; x_wconf 79' lang='lat'><strong>1574.</strong></span> 
     </span>
     <span class='ocr_line' id='line_1_70' title="bbox 1038 3484 1927 3548; baseline 0.007 -21"><span class='ocrx_word' id='word_1_399' title='bbox 1038 3502 1133 3541; x_wconf 82' lang='lat' dir='ltr'><strong>sqq.</strong></span> <span class='ocrx_word' id='word_1_400' title='bbox 1165 3495 1207 3527; x_wconf 83' lang='lat' dir='ltr'><strong>et</strong></span> <span class='ocrx_word' id='word_1_401' title='bbox 1232 3484 1415 3528; x_wconf 77' lang='lat' dir='ltr'><strong>Gruter.</strong></span> <span class='ocrx_word' id='word_1_402' title='bbox 1488 3486 1696 3532; x_wconf 74' lang='lat' dir='ltr'><strong>Veterem</strong></span> <span class='ocrx_word' id='word_1_403' title='bbox 1729 3490 1927 3548; x_wconf 66' lang='lat' dir='ltr'><strong>scriptu-</strong></span> 
     </span>
     <span class='ocr_line' id='line_1_71' title="bbox 1038 3541 1894 3596; baseline 0.008 -10"><span class='ocrx_word' id='word_1_404' title='bbox 1038 3557 1133 3586; x_wconf 74' lang='lat' dir='ltr'><strong>ram</strong></span> <span class='ocrx_word' id='word_1_405' title='bbox 1159 3541 1352 3586; x_wconf 75' lang='lat' dir='ltr'><strong>Piehcna</strong></span> <span class='ocrx_word' id='word_1_406' title='bbox 1373 3545 1596 3588; x_wconf 75' lang='lat' dir='ltr'><strong>revocavit</strong></span> <span class='ocrx_word' id='word_1_407' title='bbox 1617 3562 1639 3589; x_wconf 86' lang='lat' dir='ltr'><strong>e</strong></span> <span class='ocrx_word' id='word_1_408' title='bbox 1658 3545 1756 3591; x_wconf 86' lang='lat' dir='ltr'><strong>MS.</strong></span> <span class='ocrx_word' id='word_1_409' title='bbox 1773 3547 1894 3596; x_wconf 64' lang='lat' dir='ltr'><strong>Flet.</strong></span> 
     </span>
    </p>
   </div>
  </div>
 </body>
</html>
