<?xml version="1.0" encoding="UTF-8"?>
<!DOCTYPE html PUBLIC "-//W3C//DTD XHTML 1.0 Transitional//EN"
    "http://www.w3.org/TR/xhtml1/DTD/xhtml1-transitional.dtd">
<html xmlns="http://www.w3.org/1999/xhtml" xml:lang="en" lang="en">
 <head>
  <title>
</title>
<meta http-equiv="Content-Type" content="text/html;charset=utf-8" />
  <meta name='ocr-system' content='tesseract 3.04.00' />
  <meta name='ocr-capabilities' content='ocr_page ocr_carea ocr_par ocr_line ocrx_word'/>
</head>
<body>
  <div class='ocr_page' id='page_1' title='image "./operarecensuitet02taciuoft/operarecensuitet02taciuoft_0463.png"; bbox 0 0 2164 3990; ppageno 0'>
   <div class='ocr_carea' id='block_1_1' title="bbox 611 152 1933 262">
    <p class='ocr_par' dir='ltr' id='par_1_1' title="bbox 611 152 1933 290">
     <span class='ocr_line' id='line_1_1' title="bbox 611 152 1933 262; baseline 0.003 -6"><span class='ocrx_word' id='word_1_1' title='bbox 611 199 661 256; x_wconf 85' lang='lat' dir='ltr'>L</span> <span class='ocrx_word' id='word_1_2' title='bbox 680 198 789 260; x_wconf 87' lang='lat' dir='ltr'><strong>IB.</strong></span> <span class='ocrx_word' id='word_1_3' title='bbox 829 199 992 260; x_wconf 59' lang='lat' dir='ltr'><strong>x‘v1.</strong></span> <span class='ocrx_word' id='word_1_4' title='bbox 1079 152 1269 259; x_wconf 67' lang='lat' dir='ltr'><strong>CsAP.</strong></span> <span class='ocrx_word' id='word_1_5' title='bbox 1309 203 1408 259; x_wconf 69' lang='lat'><strong>28.</strong></span> <span class='ocrx_word' id='word_1_6' title='bbox 1812 202 1933 262; x_wconf 80' lang='lat'><strong>453</strong></span> 
     </span>
    </p>
   </div>
   <div class='ocr_carea' id='block_1_2' title="bbox 73 327 1974 1678">
    <p class='ocr_par' dir='ltr' id='par_1_2' title="bbox 73 327 1974 1678">
     <span class='ocr_line' id='line_1_2' title="bbox 74 327 1933 402; baseline 0 -16"><span class='ocrx_word' id='word_1_7' title='bbox 74 327 326 402; x_wconf 35' lang='lat' dir='ltr'><strong>tumalcia</strong></span> <span class='ocrx_word' id='word_1_8' title='bbox 351 327 698 384; x_wconf 86' lang='lat' dir='ltr'><strong>inferiorum</strong></span> <span class='ocrx_word' id='word_1_9' title='bbox 724 327 1024 385; x_wconf 78' lang='lat' dir='ltr'>lenitatem</span> <span class='ocrx_word' id='word_1_10' title='bbox 1053 328 1444 402; x_wconf 78' lang='lat' dir='ltr'><strong>imperitantis</strong></span> <span class='ocrx_word' id='word_1_11' title='bbox 1469 329 1762 390; x_wconf 72' lang='lat' dir='ltr'><strong>deminui.</strong></span> <span class='ocrx_word' id='word_1_12' title='bbox 1837 332 1933 395; x_wconf 89' lang='lat' dir='ltr'><strong>ni-</strong></span> 
     </span>
     <span class='ocr_line' id='line_1_3' title="bbox 75 403 1931 489; baseline 0.002 -20"><span class='ocrx_word' id='word_1_13' title='bbox 75 403 264 471; x_wconf 83' lang='lat' dir='ltr'><strong>mium</strong></span> <span class='ocrx_word' id='word_1_14' title='bbox 291 412 461 468; x_wconf 88' lang='lat' dir='ltr'><strong>mites</strong></span> <span class='ocrx_word' id='word_1_15' title='bbox 493 413 567 468; x_wconf 89' lang='lat' dir='ltr'><strong>ad</strong></span> <span class='ocrx_word' id='word_1_16' title='bbox 596 431 722 468; x_wconf 85' lang='lat' dir='ltr'><strong>eam</strong></span> <span class='ocrx_word' id='word_1_17' title='bbox 759 413 915 468; x_wconf 88' lang='lat' dir='ltr'><strong>diem</strong></span> <span class='ocrx_word' id='word_1_18' title='bbox 950 425 1172 487; x_wconf 81' lang='lat' dir='ltr'><strong>patreS,</strong></span> <span class='ocrx_word' id='word_1_19' title='bbox 1215 414 1321 489; x_wconf 92' lang='lat' dir='ltr'><strong>qui</strong></span> <span class='ocrx_word' id='word_1_20' title='bbox 1348 409 1674 472; x_wconf 80' lang='lat' dir='ltr'><strong>Thraseam</strong></span> <span class='ocrx_word' id='word_1_21' title='bbox 1715 417 1931 472; x_wconf 83' lang='lat' dir='ltr'><strong>descis-</strong></span> 
     </span>
     <span class='ocr_line' id='line_1_4' title="bbox 78 496 1932 573; baseline 0.002 -19"><span class='ocrx_word' id='word_1_22' title='bbox 78 509 334 566; x_wconf 78' lang='lat' dir='ltr'><strong>centem,</strong></span> <span class='ocrx_word' id='word_1_23' title='bbox 390 497 495 573; x_wconf 89' lang='lat' dir='ltr'><strong>qui</strong></span> <span class='ocrx_word' id='word_1_24' title='bbox 536 514 814 569; x_wconf 84' lang='lat' dir='ltr'>generum</span> <span class='ocrx_word' id='word_1_25' title='bbox 856 498 978 553; x_wconf 90' lang='lat' dir='ltr'><strong>eius</strong></span> <span class='ocrx_word' id='word_1_26' title='bbox 1016 496 1364 554; x_wconf 85' lang='lat' dir='ltr'><strong>Helvidium</strong></span> <span class='ocrx_word' id='word_1_27' title='bbox 1395 497 1664 556; x_wconf 85' lang='lat' dir='ltr'><strong>Priscum</strong></span> <span class='ocrx_word' id='word_1_28' title='bbox 1710 500 1774 555; x_wconf 89' lang='lat' dir='ltr'><strong>in</strong></span> <span class='ocrx_word' id='word_1_29' title='bbox 1828 501 1932 557; x_wconf 86' lang='lat' dir='ltr'><strong>iis-</strong></span> 
     </span>
     <span class='ocr_line' id='line_1_5' title="bbox 77 579 1933 658; baseline 0.001 -18"><span class='ocrx_word' id='word_1_30' title='bbox 77 585 213 640; x_wconf 85' lang='lat' dir='ltr'><strong>dem</strong></span> <span class='ocrx_word' id='word_1_31' title='bbox 245 583 574 650; x_wconf 81' lang='lat' dir='ltr'><strong>furorihuS,</strong></span> <span class='ocrx_word' id='word_1_32' title='bbox 616 582 792 638; x_wconf 90' lang='lat' dir='ltr'><strong>simul</strong></span> <span class='ocrx_word' id='word_1_33' title='bbox 817 580 1141 639; x_wconf 89' lang='lat' dir='ltr'><strong>Paconium</strong></span> <span class='ocrx_word' id='word_1_34' title='bbox 1171 579 1569 658; x_wconf 86' lang='lat' dir='ltr'><strong>Agrippinum</strong></span> <span class='ocrx_word' id='word_1_35' title='bbox 1600 585 1834 658; x_wconf 88' lang='lat' dir='ltr'><strong>paterni</strong></span> <span class='ocrx_word' id='word_1_36' title='bbox 1867 586 1933 642; x_wconf 88' lang='lat' dir='ltr'><strong>in</strong></span> 
     </span>
     <span class='ocr_line' id='line_1_6' title="bbox 76 663 1931 744; baseline 0.002 -21"><span class='ocrx_word' id='word_1_37' title='bbox 76 667 372 744; x_wconf 83' lang='lat' dir='ltr'><strong>principes</strong></span> <span class='ocrx_word' id='word_1_38' title='bbox 404 667 529 722; x_wconf 89' lang='lat' dir='ltr'><strong>odii</strong></span> <span class='ocrx_word' id='word_1_39' title='bbox 561 663 838 722; x_wconf 85' lang='lat' dir='ltr'>heredem</span> <span class='ocrx_word' id='word_1_40' title='bbox 871 677 927 722; x_wconf 90' lang='lat' dir='ltr'><strong>et</strong></span> <span class='ocrx_word' id='word_1_41' title='bbox 950 667 1222 724; x_wconf 83' lang='lat' dir='ltr'><strong>Curtium</strong></span> <span class='ocrx_word' id='word_1_42' title='bbox 1246 667 1606 725; x_wconf 79' lang='lat' dir='ltr'><strong>Montanum</strong></span> <span class='ocrx_word' id='word_1_43' title='bbox 1639 670 1931 727; x_wconf 87' lang='lat' dir='ltr'><strong>detestan-</strong></span> 
     </span>
     <span class='ocr_line' id='line_1_7' title="bbox 78 752 1928 827; baseline 0 -16"><span class='ocrx_word' id='word_1_44' title='bbox 78 756 152 811; x_wconf 89' lang='lat' dir='ltr'><strong>da</strong></span> <span class='ocrx_word' id='word_1_45' title='bbox 189 752 446 808; x_wconf 84' lang='lat' dir='ltr'><strong>carmina</strong></span> <span class='ocrx_word' id='word_1_46' title='bbox 482 752 843 808; x_wconf 78' lang='lat' dir='ltr'><strong>factitantem</strong></span> <span class='ocrx_word' id='word_1_47' title='bbox 883 752 1119 808; x_wconf 87' lang='lat' dir='ltr'><strong>eludere</strong></span> <span class='ocrx_word' id='word_1_48' title='bbox 1155 754 1398 827; x_wconf 88' lang='lat' dir='ltr'><strong>impune</strong></span> <span class='ocrx_word' id='word_1_49' title='bbox 1437 755 1716 813; x_wconf 81' lang='lat' dir='ltr'><strong>sinerent.</strong></span> <span class='ocrx_word' id='word_1_50' title='bbox 1802 754 1928 812; x_wconf 87' lang='lat' dir='ltr'><strong>Re-</strong></span> 
     </span>
     <span class='ocr_line' id='line_1_8' title="bbox 77 837 1932 917; baseline 0.001 -23"><span class='ocrx_word' id='word_1_51' title='bbox 77 838 308 917; x_wconf 83' lang='lat' dir='ltr'><strong>quirere</strong></span> <span class='ocrx_word' id='word_1_52' title='bbox 351 857 410 893; x_wconf 91' lang='lat' dir='ltr'><strong>se</strong></span> <span class='ocrx_word' id='word_1_53' title='bbox 450 837 511 892; x_wconf 87' lang='lat' dir='ltr'><strong>in</strong></span> <span class='ocrx_word' id='word_1_54' title='bbox 548 848 756 892; x_wconf 86' lang='lat' dir='ltr'><strong>senatu</strong></span> <span class='ocrx_word' id='word_1_55' title='bbox 792 838 1189 906; x_wconf 83' lang='lat' dir='ltr'><strong>consularem,</strong></span> <span class='ocrx_word' id='word_1_56' title='bbox 1241 839 1304 893; x_wconf 90' lang='lat' dir='ltr'><strong>in</strong></span> <span class='ocrx_word' id='word_1_57' title='bbox 1355 839 1508 895; x_wconf 88' lang='lat' dir='ltr'><strong>votis</strong></span> <span class='ocrx_word' id='word_1_58' title='bbox 1557 841 1932 910; x_wconf 85' lang='lat' dir='ltr'><strong>sacerdotem,</strong></span> 
     </span>
     <span class='ocr_line' id='line_1_9' title="bbox 74 921 1932 990; baseline 0.001 -10"><span class='ocrx_word' id='word_1_59' title='bbox 74 925 140 980; x_wconf 91' lang='lat' dir='ltr'><strong>in</strong></span> <span class='ocrx_word' id='word_1_60' title='bbox 175 922 557 980; x_wconf 83' lang='lat' dir='ltr'><strong>iureiurando</strong></span> <span class='ocrx_word' id='word_1_61' title='bbox 597 921 810 990; x_wconf 83' lang='lat' dir='ltr'><strong>civem,</strong></span> <span class='ocrx_word' id='word_1_62' title='bbox 859 922 978 978; x_wconf 90' lang='lat' dir='ltr'><strong>nisi</strong></span> <span class='ocrx_word' id='word_1_63' title='bbox 1012 934 1213 979; x_wconf 85' lang='lat' dir='ltr'><strong>contra</strong></span> <span class='ocrx_word' id='word_1_64' title='bbox 1251 923 1517 980; x_wconf 88' lang='lat' dir='ltr'><strong>instituta</strong></span> <span class='ocrx_word' id='word_1_65' title='bbox 1554 936 1612 980; x_wconf 87' lang='lat' dir='ltr'><strong>et</strong></span> <span class='ocrx_word' id='word_1_66' title='bbox 1647 926 1932 989; x_wconf 85' lang='lat' dir='ltr'><strong>caerimo-</strong></span> 
     </span>
     <span class='ocr_line' id='line_1_10' title="bbox 77 1005 1941 1082; baseline -0.003 -17"><span class='ocrx_word' id='word_1_67' title='bbox 77 1010 206 1065; x_wconf 89' lang='lat' dir='ltr'><strong>nias</strong></span> <span class='ocrx_word' id='word_1_68' title='bbox 225 1008 519 1070; x_wconf 79' lang='lat' dir='ltr'><strong>maiorum</strong></span> <span class='ocrx_word' id='word_1_69' title='bbox 557 1006 919 1080; x_wconf 86' lang='lat' dir='ltr'><strong>proditorem</strong></span> <span class='ocrx_word' id='word_1_70' title='bbox 957 1008 1152 1082; x_wconf 85' lang='lat' dir='ltr'><strong>palam</strong></span> <span class='ocrx_word' id='word_1_71' title='bbox 1193 1019 1250 1063; x_wconf 88' lang='lat' dir='ltr'><strong>et</strong></span> <span class='ocrx_word' id='word_1_72' title='bbox 1281 1005 1507 1066; x_wconf 87' lang='lat' dir='ltr'><strong>hostem</strong></span> <span class='ocrx_word' id='word_1_73' title='bbox 1537 1006 1799 1066; x_wconf 84' lang='lat' dir='ltr'><strong>Thrasea</strong></span> <span class='ocrx_word' id='word_1_74' title='bbox 1832 1011 1941 1065; x_wconf 61' lang='lat' dir='ltr'><strong>in-.</strong></span> 
     </span>
     <span class='ocr_line' id='line_1_11' title="bbox 77 1089 1928 1168; baseline 0.002 -18"><span class='ocrx_word' id='word_1_75' title='bbox 77 1094 330 1151; x_wconf 49' lang='lat' dir='ltr'><strong>duisset„</strong></span> <span class='ocrx_word' id='word_1_76' title='bbox 399 1089 671 1167; x_wconf 86' lang='lat' dir='ltr'><strong>Denique</strong></span> <span class='ocrx_word' id='word_1_77' title='bbox 694 1111 862 1165; x_wconf 82' lang='lat' dir='ltr'><strong>agere</strong></span> <span class='ocrx_word' id='word_1_78' title='bbox 885 1103 1211 1148; x_wconf 87' lang='lat' dir='ltr'><strong>senatorem</strong></span> <span class='ocrx_word' id='word_1_79' title='bbox 1238 1106 1296 1150; x_wconf 90' lang='lat' dir='ltr'><strong>et</strong></span> <span class='ocrx_word' id='word_1_80' title='bbox 1322 1094 1609 1168; x_wconf 88' lang='lat' dir='ltr'><strong>principis</strong></span> <span class='ocrx_word' id='word_1_81' title='bbox 1637 1096 1928 1154; x_wconf 78' lang='lat' dir='ltr'><strong>obtrecta-</strong></span> 
     </span>
     <span class='ocr_line' id='line_1_12' title="bbox 75 1176 1942 1256; baseline 0 -20"><span class='ocrx_word' id='word_1_82' title='bbox 75 1177 231 1238; x_wconf 83' lang='lat' dir='ltr'><strong>tores</strong></span> <span class='ocrx_word' id='word_1_83' title='bbox 253 1187 552 1252; x_wconf 87' lang='lat' dir='ltr'><strong>protegere</strong></span> <span class='ocrx_word' id='word_1_84' title='bbox 578 1176 784 1232; x_wconf 90' lang='lat' dir='ltr'><strong>solitus</strong></span> <span class='ocrx_word' id='word_1_85' title='bbox 809 1178 1063 1245; x_wconf 88' lang='lat' dir='ltr'><strong>veniret,</strong></span> <span class='ocrx_word' id='word_1_86' title='bbox 1097 1189 1384 1247; x_wconf 88' lang='lat' dir='ltr'><strong>censeret,</strong></span> <span class='ocrx_word' id='word_1_87' title='bbox 1421 1181 1563 1254; x_wconf 91' lang='lat' dir='ltr'><strong>quid</strong></span> <span class='ocrx_word' id='word_1_88' title='bbox 1591 1180 1805 1253; x_wconf 79' lang='lat' dir='ltr'><strong>corrigi</strong></span> <span class='ocrx_word' id='word_1_89' title='bbox 1829 1192 1942 1256; x_wconf 58' lang='lat' dir='ltr'><strong>augg</strong></span> 
     </span>
     <span class='ocr_line' id='line_1_13' title="bbox 74 1255 1974 1339; baseline 0.001 -19"><span class='ocrx_word' id='word_1_90' title='bbox 74 1263 292 1320; x_wconf 84' lang='lat' dir='ltr'><strong>mutari</strong></span> <span class='ocrx_word' id='word_1_91' title='bbox 340 1263 544 1318; x_wconf 87' lang='lat' dir='ltr'><strong>vellet:</strong></span> <span class='ocrx_word' id='word_1_92' title='bbox 609 1261 841 1318; x_wconf 84' lang='lat' dir='ltr'><strong>facilius</strong></span> <span class='ocrx_word' id='word_1_93' title='bbox 877 1261 1204 1335; x_wconf 85' lang='lat' dir='ltr'><strong>perlaturos</strong></span> <span class='ocrx_word' id='word_1_94' title='bbox 1248 1264 1476 1336; x_wconf 82' lang='lat' dir='ltr'><strong>singula</strong></span> <span class='ocrx_word' id='word_1_95' title='bbox 1524 1255 1940 1339; x_wconf 51' lang='lat' dir='ltr'><strong>increpantenig</strong></span> <span class='ocrx_word' id='word_1_96' title='bbox 1960 1266 1974 1300; x_wconf 60' lang='lat'><strong>²</strong></span> 
     </span>
     <span class='ocr_line' id='line_1_14' title="bbox 75 1347 1930 1426; baseline 0.002 -20"><span class='ocrx_word' id='word_1_97' title='bbox 75 1369 253 1426; x_wconf 89' lang='lat' dir='ltr'><strong>quam</strong></span> <span class='ocrx_word' id='word_1_98' title='bbox 277 1368 437 1404; x_wconf 90' lang='lat' dir='ltr'><strong>nunc</strong></span> <span class='ocrx_word' id='word_1_99' title='bbox 473 1347 772 1402; x_wconf 89' lang='lat' dir='ltr'><strong>silentium</strong></span> <span class='ocrx_word' id='word_1_100' title='bbox 799 1347 1125 1420; x_wconf 87' lang='lat' dir='ltr'><strong>perferrent</strong></span> <span class='ocrx_word' id='word_1_101' title='bbox 1150 1348 1349 1404; x_wconf 86' lang='lat' dir='ltr'><strong>omnia</strong></span> <span class='ocrx_word' id='word_1_102' title='bbox 1376 1350 1728 1409; x_wconf 80' lang='lat' dir='ltr'><strong>damnantis,</strong></span> <span class='ocrx_word' id='word_1_103' title='bbox 1804 1349 1930 1410; x_wconf 54' lang='grc' dir='ltr'><strong>ἵΡει-Ι</strong></span> 
     </span>
     <span class='ocr_line' id='line_1_15' title="bbox 73 1432 1933 1507; baseline -0.001 -15"><span class='ocrx_word' id='word_1_104' title='bbox 73 1452 199 1492; x_wconf 79' lang='lat' dir='ltr'><strong>cem</strong></span> <span class='ocrx_word' id='word_1_105' title='bbox 222 1432 314 1488; x_wconf 92' lang='lat' dir='ltr'><strong>illi</strong></span> <span class='ocrx_word' id='word_1_106' title='bbox 347 1452 453 1507; x_wconf 92' lang='lat' dir='ltr'><strong>per</strong></span> <span class='ocrx_word' id='word_1_107' title='bbox 488 1432 692 1487; x_wconf 88' lang='lat' dir='ltr'><strong>orbem</strong></span> <span class='ocrx_word' id='word_1_108' title='bbox 719 1442 906 1487; x_wconf 80' lang='lat' dir='ltr'><strong>terrae</strong></span> <span class='ocrx_word' id='word_1_109' title='bbox 931 1451 1007 1486; x_wconf 73' lang='lat' dir='ltr'><strong>an</strong></span> <span class='ocrx_word' id='word_1_110' title='bbox 1043 1433 1316 1490; x_wconf 86' lang='lat' dir='ltr'><strong>victorias</strong></span> <span class='ocrx_word' id='word_1_111' title='bbox 1350 1434 1476 1489; x_wconf 91' lang='lat' dir='ltr'><strong>sine</strong></span> <span class='ocrx_word' id='word_1_112' title='bbox 1514 1436 1730 1490; x_wconf 87' lang='lat' dir='ltr'><strong>damno</strong></span> <span class='ocrx_word' id='word_1_113' title='bbox 1767 1455 1933 1491; x_wconf 71' lang='lat' dir='ltr'><strong>exer-‘—</strong></span> 
     </span>
     <span class='ocr_line' id='line_1_16' title="bbox 74 1512 1927 1593; baseline 0 -18"><span class='ocrx_word' id='word_1_114' title='bbox 74 1518 299 1575; x_wconf 85' lang='lat' dir='ltr'><strong>cituum</strong></span> <span class='ocrx_word' id='word_1_115' title='bbox 347 1516 695 1592; x_wconf 78' lang='lat' dir='ltr'><strong>displicere?</strong></span> <span class='ocrx_word' id='word_1_116' title='bbox 788 1514 876 1572; x_wconf 89' lang='lat' dir='ltr'><strong>Ne</strong></span> <span class='ocrx_word' id='word_1_117' title='bbox 915 1512 1218 1573; x_wconf 88' lang='lat' dir='ltr'><strong>hominem</strong></span> <span class='ocrx_word' id='word_1_118' title='bbox 1252 1519 1426 1574; x_wconf 87' lang='lat' dir='ltr'><strong>bonis</strong></span> <span class='ocrx_word' id='word_1_119' title='bbox 1470 1520 1723 1593; x_wconf 88' lang='lat' dir='ltr'><strong>publicis</strong></span> <span class='ocrx_word' id='word_1_120' title='bbox 1765 1538 1927 1583; x_wconf 59' lang='lat' dir='ltr'><strong>mae,-</strong></span> 
     </span>
     <span class='ocr_line' id='line_1_17' title="bbox 73 1596 1929 1678; baseline 0.002 -20"><span class='ocrx_word' id='word_1_121' title='bbox 73 1615 228 1661; x_wconf 88' lang='lat' dir='ltr'><strong>stum</strong></span> <span class='ocrx_word' id='word_1_122' title='bbox 251 1613 306 1658; x_wconf 91' lang='lat' dir='ltr'><strong>et</strong></span> <span class='ocrx_word' id='word_1_123' title='bbox 330 1602 434 1678; x_wconf 85' lang='lat' dir='ltr'><strong>qui</strong></span> <span class='ocrx_word' id='word_1_124' title='bbox 465 1603 626 1670; x_wconf 84' lang='lat' dir='ltr'><strong>fora,</strong></span> <span class='ocrx_word' id='word_1_125' title='bbox 674 1596 930 1669; x_wconf 89' lang='lat' dir='ltr'><strong>theatra,</strong></span> <span class='ocrx_word' id='word_1_126' title='bbox 985 1603 1197 1677; x_wconf 88' lang='lat' dir='ltr'><strong>templa</strong></span> <span class='ocrx_word' id='word_1_127' title='bbox 1239 1623 1345 1677; x_wconf 91' lang='lat' dir='ltr'><strong>pro</strong></span> <span class='ocrx_word' id='word_1_128' title='bbox 1390 1605 1708 1663; x_wconf 86' lang='lat' dir='ltr'><strong>solitudine</strong></span> <span class='ocrx_word' id='word_1_129' title='bbox 1744 1600 1929 1670; x_wconf 69' lang='lat' dir='ltr'><strong>habe-</strong></span> 
     </span>
    </p>
   </div>
   <div class='ocr_carea' id='block_1_3' title="bbox 163 193 381 274">
    <p class='ocr_par' dir='ltr' id='par_1_3' title="bbox 163 193 381 274">
     <span class='ocr_line' id='line_1_18' title="bbox 163 193 380 231; baseline -0.009 0"><span class='ocrx_word' id='word_1_130' title='bbox 163 195 216 231; x_wconf 72' lang='lat' dir='ltr'><strong>A.</strong></span> <span class='ocrx_word' id='word_1_131' title='bbox 227 194 278 230; x_wconf 79' lang='lat'><strong>11.</strong></span> <span class='ocrx_word' id='word_1_132' title='bbox 290 193 380 229; x_wconf 72' lang='lat'><strong>820.</strong></span> 
     </span>
     <span class='ocr_line' id='line_1_19' title="bbox 166 237 381 274; baseline -0.009 0"><span class='ocrx_word' id='word_1_133' title='bbox 166 239 217 274; x_wconf 77' lang='lat' dir='ltr'><strong>A.</strong></span> <span class='ocrx_word' id='word_1_134' title='bbox 231 237 278 274; x_wconf 85' lang='lat' dir='ltr'><strong>C.</strong></span> <span class='ocrx_word' id='word_1_135' title='bbox 317 237 381 272; x_wconf 77' lang='lat'><strong>67.</strong></span> 
     </span>
    </p>
   </div>
   <div class='ocr_carea' id='block_1_4' title="bbox 69 1863 961 2199">
    <p class='ocr_par' dir='ltr' id='par_1_4' title="bbox 73 1863 961 1990">
     <span class='ocr_line' id='line_1_20' title="bbox 129 1863 353 1906; baseline 0.004 -1"><span class='ocrx_word' id='word_1_136' title='bbox 129 1863 353 1906; x_wconf 71' lang='lat' dir='ltr'><strong>deminui.</strong></span> 
     </span>
     <span class='ocr_line' id='line_1_21' title="bbox 73 1919 961 1990; baseline -0.002 -26"><span class='ocrx_word' id='word_1_137' title='bbox 73 1936 170 1978; x_wconf 84' lang='lat' dir='ltr'><strong>sqq.</strong></span> <span class='ocrx_word' id='word_1_138' title='bbox 196 1945 249 1953; x_wconf 89' lang='lat'><strong>—</strong></span> <span class='ocrx_word' id='word_1_139' title='bbox 293 1922 495 1988; x_wconf 57' lang='lat' dir='ltr'><strong>disninfti</strong></span> <span class='ocrx_word' id='word_1_140' title='bbox 516 1919 616 1962; x_wconf 85' lang='lat' dir='ltr'><strong>edd.</strong></span> <span class='ocrx_word' id='word_1_141' title='bbox 639 1919 738 1961; x_wconf 81' lang='lat' dir='ltr'><strong>Put.</strong></span> <span class='ocrx_word' id='word_1_142' title='bbox 758 1921 961 1990; x_wconf 53' lang='lat' dir='ltr'><strong>Ber-naid.</strong></span> 
     </span>
    </p>

    <p class='ocr_par' dir='ltr' id='par_1_5' title="bbox 69 1976 959 2199">
     <span class='ocr_line' id='line_1_22' title="bbox 72 1976 959 2093; baseline -0.002 -14"><span class='ocrx_word' id='word_1_143' title='bbox 72 1977 298 2093; x_wconf 46' lang='lat' dir='ltr'><strong>{tarr</strong></span> <span class='ocrx_word' id='word_1_144' title='bbox 318 1976 668 2084; x_wconf 52' lang='lat' dir='ltr'><strong>fflifflffissfnul?</strong></span> <span class='ocrx_word' id='word_1_145' title='bbox 684 1976 959 2078; x_wconf 60' lang='lat' dir='ltr'><strong>1225:sssz</strong></span> 
     </span>
     <span class='ocr_line' id='line_1_23' title="bbox 69 2092 959 2199; baseline 0 -65"><span class='ocrx_word' id='word_1_146' title='bbox 69 2092 414 2199; x_wconf 45' lang='lat' dir='ltr'><strong>{eqcitgcfegrlzfnmss</strong></span> <span class='ocrx_word' id='word_1_147' title='bbox 475 2092 538 2137; x_wconf 86' lang='lat' dir='ltr'><strong>cs.</strong></span> <span class='ocrx_word' id='word_1_148' title='bbox 563 2101 656 2136; x_wconf 85' lang='lat' dir='ltr'><strong>not.</strong></span> <span class='ocrx_word' id='word_1_149' title='bbox 677 2092 730 2136; x_wconf 83' lang='lat' dir='ltr'><strong>ad</strong></span> <span class='ocrx_word' id='word_1_150' title='bbox 755 2095 794 2141; x_wconf 85' lang='lat' dir='ltr'><strong>l,</strong></span> <span class='ocrx_word' id='word_1_151' title='bbox 822 2093 888 2135; x_wconf 79' lang='lat'><strong>14.</strong></span> <span class='ocrx_word' id='word_1_152' title='bbox 917 2093 959 2142; x_wconf 70' lang='lat'><strong>2,</strong></span> 
     </span>
    </p>
   </div>
   <div class='ocr_carea' id='block_1_5' title="bbox 69 2231 959 2346">
    <p class='ocr_par' dir='ltr' id='par_1_6' title="bbox 69 2231 959 2346">
     <span class='ocr_line' id='line_1_24' title="bbox 127 2231 957 2290; baseline 0 -14"><span class='ocrx_word' id='word_1_153' title='bbox 127 2235 177 2276; x_wconf 85' lang='lat' dir='ltr'><strong>in</strong></span> <span class='ocrx_word' id='word_1_154' title='bbox 203 2234 381 2276; x_wconf 74' lang='lat' dir='ltr'><strong>iisdem.</strong></span> <span class='ocrx_word' id='word_1_155' title='bbox 440 2232 522 2274; x_wconf 80' lang='lat' dir='ltr'><strong>Ed.</strong></span> <span class='ocrx_word' id='word_1_156' title='bbox 548 2231 665 2290; x_wconf 87' lang='lat' dir='ltr'><strong>Spir.</strong></span> <span class='ocrx_word' id='word_1_157' title='bbox 689 2234 736 2275; x_wconf 85' lang='lat' dir='ltr'><strong>in</strong></span> <span class='ocrx_word' id='word_1_158' title='bbox 759 2233 957 2276; x_wconf 81' lang='lat' dir='ltr'><strong>hisdem.</strong></span> 
     </span>
     <span class='ocr_line' id='line_1_25' title="bbox 69 2290 959 2346; baseline -0.003 -11"><span class='ocrx_word' id='word_1_159' title='bbox 69 2293 179 2335; x_wconf 82' lang='lat' dir='ltr'><strong>Mox</strong></span> <span class='ocrx_word' id='word_1_160' title='bbox 206 2292 358 2334; x_wconf 82' lang='lat' dir='ltr'><strong>eadem</strong></span> <span class='ocrx_word' id='word_1_161' title='bbox 393 2290 646 2342; x_wconf 62' lang='lat' dir='ltr'><strong>lingonum</strong></span> <span class='ocrx_word' id='word_1_162' title='bbox 693 2305 774 2346; x_wconf 87' lang='lat' dir='ltr'><strong>pro</strong></span> <span class='ocrx_word' id='word_1_163' title='bbox 813 2291 959 2332; x_wconf 75' lang='lat'><em>{2000-</em></span> 
     </span>
    </p>
   </div>
   <div class='ocr_carea' id='block_1_6' title="bbox 68 2346 973 2460">
    <p class='ocr_par' dir='ltr' id='par_1_7' title="bbox 68 2346 973 2460">
     <span class='ocr_line' id='line_1_26' title="bbox 68 2346 973 2400; baseline -0.001 -9"><span class='ocrx_word' id='word_1_164' title='bbox 68 2352 225 2400; x_wconf 75' lang='lat' dir='ltr'><strong>m‘um3</strong></span> <span class='ocrx_word' id='word_1_165' title='bbox 259 2348 393 2390; x_wconf 82' lang='lat' dir='ltr'><strong>MSS.</strong></span> <span class='ocrx_word' id='word_1_166' title='bbox 421 2347 535 2389; x_wconf 78' lang='lat' dir='ltr'><strong>ssud.</strong></span> <span class='ocrx_word' id='word_1_167' title='bbox 557 2346 705 2389; x_wconf 46' lang='lat' dir='ltr'><strong>Gnelf⁴</strong></span> <span class='ocrx_word' id='word_1_168' title='bbox 734 2346 839 2389; x_wconf 82' lang='lat' dir='ltr'><strong>edd.</strong></span> <span class='ocrx_word' id='word_1_169' title='bbox 857 2346 973 2392; x_wconf 65' lang='lat' dir='ltr'><strong>Put-</strong></span> 
     </span>
     <span class='ocr_line' id='line_1_27' title="bbox 72 2402 956 2460; baseline -0.005 -9"><span class='ocrx_word' id='word_1_170' title='bbox 72 2409 139 2451; x_wconf 85' lang='lat' dir='ltr'><strong>M.</strong></span> <span class='ocrx_word' id='word_1_171' title='bbox 161 2414 207 2448; x_wconf 76' lang='lat' dir='ltr'><strong>et</strong></span> <span class='ocrx_word' id='word_1_172' title='bbox 229 2405 286 2448; x_wconf 92' lang='lat' dir='ltr'><strong>V.</strong></span> <span class='ocrx_word' id='word_1_173' title='bbox 309 2405 412 2447; x_wconf 86' lang='lat' dir='ltr'><strong>Ber.</strong></span> <span class='ocrx_word' id='word_1_174' title='bbox 439 2409 500 2460; x_wconf 90' lang='lat' dir='ltr'><strong>(c.</strong></span> <span class='ocrx_word' id='word_1_175' title='bbox 525 2405 667 2447; x_wconf 80' lang='lat' dir='ltr'><strong>silent.</strong></span> <span class='ocrx_word' id='word_1_176' title='bbox 691 2402 829 2457; x_wconf 69' lang='lat' dir='ltr'><strong>Vici.)</strong></span> <span class='ocrx_word' id='word_1_177' title='bbox 858 2405 956 2449; x_wconf 78' lang='lat' dir='ltr'><strong>Alc.</strong></span> 
     </span>
    </p>
   </div>
   <div class='ocr_carea' id='block_1_7' title="bbox 435 1861 1921 1927">
    <p class='ocr_par' dir='ltr' id='par_1_8' title="bbox 435 1861 1921 1927">
     <span class='ocr_line' id='line_1_28' title="bbox 435 1861 1921 1927; baseline 0.004 -22"><span class='ocrx_word' id='word_1_178' title='bbox 435 1862 512 1906; x_wconf 79' lang='lat' dir='ltr'><strong>Sic</strong></span> <span class='ocrx_word' id='word_1_179' title='bbox 547 1862 648 1904; x_wconf 80' lang='lat' dir='ltr'><strong>edd.</strong></span> <span class='ocrx_word' id='word_1_180' title='bbox 688 1862 805 1920; x_wconf 89' lang='lat' dir='ltr'><strong>Spir.</strong></span> <span class='ocrx_word' id='word_1_181' title='bbox 841 1861 958 1920; x_wconf 86' lang='lat' dir='ltr'><strong>Lips.</strong></span> <span class='ocrx_word' id='word_1_182' title='bbox 1092 1871 1253 1906; x_wconf 82' lang='lat' dir='ltr'><strong>contra</strong></span> <span class='ocrx_word' id='word_1_183' title='bbox 1285 1865 1512 1910; x_wconf 73' lang='lat' dir='ltr'><strong>instituta.</strong></span> <span class='ocrx_word' id='word_1_184' title='bbox 1575 1866 1657 1910; x_wconf 86' lang='lat' dir='ltr'><strong>Ed.</strong></span> <span class='ocrx_word' id='word_1_185' title='bbox 1684 1867 1784 1927; x_wconf 86' lang='lat' dir='ltr'><strong>Bip.</strong></span> <span class='ocrx_word' id='word_1_186' title='bbox 1815 1882 1921 1911; x_wconf 79' lang='lat' dir='ltr'><strong>con-</strong></span> 
     </span>
    </p>
   </div>
   <div class='ocr_carea' id='block_1_8' title="bbox 1035 1922 1497 1964">
    <p class='ocr_par' dir='ltr' id='par_1_9' title="bbox 1035 1922 1497 1964">
     <span class='ocr_line' id='line_1_29' title="bbox 1035 1922 1497 1964; baseline 0.002 -1"><span class='ocrx_word' id='word_1_187' title='bbox 1035 1930 1250 1963; x_wconf 81' lang='lat' dir='ltr'><strong>temnens</strong></span> <span class='ocrx_word' id='word_1_188' title='bbox 1271 1922 1497 1964; x_wconf 71' lang='lat' dir='ltr'><strong>instituta.</strong></span> 
     </span>
    </p>
   </div>
   <div class='ocr_carea' id='block_1_9' title="bbox 1030 1995 1937 2456">
    <p class='ocr_par' dir='ltr' id='par_1_10' title="bbox 1030 1995 1937 2456">
     <span class='ocr_line' id='line_1_30' title="bbox 1087 1995 1925 2046; baseline 0.011 -14"><span class='ocrx_word' id='word_1_189' title='bbox 1087 2001 1232 2046; x_wconf 77' lang='lat' dir='ltr'><strong>agere</strong></span> <span class='ocrx_word' id='word_1_190' title='bbox 1261 2000 1563 2036; x_wconf 53' lang='lat' dir='ltr'><strong>senatorema</strong></span> <span class='ocrx_word' id='word_1_191' title='bbox 1608 1995 1685 2040; x_wconf 79' lang='lat' dir='ltr'><strong>sie</strong></span> <span class='ocrx_word' id='word_1_192' title='bbox 1714 1996 1847 2040; x_wconf 67' lang='lat' dir='ltr'><strong>MSS.</strong></span> <span class='ocrx_word' id='word_1_193' title='bbox 1882 2006 1925 2044; x_wconf 82' lang='lat' dir='ltr'><strong>ct</strong></span> 
     </span>
     <span class='ocr_line' id='line_1_31' title="bbox 1031 2048 1922 2111; baseline 0.011 -23"><span class='ocrx_word' id='word_1_194' title='bbox 1031 2058 1136 2091; x_wconf 84' lang='lat' dir='ltr'><strong>vett.</strong></span> <span class='ocrx_word' id='word_1_195' title='bbox 1149 2048 1248 2090; x_wconf 84' lang='lat' dir='ltr'><strong>edd.</strong></span> <span class='ocrx_word' id='word_1_196' title='bbox 1265 2059 1444 2106; x_wconf 56' lang='lat' dir='ltr'><strong>praetexi</strong></span> <span class='ocrx_word' id='word_1_197' title='bbox 1456 2051 1559 2094; x_wconf 85' lang='lat' dir='ltr'><strong>cod.</strong></span> <span class='ocrx_word' id='word_1_198' title='bbox 1571 2053 1671 2096; x_wconf 89' lang='lat' dir='ltr'><strong>MS.</strong></span> <span class='ocrx_word' id='word_1_199' title='bbox 1686 2053 1817 2109; x_wconf 61' lang='lat' dir='ltr'><strong>Agr„</strong></span> <span class='ocrx_word' id='word_1_200' title='bbox 1845 2055 1922 2111; x_wconf 88' lang='lat' dir='ltr'><strong>qui</strong></span> 
     </span>
     <span class='ocr_line' id='line_1_32' title="bbox 1030 2105 1927 2168; baseline 0.01 -21"><span class='ocrx_word' id='word_1_201' title='bbox 1030 2105 1120 2148; x_wconf 86' lang='lat' dir='ltr'><strong>fert</strong></span> <span class='ocrx_word' id='word_1_202' title='bbox 1150 2114 1324 2160; x_wconf 77' lang='lat' dir='ltr'><strong>ageret.</strong></span> <span class='ocrx_word' id='word_1_203' title='bbox 1398 2107 1497 2151; x_wconf 88' lang='lat' dir='ltr'><strong>Hoc</strong></span> <span class='ocrx_word' id='word_1_204' title='bbox 1534 2125 1743 2168; x_wconf 85' lang='lat' dir='ltr'><strong>recepere</strong></span> <span class='ocrx_word' id='word_1_205' title='bbox 1778 2113 1927 2156; x_wconf 86' lang='lat' dir='ltr'><strong>Ober-</strong></span> 
     </span>
     <span class='ocr_line' id='line_1_33' title="bbox 1032 2164 1922 2221; baseline 0.008 -15"><span class='ocrx_word' id='word_1_206' title='bbox 1032 2164 1147 2206; x_wconf 87' lang='lat' dir='ltr'><strong>linus</strong></span> <span class='ocrx_word' id='word_1_207' title='bbox 1171 2179 1266 2221; x_wconf 86' lang='lat' dir='ltr'><strong>sqq.</strong></span> <span class='ocrx_word' id='word_1_208' title='bbox 1313 2164 1428 2218; x_wconf 76' lang='lat' dir='ltr'><strong>Nam</strong></span> <span class='ocrx_word' id='word_1_209' title='bbox 1452 2166 1529 2208; x_wconf 90' lang='lat' dir='ltr'><strong>diu</strong></span> <span class='ocrx_word' id='word_1_210' title='bbox 1554 2170 1780 2211; x_wconf 84' lang='lat' dir='ltr'><strong>absentem</strong></span> <span class='ocrx_word' id='word_1_211' title='bbox 1805 2170 1922 2213; x_wconf 82' lang='lat' dir='ltr'><strong>male</strong></span> 
     </span>
     <span class='ocr_line' id='line_1_34' title="bbox 1031 2220 1921 2276; baseline 0.009 -14"><span class='ocrx_word' id='word_1_212' title='bbox 1031 2220 1119 2264; x_wconf 87' lang='lat' dir='ltr'><strong>dici</strong></span> <span class='ocrx_word' id='word_1_213' title='bbox 1141 2222 1265 2264; x_wconf 88' lang='lat' dir='ltr'><strong>aiunt</strong></span> <span class='ocrx_word' id='word_1_214' title='bbox 1294 2237 1436 2276; x_wconf 75' lang='lat' dir='ltr'><strong>agere</strong></span> <span class='ocrx_word' id='word_1_215' title='bbox 1460 2234 1746 2268; x_wconf 71' lang='lat' dir='ltr'><strong>senatorem.</strong></span> <span class='ocrx_word' id='word_1_216' title='bbox 1809 2228 1921 2270; x_wconf 81' lang='lat' dir='ltr'><strong>Per·-</strong></span> 
     </span>
     <span class='ocr_line' id='line_1_35' title="bbox 1032 2281 1928 2335; baseline 0.01 -16"><span class='ocrx_word' id='word_1_217' title='bbox 1032 2294 1200 2335; x_wconf 82' lang='lat' dir='ltr'><strong>peram.</strong></span> <span class='ocrx_word' id='word_1_218' title='bbox 1260 2281 1413 2333; x_wconf 75' lang='lat' dir='ltr'><strong>Agere</strong></span> <span class='ocrx_word' id='word_1_219' title='bbox 1448 2290 1717 2325; x_wconf 78' lang='lat' dir='ltr'><strong>senatorem</strong></span> <span class='ocrx_word' id='word_1_220' title='bbox 1750 2293 1814 2328; x_wconf 88' lang='lat' dir='ltr'><strong>est</strong></span> <span class='ocrx_word' id='word_1_221' title='bbox 1847 2301 1928 2328; x_wconf 64' lang='lat' dir='ltr'><strong>sem</strong></span> 
     </span>
     <span class='ocr_line' id='line_1_36' title="bbox 1032 2337 1920 2393; baseline 0.01 -17"><span class='ocrx_word' id='word_1_222' title='bbox 1032 2343 1235 2376; x_wconf 83' lang='lat' dir='ltr'><strong>natore&#39;m</strong></span> <span class='ocrx_word' id='word_1_223' title='bbox 1291 2352 1398 2381; x_wconf 89' lang='lat' dir='ltr'><strong>esse.</strong></span> <span class='ocrx_word' id='word_1_224' title='bbox 1485 2337 1543 2381; x_wconf 85' lang='lat' dir='ltr'><strong>cf.</strong></span> <span class='ocrx_word' id='word_1_225' title='bbox 1585 2347 1680 2384; x_wconf 87' lang='lat' dir='ltr'><strong>not.</strong></span> <span class='ocrx_word' id='word_1_226' title='bbox 1713 2341 1769 2384; x_wconf 84' lang='lat' dir='ltr'><strong>ad</strong></span> <span class='ocrx_word' id='word_1_227' title='bbox 1803 2345 1840 2393; x_wconf 87' lang='lat' dir='ltr'><strong>l,</strong></span> <span class='ocrx_word' id='word_1_228' title='bbox 1876 2342 1920 2386; x_wconf 69' lang='lat'><strong>4⁴.</strong></span> 
     </span>
     <span class='ocr_line' id='line_1_37' title="bbox 1033 2391 1937 2456; baseline 0.013 -24"><span class='ocrx_word' id='word_1_229' title='bbox 1033 2392 1122 2433; x_wconf 82' lang='lat' dir='ltr'><strong>lam</strong></span> <span class='ocrx_word' id='word_1_230' title='bbox 1162 2391 1250 2434; x_wconf 89' lang='lat' dir='ltr'><strong>hoc</strong></span> <span class='ocrx_word' id='word_1_231' title='bbox 1281 2393 1493 2436; x_wconf 87' lang='lat' dir='ltr'><strong>obiicitur</strong></span> <span class='ocrx_word' id='word_1_232' title='bbox 1518 2395 1761 2448; x_wconf 82' lang='lat' dir='ltr'><strong>Thraseae,</strong></span> <span class='ocrx_word' id='word_1_233' title='bbox 1798 2402 1937 2456; x_wconf 34' lang='lat' dir='ltr'><strong>quod*</strong></span> 
     </span>
    </p>
   </div>
   <div class='ocr_carea' id='block_1_10' title="bbox 2 2462 958 2519">
    <p class='ocr_par' dir='ltr' id='par_1_11' title="bbox 2 2462 958 2519">
     <span class='ocr_line' id='line_1_38' title="bbox 2 2462 958 2519; baseline -0.001 -12"><span class='ocrx_word' id='word_1_234' title='bbox 2 2494 10 2512; x_wconf 29' lang='grc' dir='ltr'>ῃ</span> <span class='ocrx_word' id='word_1_235' title='bbox 71 2463 335 2518; x_wconf 76' lang='lat' dir='ltr'><strong>Ragonium</strong></span> <span class='ocrx_word' id='word_1_236' title='bbox 350 2482 364 2515; x_wconf 91' lang='lat'><em>;</em></span> <span class='ocrx_word' id='word_1_237' title='bbox 395 2462 537 2504; x_wconf 87' lang='lat' dir='ltr'><strong>Rhen.</strong></span> <span class='ocrx_word' id='word_1_238' title='bbox 558 2474 654 2519; x_wconf 80' lang='lat' dir='ltr'><strong>sqq.</strong></span> <span class='ocrx_word' id='word_1_239' title='bbox 683 2462 958 2507; x_wconf 75' lang='lat' dir='ltr'><strong>Paconium.</strong></span> 
     </span>
    </p>
   </div>
   <div class='ocr_carea' id='block_1_11' title="bbox 69 2519 958 2692">
    <p class='ocr_par' dir='ltr' id='par_1_12' title="bbox 69 2519 958 2692">
     <span class='ocr_line' id='line_1_39' title="bbox 73 2519 958 2566; baseline -0.001 -4"><span class='ocrx_word' id='word_1_240' title='bbox 73 2521 191 2564; x_wconf 73' lang='lat' dir='ltr'><strong>Infra</strong></span> <span class='ocrx_word' id='word_1_241' title='bbox 213 2538 254 2566; x_wconf 87' lang='lat' dir='ltr'><strong>c.</strong></span> <span class='ocrx_word' id='word_1_242' title='bbox 276 2519 345 2563; x_wconf 79' lang='lat'><strong>33.</strong></span> <span class='ocrx_word' id='word_1_243' title='bbox 368 2519 471 2562; x_wconf 84' lang='lat' dir='ltr'><strong>libri</strong></span> <span class='ocrx_word' id='word_1_244' title='bbox 498 2519 783 2562; x_wconf 86' lang='lat' dir='ltr'><strong>consentiunt</strong></span> <span class='ocrx_word' id='word_1_245' title='bbox 807 2519 853 2562; x_wconf 89' lang='lat' dir='ltr'><strong>in</strong></span> <span class='ocrx_word' id='word_1_246' title='bbox 869 2522 958 2563; x_wconf 84' lang='lat' dir='ltr'><strong>Pa-</strong></span> 
     </span>
     <span class='ocr_line' id='line_1_40' title="bbox 70 2577 956 2633; baseline -0.001 -12"><span class='ocrx_word' id='word_1_247' title='bbox 70 2580 247 2622; x_wconf 79' lang='lat' dir='ltr'><strong>conius.</strong></span> <span class='ocrx_word' id='word_1_248' title='bbox 334 2577 449 2633; x_wconf 86' lang='lat' dir='ltr'><strong>Quo</strong></span> <span class='ocrx_word' id='word_1_249' title='bbox 493 2585 660 2632; x_wconf 85' lang='lat' dir='ltr'><strong>spectet</strong></span> <span class='ocrx_word' id='word_1_250' title='bbox 707 2583 956 2629; x_wconf 76' lang='lat' dir='ltr'><strong>paternum</strong></span> 
     </span>
     <span class='ocr_line' id='line_1_41' title="bbox 69 2633 913 2692; baseline -0.001 -13"><span class='ocrx_word' id='word_1_251' title='bbox 69 2637 228 2679; x_wconf 73' lang='lat' dir='ltr'><strong>odium</strong></span> <span class='ocrx_word' id='word_1_252' title='bbox 251 2635 335 2680; x_wconf 86' lang='lat' dir='ltr'><strong>vid.</strong></span> <span class='ocrx_word' id='word_1_253' title='bbox 357 2634 474 2692; x_wconf 83' lang='lat' dir='ltr'><strong>apud</strong></span> <span class='ocrx_word' id='word_1_254' title='bbox 496 2634 621 2678; x_wconf 87' lang='lat' dir='ltr'><strong>Suet.</strong></span> <span class='ocrx_word' id='word_1_255' title='bbox 646 2633 749 2677; x_wconf 89' lang='lat' dir='ltr'><strong>Tib.</strong></span> <span class='ocrx_word' id='word_1_256' title='bbox 780 2651 821 2678; x_wconf 87' lang='lat' dir='ltr'><strong>c.</strong></span> <span class='ocrx_word' id='word_1_257' title='bbox 844 2637 913 2678; x_wconf 83' lang='lat'><strong>61.</strong></span> 
     </span>
    </p>
   </div>
   <div class='ocr_carea' id='block_1_12' title="bbox 111 2717 957 2776">
    <p class='ocr_par' dir='ltr' id='par_1_13' title="bbox 111 2717 957 2776">
     <span class='ocr_line' id='line_1_42' title="bbox 111 2717 957 2776; baseline 0 -15"><span class='ocrx_word' id='word_1_258' title='bbox 111 2721 434 2776; x_wconf 74' lang='lat' dir='ltr'><strong>factitantem.</strong></span> <span class='ocrx_word' id='word_1_259' title='bbox 495 2717 598 2764; x_wconf 81' lang='lat' dir='ltr'><strong>MS.</strong></span> <span class='ocrx_word' id='word_1_260' title='bbox 630 2717 783 2762; x_wconf 86' lang='lat' dir='ltr'><strong>Guelf.</strong></span> <span class='ocrx_word' id='word_1_261' title='bbox 805 2720 957 2774; x_wconf 82' lang='lat' dir='ltr'><strong>facti-</strong></span> 
     </span>
    </p>
   </div>
   <div class='ocr_carea' id='block_1_13' title="bbox 72 2783 234 2819">
    <p class='ocr_par' dir='ltr' id='par_1_14' title="bbox 72 2783 234 2819">
     <span class='ocr_line' id='line_1_43' title="bbox 72 2783 234 2819; baseline -0.006 0"><span class='ocrx_word' id='word_1_262' title='bbox 72 2783 234 2819; x_wconf 81' lang='lat' dir='ltr'><strong>tatem.</strong></span> 
     </span>
    </p>
   </div>
   <div class='ocr_carea' id='block_1_14' title="bbox 73 2859 957 2967">
    <p class='ocr_par' dir='ltr' id='par_1_15' title="bbox 73 2859 957 2967">
     <span class='ocr_line' id='line_1_44' title="bbox 127 2859 957 2918; baseline 0.001 -15"><span class='ocrx_word' id='word_1_263' title='bbox 127 2860 350 2903; x_wconf 79' lang='lat' dir='ltr'><strong>sinerent.</strong></span> <span class='ocrx_word' id='word_1_264' title='bbox 401 2859 484 2903; x_wconf 82' lang='lat' dir='ltr'><strong>Ed.</strong></span> <span class='ocrx_word' id='word_1_265' title='bbox 507 2859 626 2918; x_wconf 84' lang='lat' dir='ltr'><strong>Spir.</strong></span> <span class='ocrx_word' id='word_1_266' title='bbox 651 2861 842 2904; x_wconf 84' lang='lat' dir='ltr'><strong>sineret.</strong></span> <span class='ocrx_word' id='word_1_267' title='bbox 887 2861 957 2904; x_wconf 88' lang='lat' dir='ltr'><strong>De</strong></span> 
     </span>
     <span class='ocr_line' id='line_1_45' title="bbox 73 2917 899 2967; baseline 0 -4"><span class='ocrx_word' id='word_1_268' title='bbox 73 2918 215 2966; x_wconf 79' lang='lat' dir='ltr'><strong>verbo</strong></span> <span class='ocrx_word' id='word_1_269' title='bbox 238 2920 422 2961; x_wconf 79' lang='lat' dir='ltr'><strong>eludere</strong></span> <span class='ocrx_word' id='word_1_270' title='bbox 453 2917 511 2961; x_wconf 88' lang='lat' dir='ltr'><strong>cf.</strong></span> <span class='ocrx_word' id='word_1_271' title='bbox 535 2926 633 2960; x_wconf 79' lang='lat' dir='ltr'><strong>not.</strong></span> <span class='ocrx_word' id='word_1_272' title='bbox 659 2918 715 2961; x_wconf 81' lang='lat' dir='ltr'><strong>ad</strong></span> <span class='ocrx_word' id='word_1_273' title='bbox 743 2919 808 2967; x_wconf 76' lang='lat'><strong>14,</strong></span> <span class='ocrx_word' id='word_1_274' title='bbox 829 2920 899 2963; x_wconf 78' lang='lat'><strong>62.</strong></span> 
     </span>
    </p>
   </div>
   <div class='ocr_carea' id='block_1_15' title="bbox 69 3004 958 3519">
    <p class='ocr_par' dir='ltr' id='par_1_16' title="bbox 69 3004 958 3519">
     <span class='ocr_line' id='line_1_46' title="bbox 126 3004 958 3059; baseline 0.001 -14"><span class='ocrx_word' id='word_1_275' title='bbox 126 3005 357 3059; x_wconf 79' lang='lat' dir='ltr'><strong>requirere</strong></span> <span class='ocrx_word' id='word_1_276' title='bbox 389 3019 436 3045; x_wconf 88' lang='lat' dir='ltr'><strong>se</strong></span> <span class='ocrx_word' id='word_1_277' title='bbox 468 3004 515 3044; x_wconf 83' lang='lat' dir='ltr'><strong>in</strong></span> <span class='ocrx_word' id='word_1_278' title='bbox 544 3009 711 3044; x_wconf 82' lang='lat' dir='ltr'><strong>senatu</strong></span> <span class='ocrx_word' id='word_1_279' title='bbox 732 3010 814 3046; x_wconf 83' lang='lat' dir='ltr'><strong>etc.</strong></span> <span class='ocrx_word' id='word_1_280' title='bbox 886 3004 958 3046; x_wconf 84' lang='lat' dir='ltr'><strong>Pi-</strong></span> 
     </span>
     <span class='ocr_line' id='line_1_47' title="bbox 70 3060 957 3114; baseline 0 -10"><span class='ocrx_word' id='word_1_281' title='bbox 70 3061 207 3104; x_wconf 79' lang='lat' dir='ltr'><strong>chena</strong></span> <span class='ocrx_word' id='word_1_282' title='bbox 231 3069 273 3103; x_wconf 85' lang='lat' dir='ltr'><strong>et</strong></span> <span class='ocrx_word' id='word_1_283' title='bbox 298 3060 527 3103; x_wconf 82' lang='lat' dir='ltr'><strong>Ernestius</strong></span> <span class='ocrx_word' id='word_1_284' title='bbox 549 3061 783 3114; x_wconf 79' lang='lat' dir='ltr'><strong>requirere</strong></span> <span class='ocrx_word' id='word_1_285' title='bbox 810 3077 860 3104; x_wconf 77' lang='lat' dir='ltr'><strong>se</strong></span> <span class='ocrx_word' id='word_1_286' title='bbox 889 3077 957 3104; x_wconf 87' lang='lat' dir='ltr'><strong>ac-</strong></span> 
     </span>
     <span class='ocr_line' id='line_1_48' title="bbox 69 3118 958 3176; baseline -0.001 -15"><span class='ocrx_word' id='word_1_287' title='bbox 69 3118 241 3176; x_wconf 86' lang='lat' dir='ltr'><strong>cipiunt</strong></span> <span class='ocrx_word' id='word_1_288' title='bbox 273 3134 355 3176; x_wconf 86' lang='lat' dir='ltr'><strong>pro</strong></span> <span class='ocrx_word' id='word_1_289' title='bbox 388 3119 713 3174; x_wconf 79' lang='lat' dir='ltr'><strong>requisiturum</strong></span> <span class='ocrx_word' id='word_1_290' title='bbox 740 3133 788 3161; x_wconf 81' lang='lat' dir='ltr'><strong>se</strong></span> <span class='ocrx_word' id='word_1_291' title='bbox 813 3119 870 3160; x_wconf 85' lang='lat' dir='ltr'><strong>ob</strong></span> <span class='ocrx_word' id='word_1_292' title='bbox 895 3135 958 3160; x_wconf 89' lang='lat' dir='ltr'><strong>se-</strong></span> 
     </span>
     <span class='ocr_line' id='line_1_49' title="bbox 71 3175 957 3232; baseline 0.001 -16"><span class='ocrx_word' id='word_1_293' title='bbox 71 3191 212 3232; x_wconf 84' lang='lat' dir='ltr'><strong>quens</strong></span> <span class='ocrx_word' id='word_1_294' title='bbox 250 3175 497 3217; x_wconf 77' lang='lat' dir='ltr'><strong>induisset.</strong></span> <span class='ocrx_word' id='word_1_295' title='bbox 565 3175 701 3218; x_wconf 84' lang='lat' dir='ltr'><strong>Male.</strong></span> <span class='ocrx_word' id='word_1_296' title='bbox 772 3176 957 3218; x_wconf 75' lang='lat' dir='ltr'><strong>Senten-</strong></span> 
     </span>
     <span class='ocr_line' id='line_1_50' title="bbox 73 3233 957 3290; baseline 0.001 -16"><span class='ocrx_word' id='word_1_297' title='bbox 73 3236 128 3275; x_wconf 78' lang='lat' dir='ltr'><strong>tia</strong></span> <span class='ocrx_word' id='word_1_298' title='bbox 151 3241 236 3275; x_wconf 89' lang='lat' dir='ltr'><strong>est:</strong></span> <span class='ocrx_word' id='word_1_299' title='bbox 269 3240 475 3290; x_wconf 88' lang='lat' dir='ltr'><strong>oportere</strong></span> <span class='ocrx_word' id='word_1_300' title='bbox 501 3233 781 3276; x_wconf 79' lang='lat' dir='ltr'><strong>consularem</strong></span> <span class='ocrx_word' id='word_1_301' title='bbox 810 3233 957 3275; x_wconf 69' lang='lat' dir='ltr'><strong>adosse</strong></span> 
     </span>
     <span class='ocr_line' id='line_1_51' title="bbox 69 3289 955 3334; baseline 0.002 -3"><span class='ocrx_word' id='word_1_302' title='bbox 69 3290 115 3332; x_wconf 87' lang='lat' dir='ltr'><strong>in</strong></span> <span class='ocrx_word' id='word_1_303' title='bbox 143 3300 298 3333; x_wconf 82' lang='lat' dir='ltr'><strong>senatu</strong></span> <span class='ocrx_word' id='word_1_304' title='bbox 323 3298 409 3332; x_wconf 85' lang='lat' dir='ltr'><strong>etc.</strong></span> <span class='ocrx_word' id='word_1_305' title='bbox 441 3305 525 3331; x_wconf 84' lang='lat' dir='ltr'><strong>nec</strong></span> <span class='ocrx_word' id='word_1_306' title='bbox 546 3289 786 3334; x_wconf 80' lang='lat' dir='ltr'><strong>Thraseam</strong></span> <span class='ocrx_word' id='word_1_307' title='bbox 809 3290 955 3333; x_wconf 80' lang='lat' dir='ltr'><strong>officia</strong></span> 
     </span>
     <span class='ocr_line' id='line_1_52' title="bbox 73 3345 956 3397; baseline 0 -8"><span class='ocrx_word' id='word_1_308' title='bbox 73 3362 148 3390; x_wconf 84' lang='lat' dir='ltr'><strong>sua</strong></span> <span class='ocrx_word' id='word_1_309' title='bbox 183 3347 465 3391; x_wconf 74' lang='lat' dir='ltr'><strong>deserturum</strong></span> <span class='ocrx_word' id='word_1_310' title='bbox 493 3345 649 3397; x_wconf 79' lang='lat' dir='ltr'><strong>fuisse,</strong></span> <span class='ocrx_word' id='word_1_311' title='bbox 681 3347 764 3390; x_wconf 89' lang='lat' dir='ltr'><strong>nisi</strong></span> <span class='ocrx_word' id='word_1_312' title='bbox 789 3379 800 3391; x_wconf 87' lang='lat'><strong>.</strong></span> <span class='ocrx_word' id='word_1_313' title='bbox 820 3379 831 3390; x_wconf 89' lang='lat'><strong>.</strong></span> <span class='ocrx_word' id='word_1_314' title='bbox 848 3381 858 3390; x_wconf 89' lang='lat'><strong>.</strong></span> <span class='ocrx_word' id='word_1_315' title='bbox 883 3350 956 3390; x_wconf 86' lang='lat' dir='ltr'><strong>in—</strong></span> 
     </span>
     <span class='ocr_line' id='line_1_53' title="bbox 73 3403 958 3462; baseline 0.003 -16"><span class='ocrx_word' id='word_1_316' title='bbox 73 3403 250 3448; x_wconf 79' lang='lat' dir='ltr'><strong>duisset.</strong></span> <span class='ocrx_word' id='word_1_317' title='bbox 308 3404 485 3448; x_wconf 85' lang='lat' dir='ltr'><strong>Etenim</strong></span> <span class='ocrx_word' id='word_1_318' title='bbox 518 3411 582 3446; x_wconf 81' lang='lat' dir='ltr'><strong>est</strong></span> <span class='ocrx_word' id='word_1_319' title='bbox 616 3404 690 3447; x_wconf 76' lang='lat' dir='ltr'><strong>hie</strong></span> <span class='ocrx_word' id='word_1_320' title='bbox 715 3406 958 3462; x_wconf 79' lang='lat' dir='ltr'><strong>particulae</strong></span> 
     </span>
     <span class='ocr_line' id='line_1_54' title="bbox 72 3460 955 3519; baseline 0.003 -16"><span class='ocrx_word' id='word_1_321' title='bbox 72 3464 165 3505; x_wconf 71' lang='lat' dir='ltr'><strong>nt&#39;sae‘</strong></span> <span class='ocrx_word' id='word_1_322' title='bbox 194 3462 345 3505; x_wconf 85' lang='lat' dir='ltr'><strong>eadem</strong></span> <span class='ocrx_word' id='word_1_323' title='bbox 380 3460 521 3509; x_wconf 85' lang='lat' dir='ltr'><strong>ratio.</strong></span> <span class='ocrx_word' id='word_1_324' title='bbox 562 3460 615 3503; x_wconf 80' lang='lat' dir='ltr'><strong>de</strong></span> <span class='ocrx_word' id='word_1_325' title='bbox 653 3477 738 3519; x_wconf 86' lang='lat' dir='ltr'><strong>qua</strong></span> <span class='ocrx_word' id='word_1_326' title='bbox 768 3463 955 3507; x_wconf 76' lang='lat' dir='ltr'><strong>diximus</strong></span> 
     </span>
    </p>
   </div>
   <div class='ocr_carea' id='block_1_16' title="bbox 73 3512 673 3571">
    <p class='ocr_par' dir='ltr' id='par_1_17' title="bbox 73 3512 673 3571">
     <span class='ocr_line' id='line_1_55' title="bbox 73 3512 673 3571; baseline 0 -9"><span class='ocrx_word' id='word_1_327' title='bbox 73 3519 126 3562; x_wconf 79' lang='lat' dir='ltr'><strong>ad</strong></span> <span class='ocrx_word' id='word_1_328' title='bbox 156 3522 193 3571; x_wconf 77' lang='lat'><strong>1.</strong></span> <span class='ocrx_word' id='word_1_329' title='bbox 214 3519 284 3564; x_wconf 77' lang='grc'><strong>35.</strong></span> <span class='ocrx_word' id='word_1_330' title='bbox 317 3520 359 3568; x_wconf 81' lang='grc'><strong>4,</strong></span> <span class='ocrx_word' id='word_1_331' title='bbox 382 3519 452 3563; x_wconf 80' lang='grc'><strong>64.</strong></span> <span class='ocrx_word' id='word_1_332' title='bbox 479 3529 522 3563; x_wconf 85' lang='lat' dir='ltr'><strong>et</strong></span> <span class='ocrx_word' id='word_1_333' title='bbox 552 3512 673 3562; x_wconf 73' lang='lat' dir='ltr'><strong>alibi.</strong></span> 
     </span>
    </p>
   </div>
   <div class='ocr_carea' id='block_1_17' title="bbox 1028 2453 1952 3338">
    <p class='ocr_par' dir='ltr' id='par_1_18' title="bbox 1028 2453 1952 2952">
     <span class='ocr_line' id='line_1_56' title="bbox 1029 2453 1952 2516; baseline 0.013 -27"><span class='ocrx_word' id='word_1_334' title='bbox 1029 2457 1280 2492; x_wconf 76' lang='lat' dir='ltr'><strong>senatorem</strong></span> <span class='ocrx_word' id='word_1_335' title='bbox 1312 2459 1435 2508; x_wconf 71' lang='lat' dir='ltr'><strong>agat,</strong></span> <span class='ocrx_word' id='word_1_336' title='bbox 1477 2453 1602 2496; x_wconf 87' lang='lat' dir='ltr'><strong>cuius</strong></span> <span class='ocrx_word' id='word_1_337' title='bbox 1625 2453 1682 2496; x_wconf 87' lang='lat' dir='ltr'><strong>sit</strong></span> <span class='ocrx_word' id='word_1_338' title='bbox 1707 2456 1920 2516; x_wconf 76' lang='lat' dir='ltr'><strong>principis</strong></span> <span class='ocrx_word' id='word_1_339' title='bbox 1939 2505 1952 2509; x_wconf 55' lang='lat'><em>„</em></span> 
     </span>
     <span class='ocr_line' id='line_1_57' title="bbox 1030 2506 1921 2562; baseline 0.012 -15"><span class='ocrx_word' id='word_1_340' title='bbox 1030 2506 1351 2550; x_wconf 76' lang='lat' dir='ltr'><strong>obtrectatores</strong></span> <span class='ocrx_word' id='word_1_341' title='bbox 1369 2509 1537 2562; x_wconf 85' lang='lat' dir='ltr'><strong>odisse,</strong></span> <span class='ocrx_word' id='word_1_342' title='bbox 1566 2521 1608 2554; x_wconf 89' lang='lat' dir='ltr'><strong>et</strong></span> <span class='ocrx_word' id='word_1_343' title='bbox 1631 2511 1921 2559; x_wconf 76' lang='lat' dir='ltr'><strong>nihilominus</strong></span> 
     </span>
     <span class='ocr_line' id='line_1_58' title="bbox 1029 2562 1916 2625; baseline 0.015 -21"><span class='ocrx_word' id='word_1_344' title='bbox 1029 2562 1130 2605; x_wconf 83' lang='lat' dir='ltr'><strong>illos</strong></span> <span class='ocrx_word' id='word_1_345' title='bbox 1153 2572 1382 2621; x_wconf 82' lang='lat' dir='ltr'><strong>protegat.</strong></span> <span class='ocrx_word' id='word_1_346' title='bbox 1455 2566 1629 2625; x_wconf 87' lang='lat' dir='ltr'><strong>Copula</strong></span> <span class='ocrx_word' id='word_1_347' title='bbox 1663 2578 1706 2611; x_wconf 78' lang='lat' dir='ltr'><strong>et</strong></span> <span class='ocrx_word' id='word_1_348' title='bbox 1738 2571 1810 2615; x_wconf 89' lang='lat' dir='ltr'><strong>hic</strong></span> <span class='ocrx_word' id='word_1_349' title='bbox 1842 2582 1916 2616; x_wconf 49' lang='lat' dir='ltr'><strong>ea*</strong></span> 
     </span>
     <span class='ocr_line' id='line_1_59' title="bbox 1030 2620 1914 2683; baseline 0.015 -21"><span class='ocrx_word' id='word_1_350' title='bbox 1030 2620 1133 2662; x_wconf 87' lang='lat' dir='ltr'><strong>dem</strong></span> <span class='ocrx_word' id='word_1_351' title='bbox 1167 2621 1307 2664; x_wconf 84' lang='lat' dir='ltr'><strong>utitur</strong></span> <span class='ocrx_word' id='word_1_352' title='bbox 1342 2622 1537 2675; x_wconf 84' lang='lat' dir='ltr'><strong>ratione,</strong></span> <span class='ocrx_word' id='word_1_353' title='bbox 1579 2642 1664 2683; x_wconf 86' lang='lat' dir='ltr'><strong>qua</strong></span> <span class='ocrx_word' id='word_1_354' title='bbox 1693 2637 1756 2670; x_wconf 81' lang='lat' dir='ltr'><strong>est</strong></span> <span class='ocrx_word' id='word_1_355' title='bbox 1782 2636 1819 2678; x_wconf 90' lang='lat'><strong>1,</strong></span> <span class='ocrx_word' id='word_1_356' title='bbox 1846 2622 1914 2675; x_wconf 73' lang='lat'><strong>1‘3.</strong></span> 
     </span>
     <span class='ocr_line' id='line_1_60' title="bbox 1029 2677 1918 2731; baseline 0.015 -13"><span class='ocrx_word' id='word_1_357' title='bbox 1029 2677 1075 2720; x_wconf 86' lang='lat' dir='ltr'><strong>in</strong></span> <span class='ocrx_word' id='word_1_358' title='bbox 1106 2681 1298 2720; x_wconf 69' lang='lat' dir='ltr'><strong>avidum</strong></span> <span class='ocrx_word' id='word_1_359' title='bbox 1332 2688 1376 2721; x_wconf 83' lang='lat' dir='ltr'><strong>et</strong></span> <span class='ocrx_word' id='word_1_360' title='bbox 1411 2683 1655 2725; x_wconf 81' lang='lat' dir='ltr'><strong>minorem.</strong></span> <span class='ocrx_word' id='word_1_361' title='bbox 1727 2685 1826 2730; x_wconf 89' lang='lat' dir='ltr'><strong>Vid.</strong></span> <span class='ocrx_word' id='word_1_362' title='bbox 1858 2689 1918 2731; x_wconf 81' lang='lat' dir='ltr'><strong>ibi</strong></span> 
     </span>
     <span class='ocr_line' id='line_1_61' title="bbox 1030 2736 1917 2799; baseline 0.015 -23"><span class='ocrx_word' id='word_1_363' title='bbox 1030 2743 1125 2799; x_wconf 68' lang='lat' dir='ltr'><strong>not.</strong></span> <span class='ocrx_word' id='word_1_364' title='bbox 1184 2736 1218 2777; x_wconf 92' lang='lat'><strong>1.</strong></span> <span class='ocrx_word' id='word_1_365' title='bbox 1243 2737 1318 2779; x_wconf 79' lang='lat' dir='ltr'><strong>Fr.</strong></span> <span class='ocrx_word' id='word_1_366' title='bbox 1340 2736 1604 2787; x_wconf 77' lang='lat' dir='ltr'><strong>Gronovius</strong></span> <span class='ocrx_word' id='word_1_367' title='bbox 1624 2740 1787 2786; x_wconf 78' lang='lat' dir='ltr'><strong>frustra</strong></span> <span class='ocrx_word' id='word_1_368' title='bbox 1811 2762 1917 2788; x_wconf 89' lang='lat' dir='ltr'><strong>con-</strong></span> 
     </span>
     <span class='ocr_line' id='line_1_62' title="bbox 1028 2791 1917 2854; baseline 0.015 -22"><span class='ocrx_word' id='word_1_369' title='bbox 1028 2791 1156 2835; x_wconf 74' lang='lat' dir='ltr'><strong>iecit:</strong></span> <span class='ocrx_word' id='word_1_370' title='bbox 1208 2795 1404 2850; x_wconf 82' lang='lat' dir='ltr'><strong>denique</strong></span> <span class='ocrx_word' id='word_1_371' title='bbox 1457 2812 1598 2849; x_wconf 78' lang='lat' dir='ltr'><strong>agere</strong></span> <span class='ocrx_word' id='word_1_372' title='bbox 1638 2811 1917 2854; x_wconf 80' lang='lat' dir='ltr'><strong>senatorem,</strong></span> 
     </span>
     <span class='ocr_line' id='line_1_63' title="bbox 1030 2852 1918 2916; baseline 0.016 -26"><span class='ocrx_word' id='word_1_373' title='bbox 1030 2857 1079 2890; x_wconf 78' lang='lat' dir='ltr'><strong>uc</strong></span> <span class='ocrx_word' id='word_1_374' title='bbox 1108 2852 1332 2916; x_wconf 57' lang='lat' dir='ltr'><strong>nrincz&#39;pis</strong></span> <span class='ocrx_word' id='word_1_375' title='bbox 1359 2868 1400 2893; x_wconf 86' lang='lat' dir='ltr'><strong>o.</strong></span> <span class='ocrx_word' id='word_1_376' title='bbox 1423 2862 1710 2908; x_wconf 72' lang='lat' dir='ltr'><strong>protegeret,</strong></span> <span class='ocrx_word' id='word_1_377' title='bbox 1739 2863 1918 2914; x_wconf 74' lang='lat' dir='ltr'><strong>solitus,</strong></span> 
     </span>
     <span class='ocr_line' id='line_1_64' title="bbox 1033 2915 1321 2952; baseline 0.007 -4"><span class='ocrx_word' id='word_1_378' title='bbox 1033 2915 1212 2949; x_wconf 76' lang='lat' dir='ltr'><strong>uentret</strong></span> <span class='ocrx_word' id='word_1_379' title='bbox 1236 2917 1321 2952; x_wconf 84' lang='lat' dir='ltr'><strong>etc.</strong></span> 
     </span>
    </p>

    <p class='ocr_par' dir='ltr' id='par_1_19' title="bbox 1029 2981 1917 3095">
     <span class='ocr_line' id='line_1_65' title="bbox 1082 2981 1917 3042; baseline 0.012 -24"><span class='ocrx_word' id='word_1_380' title='bbox 1082 2981 1371 3036; x_wconf 65' lang='lat' dir='ltr'><strong>perlqtnros.</strong></span> <span class='ocrx_word' id='word_1_381' title='bbox 1442 2982 1523 3025; x_wconf 75' lang='lat' dir='ltr'><strong>Ed.</strong></span> <span class='ocrx_word' id='word_1_382' title='bbox 1559 2985 1672 3042; x_wconf 85' lang='lat' dir='ltr'><strong>Spir.</strong></span> <span class='ocrx_word' id='word_1_383' title='bbox 1702 2993 1917 3039; x_wconf 67' lang='lat' dir='ltr'><strong>prolatu-</strong></span> 
     </span>
     <span class='ocr_line' id='line_1_66' title="bbox 1029 3037 1874 3095; baseline 0.015 -18"><span class='ocrx_word' id='word_1_384' title='bbox 1029 3050 1125 3079; x_wconf 83' lang='lat' dir='ltr'><strong>ros.</strong></span> <span class='ocrx_word' id='word_1_385' title='bbox 1188 3037 1286 3079; x_wconf 81' lang='lat' dir='ltr'><strong>MS.</strong></span> <span class='ocrx_word' id='word_1_386' title='bbox 1309 3037 1460 3082; x_wconf 83' lang='lat' dir='ltr'><strong>Guelf.</strong></span> <span class='ocrx_word' id='word_1_387' title='bbox 1485 3045 1769 3095; x_wconf 64' lang='lat' dir='ltr'><strong>pre-laturos.</strong></span> <span class='ocrx_word' id='word_1_388' title='bbox 1871 3057 1874 3062; x_wconf 89' lang='lat'>&#39;</span> 
     </span>
    </p>

    <p class='ocr_par' dir='ltr' id='par_1_20' title="bbox 1029 3108 1916 3338">
     <span class='ocr_line' id='line_1_67' title="bbox 1086 3108 1916 3173; baseline 0.022 -27"><span class='ocrx_word' id='word_1_389' title='bbox 1086 3108 1419 3161; x_wconf 79' lang='lat' dir='ltr'><strong>increpantem.</strong></span> <span class='ocrx_word' id='word_1_390' title='bbox 1502 3113 1601 3156; x_wconf 75' lang='lat' dir='ltr'><strong>MS.</strong></span> <span class='ocrx_word' id='word_1_391' title='bbox 1638 3115 1761 3159; x_wconf 81' lang='lat' dir='ltr'><strong>Flor.</strong></span> <span class='ocrx_word' id='word_1_392' title='bbox 1802 3120 1916 3173; x_wconf 83' lang='lat' dir='ltr'><strong>(test.</strong></span> 
     </span>
     <span class='ocr_line' id='line_1_68' title="bbox 1032 3162 1913 3234; baseline 0.019 -34"><span class='ocrx_word' id='word_1_393' title='bbox 1032 3162 1167 3220; x_wconf 78' lang='lat' dir='ltr'><strong>vict.)</strong></span> <span class='ocrx_word' id='word_1_394' title='bbox 1202 3165 1546 3221; x_wconf 73' lang='lat' dir='ltr'><strong>increpatimn;</strong></span> <span class='ocrx_word' id='word_1_395' title='bbox 1590 3172 1657 3214; x_wconf 90' lang='lat' dir='ltr'><strong>ed.</strong></span> <span class='ocrx_word' id='word_1_396' title='bbox 1687 3174 1804 3234; x_wconf 84' lang='lat' dir='ltr'><strong>Spir.</strong></span> <span class='ocrx_word' id='word_1_397' title='bbox 1839 3180 1913 3220; x_wconf 70' lang='lat' dir='ltr'><strong>in-</strong></span> 
     </span>
     <span class='ocr_line' id='line_1_69' title="bbox 1029 3224 1916 3285; baseline 0.024 -24"><span class='ocrx_word' id='word_1_398' title='bbox 1029 3224 1330 3280; x_wconf 71' lang='lat' dir='ltr'><strong>crepantium.</strong></span> <span class='ocrx_word' id='word_1_399' title='bbox 1432 3226 1674 3285; x_wconf 79' lang='lat' dir='ltr'><strong>Vulgatmn</strong></span> <span class='ocrx_word' id='word_1_400' title='bbox 1734 3243 1916 3282; x_wconf 74' lang='lat' dir='ltr'><strong>tuentur</strong></span> 
     </span>
     <span class='ocr_line' id='line_1_70' title="bbox 1029 3279 1802 3338; baseline 0.018 -17"><span class='ocrx_word' id='word_1_401' title='bbox 1029 3279 1129 3322; x_wconf 83' lang='lat' dir='ltr'><strong>edd.</strong></span> <span class='ocrx_word' id='word_1_402' title='bbox 1157 3279 1253 3322; x_wconf 84' lang='lat' dir='ltr'><strong>Pnt.</strong></span> <span class='ocrx_word' id='word_1_403' title='bbox 1277 3297 1371 3338; x_wconf 82' lang='lat' dir='ltr'><strong>sqq.</strong></span> <span class='ocrx_word' id='word_1_404' title='bbox 1397 3292 1501 3328; x_wconf 85' lang='lat' dir='ltr'><strong>cum</strong></span> <span class='ocrx_word' id='word_1_405' title='bbox 1524 3287 1623 3330; x_wconf 84' lang='lat' dir='ltr'><strong>cod.</strong></span> <span class='ocrx_word' id='word_1_406' title='bbox 1648 3286 1802 3336; x_wconf 79' lang='lat' dir='ltr'><strong>Guelf.</strong></span> 
     </span>
    </p>
   </div>
   <div class='ocr_carea' id='block_1_18' title="bbox 1082 3352 1916 3417">
    <p class='ocr_par' dir='ltr' id='par_1_21' title="bbox 1082 3352 1916 3417">
     <span class='ocr_line' id='line_1_71' title="bbox 1082 3352 1916 3417; baseline 0.024 -28"><span class='ocrx_word' id='word_1_407' title='bbox 1082 3365 1246 3403; x_wconf 76' lang='lat' dir='ltr'><strong>pacem</strong></span> <span class='ocrx_word' id='word_1_408' title='bbox 1273 3352 1357 3394; x_wconf 78' lang='lat' dir='ltr'><strong>illi.</strong></span> <span class='ocrx_word' id='word_1_409' title='bbox 1414 3353 1494 3397; x_wconf 82' lang='lat' dir='ltr'><strong>Ed.</strong></span> <span class='ocrx_word' id='word_1_410' title='bbox 1525 3357 1643 3414; x_wconf 82' lang='lat' dir='ltr'><strong>Spir.</strong></span> <span class='ocrx_word' id='word_1_411' title='bbox 1671 3366 1802 3415; x_wconf 71' lang='lat' dir='ltr'><strong>pacis</strong></span> <span class='ocrx_word' id='word_1_412' title='bbox 1831 3370 1916 3417; x_wconf 78' lang='lat' dir='ltr'><strong>illi.</strong></span> 
     </span>
    </p>
   </div>
   <div class='ocr_carea' id='block_1_19' title="bbox 1031 3406 1916 3507">
    <p class='ocr_par' dir='ltr' id='par_1_22' title="bbox 1031 3406 1916 3507">
     <span class='ocr_line' id='line_1_72' title="bbox 1031 3406 1916 3506; baseline 0.021 -59"><span class='ocrx_word' id='word_1_413' title='bbox 1031 3406 1195 3506; x_wconf 42' lang='lat' dir='ltr'><strong>&amp;adelini</strong></span> <span class='ocrx_word' id='word_1_414' title='bbox 1228 3425 1352 3453; x_wconf 76' lang='lat' dir='ltr'><strong>mox:</strong></span> <span class='ocrx_word' id='word_1_415' title='bbox 1389 3427 1477 3464; x_wconf 77' lang='lat' dir='ltr'><strong>pro</strong></span> <span class='ocrx_word' id='word_1_416' title='bbox 1499 3417 1801 3464; x_wconf 80' lang='lat' dir='ltr'><strong>sollicitudine</strong></span> <span class='ocrx_word' id='word_1_417' title='bbox 1829 3427 1916 3466; x_wconf 82' lang='grc' dir='ltr'><em>Ιια-</em></span> 
     </span>
     <span class='ocr_line' id='line_1_73' title="bbox 1060 3479 1170 3507; baseline 0.009 -1"><span class='ocrx_word' id='word_1_418' title='bbox 1060 3479 1135 3506; x_wconf 84' lang='lat' dir='ltr'><strong>ere</strong></span> <span class='ocrx_word' id='word_1_419' title='bbox 1158 3493 1170 3507; x_wconf 91' lang='lat'><strong>.</strong></span> 
     </span>
    </p>
   </div>
   <div class='ocr_carea' id='block_1_20' title="bbox 1090 3522 1914 3592">
    <p class='ocr_par' dir='ltr' id='par_1_23' title="bbox 1090 3522 1914 3592">
     <span class='ocr_line' id='line_1_74' title="bbox 1090 3522 1914 3592; baseline 0.027 -30"><span class='ocrx_word' id='word_1_420' title='bbox 1090 3530 1332 3570; x_wconf 76' lang='lat' dir='ltr'><strong>maestum.</strong></span> <span class='ocrx_word' id='word_1_421' title='bbox 1395 3527 1494 3572; x_wconf 66' lang='grc' dir='ltr'><strong>Μδ.</strong></span> <span class='ocrx_word' id='word_1_422' title='bbox 1522 3527 1658 3578; x_wconf 77' lang='lat' dir='ltr'><strong>Corb.</strong></span> <span class='ocrx_word' id='word_1_423' title='bbox 1678 3522 1914 3592; x_wconf 63' lang='lat' dir='ltr'><strong>infestum}</strong></span> 
     </span>
    </p>
   </div>
  </div>
 </body>
</html>
