2164 3990
1746 198 1867 236 mu.
1881 200 1966 236 διδ.
2040 235 2041 238 ,

1745 243 1860 281 A.'C.
1902 243 1968 279 6³.

203 209 326 268 316
866 200 1379 265 ANNALIUM

150 361 153 369 ¹
199 335 434 413 templis
475 346 759 396 statuunt.
845 334 967 392 itur
1005 333 1281 391 etiamen
1310 333 1607 410 ‘sprincipis
1643 336 1855 391 ‘laudes
1887 352 2058 410 repe·-

199 424 376 482 titum
398 423 827 479 venerantium.
915 419 1151 494 iamque
1176 429 1232 476 et
1256 421 1544 496 palatium
1578 419 1974 479 multitudine,
1997 426 2057 477 e't

201 507 558 567 clamoribus
591 505 991 580 complebant,
1034 524 1171 560 cum
1206 500 1402 560 emissi
1435 505 1695 562 militum
1726 485 1889 578 g³lobi
1922 525 2057 561 ver-

199 594 440 652 beribus
479 603 537 649 et
576 593 803 659 intento
842 590 998 645 ferro
1039 589 1276 645 turbam
1313 590 1611 650 disiecere.
1696 601 2057 666 mutataque,
2080 574 2093 582 ⁸

201 696 350 757 quae
376 698 483 754 per
506 676 854 734 seditionem
881 684 1208 744 verterant,
1249 685 1307 731 et
1328 673 1631 751 Poppaeae
1660 672 1853 731 honos
1877 694 2056 750 repo-

201 766 345 822 situs
370 775 473 824 est.
561 759 729 834 Quae
746 778 982 835 semper
1004 759 1142 815 odio
1159 803 1175 830 ‚
1213 771 1342 817 tum
1368 771 1425 817 et
1445 772 1607 818 metu
1627 751 1821 831 atrox,
1858 779 1934 816 ne
1954 770 2058 823 aut

254 960 349 1002 itur
390 955 531 998 etiam
571 951 620 994 in
653 950 877 1006 prineipt‘s
917 951 1086 993 laudes
1163 952 1426 995 coniectura
1452 953 1550 995 iam
1574 958 1618 994 et
1643 955 1837 999 rumare
1867 952 2056 996 senium

197 1015 446 1070 repetitum
469 1010 806 1055 venerantium.
866 1008 942 1051 Sic
960 1009 1092 1050 MSS.
1167 1010 1346 1053 Galbae
1369 1016 1413 1051 et
1436 1010 1680 1052 iuventam
1704 1007 1899 1052 Othonis
1927 1023 2057 1051 com-

197 1075 322 1120 Flor.
353 1074 473 1137 (test.
498 1067 616 1111 Viet.
645 1083 685 1110 c.
711 1066 792 1121 al.)
815 1065 929 1132 Rud.
952 1063 1092 1107 Corh.
1159 1070 1445 1123 putantium.
1518 1065 1628 1109 Hist.
1660 1066 1703 1117 2,
1734 1065 1804 1108 21.
1843 1062 2056 1108 diversae

196 1129 440 1184 eddxspnn
463 1125 607 1170 Rhen.
631 1139 731 1182 sqq.
747 1147 805 1156 --
829 1131 928 1165 ltur'
949 1124 1092 1164 etiam
1164 1127 1517 1168 exhortationes
1551 1155 1562 1168 .
1590 1155 1600 1168 .
1628 1153 1640 1166 .
1667 1154 1680 1168 .
1718 1123 2056 1166 attollendum.

198 1191 247 1233 in
276 1185 498 1244 principis
521 1186 699 1226 laudes.
739 1183 986 1237 repetitum
1015 1196 1094 1222 ve-
1163 1183 1253 1225 An.
1277 1184 1320 1231 2,
1348 1185 1386 1226 1,
1420 1190 1585 1225 cuncta
1607 1182 1929 1223 venerantium
1949 1180 2055 1238 ‹ffi-

196 1253 428 1290 nerantm·
478 1241 613 1285 MSS.
655 1238 782 1282 Harl.
831 1238 960 1281 Bodl.
1005 1237 1090 1280 les.
1162 1242 1247 1283 cia.
1311 1239 1415 1282 Vid.
1447 1240 1509 1282 ib.
1536 1237 1845 1282 not.Wolfii.
1902 1236 2057 1279 Ferre·

198 1302 351 1348 Guelf.
383 1299 483 1344 edd.
519 1300 620 1342 Put.
651 1298 718 1340 M.
740 1306 783 1340 et
803 1295 859 1340 V.
881 1293 1089 1350 Beroald.

184 1361 298 1413 „Ala
348 1387 407 1396 --
475 1358 570 1400 itur
605 1356 748 1398 etiam
783 1355 831 1396 in
863 1352 1090 1408 principis

195 1422 363 1463 laudes
383 1449 396 1468 ‚
465 1414 708 1468 ampetitur
768 1411 1091 1453 venerantibus

194 1477 298 1522 MS.
322 1477 427 1533 Agr.
455 1481 497 1516 et
517 1471 621 1514 inde
642 1466 899 1528 edd.Ryel‹.
923 1467 1090 1510 etBro-

194 1534 311 1580 terii.
405 1531 535 1588 Quae
597 1537 803 1573 veterum
867 1525 1090 1568 librorum

191 1593 324 1636 verba
348 1605 489 1648 quum
522 1586 626 1629 viris
661 1585 805 1627 doctis
837 1598 931 1627 non
967 1581 1090 1624 satis·

193 1650 418 1699 facerent,
451 1644 594 1687 variae
617 1658 843 1686 accessere
867 1639 1093 1683 coniectu-

195 1725 287 1752 rae.
370 1703 587 1748 Harlaeus
632 1699 836 1745 volebat:
895 1697 1093 1752 repetita

194 1765 509 1809 veneratione.
598 1757 810 1800 Grotius:
868 1755 1093 1810 repetitur

194 1822 432 1867 veneratio
468 1834 532 1862 se.
568 1818 772 1860 deorum.
841 1815 929 1856 lac.
966 1811 1091 1855 Gro-

195 1880 381 1926 novius:
407 1877 602 1933 repetitu
624 1872 973 1916 venerantium.
1022 1868 1091 1910 [0-

196 1940 282 1982 sias
303 1936 468 1979 Nerius
504 1933 653 1988 (Anal.
680 1933 718 1978 l,
744 1930 801 1985 5.)
840 1929 1091 1983 repetitum

194 2008 363 2040 venere
386 1992 597 2036 Antium.
656 1986 886 2029 Heinsius:
925 1984 1089 2039 repeti·

197 2061 300 2096 tam
350 2054 433 2106 (sc.
481 2045 739 2100 Octaviam)
789 2050 1092 2085 venerantur.

195 2109 311 2156 Edd.
337 2108 438 2165 Bip.
468 2113 510 2148 et
537 2104 637 2146 dein
662 2101 822 2144 Oberl.
853 2106 1094 2142 statuunt:

196 2167 446 2222 repetitam
473 2167 780 2206 venerantur.
839 2158 949 2199 Itur
974 2163 1017 2197 et
1045 2157 1094 2196 in

193 2223 420 2283 principis
473 2223 652 2263 laudes.
741 2216 944 2271 Iamque
1006 2221 1092 2256 etc.

197 2281 426 2327 Bekkerus
449 2274 676 2333 revocavit
696 2274 963 2331 scripturam
987 2269 1092 2314 eod.

197 2340 323 2389 Elor.
349 2336 451 2391 (nisi
475 2333 596 2394 quod
620 2349 667 2375 ex
693 2331 793 2374 edd.
816 2336 1004 2372 recentt.
1027 2343 1095 2369 re-

197 2399 310 2442 tinet
331 2403 375 2437 et
398 2409 482 2452 pro
504 2391 690 2445 etiam),
718 2403 854 2446 quam
877 2401 959 2443 ego
985 2401 1094 2442 quo-

199 2471 288 2515 que
318 2448 657 2512 praeferendam
692 2447 871 2489 censeo.
936 2443 1095 2495 Repe-

199 2523 300 2558 tere
331 2518 395 2554 est
423 2507 854 2557 wiedererlangen‚
897 2502 1099 2543 wieder-

198 2571 384 2616 suchen.
447 2565 505 2609 cf.
534 2566 572 2615 1,
595 2564 638 2604 8.
674 2560 905 2603 libertatis
928 2560 1098 2612 repeti-

201 2637 305 2681 tae;
360 2626 402 2678 6,
431 2623 502 2667 37.
546 2622 746 2675 repetita
775 2617 986 2660 amicitia
1019 2630 1100 2658 re-

199 2687 287 2741 gis.
322 2683 464 2742 Igitur
487 2681 732 2734 repetitum
755 2675 951 2731 intellige
975 2673 1099 2731 priu-

202 2743 376 2801 cipern‚
418 2738 494 2796 qui
531 2737 588 2779 ob
629 2733 868 2777 Octaviam
903 2746 1096 2776 revoca-

202 2810 292 2844 tam
329 2797 530 2842 redditus
566 2792 734 2860 populo
767 2789 836 2832 vel
868 2806 892 2833 a
957 2787 1096 2846 opulo

202 2857 416 2916 repetitus
461 2868 554 2896 esse
593 2850 843 2894 v1debatur.
953 2849 1099 2888 audes

203 2915 454 2970 repetitum
497 2908 823 2952 venerantium
861 2912 965 2948 sunt
998 2902 1097 2944 Lo-

203 2972 605 3023 beserhebungen,
659 2965 743 3006 mit
791 2965 943 3005 denen
986 2974 1099 3002 man

202 3032 329 3078 seine
399 3028 474 3068 W
472 3025 856 3076 iedererzangung
911 3018 1100 3075 fez'erte.

203 3087 318 3132 Nam
343 3085 408 3128 sic
426 3082 608 3126 Taeims
637 3088 819 3136 usurpat
854 3075 1099 3135 genitivum

185 3142 441 3204 participii.
513 3138 573 3183 ef.
608 3139 646 3190 1,
677 3136 749 3180 66.
797 3135 955 3177 Tanta
998 3133 1103 3174 inde

203 3198 525 3245 consternatio
567 3196 795 3250 inrupisse
835 3193 1104 3234 Germanos

206 3257 495 3307 credentium
544 3255 673 3309 <weil
715 3264 832 3293 man
877 3249 1101 3305 glaubte)‚

208 3323 258 3358 ut
290 3324 373 3357 etc.
427 3311 541 3356 Hist.
576 3313 616 3360 l,
647 3310 691 3353 4.
730 3308 861 3351 Finis
895 3305 1102 3349 Neronis

208 3379 259 3421 ut
291 3375 446 3413 laetus
476 3370 633 3424 primo
667 3367 977 3422 gaudentium
1011 3364 1102 3405 im-

205 3437 318 3492 petu
341 3427 541 3483 suerat,
583 3426 653 3468 ita
682 3434 792 3477 etex,
837 3422 949 3467 lbid.
987 3437 1028 3464 e.
1064 3420 1105 3461 5.

1162 1307 1232 1341 tus
1282 1297 1471 1340 verbum
1520 1297 1766 1351 repetitum
1815 1293 2058 1351 accipiebat

1139 1386 1142 1397 .
1162 1355 1217 1398 de
1240 1355 1405 1398 iteratis
1429 1353 1828 1398 acclamationibus
1839 1364 1858 1402 ,'
1884 1351 1938 1394 de
1961 1352 2057 1410 qui-

1161 1414 1244 1456 hus
1287 1412 1502 1454 videndus
1542 1410 1730 1454 Casaub.
1775 1408 1829 1451 ad
1862 1407 2057 1451 Vulcatii

1162 1469 1320 1514 Gallie.
1344 1469 1482 1515 Avid.
1511 1468 1630 1512 Cass.
1665 1484 1704 1510 c.
1730 1465 1797 1509 13.
1826 1474 1869 1509 et
1893 1465 2055 1524 Heynii

1152 1543 1372 1571 censura,
1397 1543 1468 1569 sex
1501 1526 1671 1583 scriptt.
1711 1523 1811 1567 hist.
1846 1523 1965 1580 Aug.
2007 1523 2054 1564 in

1165 1585 1380 1686 Blasstssiae
1402 1584 1591 1627 miscell.
1614 1576 1770 1641 philol.
1796 1580 1855 1624 T.
1879 1580 1914 1623 Ι.
1937 1579 1990 1623 P.
2012 1580 2055 1622 2.

1165 1660 1210 1701 p.
1324 1672 1336 1688 ·

1221 1714 1500 1756 verberibus.
1557 1710 1660 1754 MS.
1685 1707 1838 1765 Guelf.
1874 1718 1920 1752 et
1948 1723 2056 1752 ver-

1163 1773 1364 1816 beribus.
1406 1776 1420 1794 '
2049 1790 2052 1799 1

1178 1886 1185 1898 Κ
1219 1843 1457 1886 disiecere.
1537 1838 1622 1882 Ed.
1664 1839 1766 1883 Ber.
1808 1836 2056 1885 desl'ecere‚

1164 1901 1283 1961 quod
1317 1900 1472 1942 visuum
1498 1896 1727 1939 Victorius
1759 1912 1782 1938 e
1807 1894 1908 1938 MS.
1931 1894 2056 1938 Flor-

1165 1958 1354 2004 correxit
1374 1958 1420 1998 in
1443 1957 1669 1998 disice-ere.
1681 1977 1735 1986 —
1750 1953 1788 1995 E
1801 1951 1934 1995 MSS.
1945 1951 2055 2010 Reg.

1163 2017 1308 2061 Corb.
1341 2013 1458 2056 Bud.
1493 2023 1535 2056 et
1566 2011 1634 2055 ed.
1669 2011 1787 2069 Spir.
1813 2008 2060 2056 oberlinus

1164 2073 1667 2174 ἓῧὲξὲᾒψὲἑῗῶἓᾟῗ
1669 2075 2059 2183 ⁰¹12u2¹3¹¹¹¹253¹¹÷¹15

1165 2189 1264 2231 MS.
1287 2185 1440 2231 Guelf.
1479 2185 1578 2227 edd.
1606 2185 1708 2227 Put.
1732 2197 1831 2241 sqq.
1864 2197 1971 2225 cum
2003 2179 2058 2224 si-

1166 2245 1304 2289 lentio
1330 2242 1534 2286 Victorii.

1224 2335 1495 2383 mutataque
1518 2340 1652 2383 quae.
1710 2323 1794 2369 Ed.
1813 2321 1930 2379 Spir.
1953 2335 2058 2363 mu-

1168 2394 1273 2428 tata
1297 2400 1529 2441 quaeque,
1561 2383 1683 2441 quod
1704 2381 1863 2428 vitium
1884 2380 1932 2422 in
1954 2387 2061 2425 vett.

1169 2444 1294 2486 libris
1322 2444 1496 2500 saepius
1518 2441 1726 2487 recurrit.
1783 2436 1886 2482 MS.
1909 2435 2061 2480 Guelf.

1170 2508 1472 2556 mutataque,
1504 2499 1672 2543 omisso
1694 2511 1831 2555 quae.

1229 2593 1274 2629 et
1321 2585 1583 2639 Poppaeae.
1675 2580 1752 2624 Sic
1792 2577 1895 2621 MS·
1927 2577 2061 2634 *Flon

1171 2646 1288 2700 (test.
1321 2642 1442 2685 Viot.
1479 2657 1519 2684 c.
1551 2639 1764 2693 Pichena)
1806 2634 1906 2677 edd.
1939 2634 2060 2691 Spir.

1167 2701 1352 2746 Pichen.
1375 2716 1395 2742 s
1431 2715 1474 2755 q.
1508 2721 1567 2730 —
1625 2695 1762 2738 MSS.
1785 2691 1907 2735 Harl.
1929 2689 2061 2734 Bodl.

1168 2760 1252 2802 Ies.
1283 2757 1395 2801 Guel
1421 2788 1432 2798 .
1465 2755 1567 2799 edd.
1597 2754 1702 2797 Put.
1731 2750 1802 2804 M.
1827 2757 1870 2792 et
1890 2749 1946 2792 V.
1970 2748 2062 2792 Be-

1166 2815 1311 2860 roald.
1335 2812 1435 2857 Alc.
1458 2812 1604 2856 Rhen.
1627 2825 1730 2869 sqq.
1752 2805 1967 2851 omittunt
1989 2821 2063 2850 co·

1170 2874 1320 2934 pulam
1349 2879 1409 2915 et.
1950 2895 1957 2904 .

1229 2964 1329 2999 tum
1366 2962 1424 2997 et.
1485 2950 1560 2995 Sic
1591 2949 1693 2993 edd.
1718 2947 1926 2992 Rhenan.
1961 2962 2060 3004 sqq.

1172 3031 1196 3058 e
1232 3012 1333 3056 MS.
1366 3011 1484 3053 Bud.
1555 3006 1793 3052 Consentit
1836 3004 1906 3048 ed.
1946 3003 2064 3062 Spir.

1174 3087 1286 3130 quae
1319 3069 1394 3112 dat
1428 3074 1593 3110 tumet.
1652 3063 1766 3106 Edd.
1796 3063 1900 3106 Put.
1926 3062 1992 3104 M.
2022 3069 2066 3103 et

1172 3130 1233 3173 V.
1258 3127 1469 3174 Beroald.
1503 3126 1625 3178 (cum
1652 3119 1829 3164 silentio
1854 3117 2064 3171 Victorii)

1173 3195 1373 3230 tumens,
1446 3180 1675 3226 Broterius
1713 3178 1768 3220 de
1805 3177 1896 3219 suis
1925 3174 2062 3218 MSS.

1169 3251 1299 3289 tacet.
1385 3241 1437 3284 In
1488 3238 1589 3282 MS.
1629 3233 1782 3279 Guelf.
1833 3231 2064 3276 Emestius

1173 3309 1295 3346 recte
1320 3307 1506 3343 testatur
1529 3295 1615 3354 legi
1641 3302 1823 3337 tumens
1837 3307 1853 3343 ,-
1890 3290 2064 3334 strom-

1174 3357 1359 3402 beckius
1410 3356 1592 3399 adnotat
1644 3350 1705 3394 ibi
1761 3348 1908 3391 deesse
1949 3354 2064 3397 tum,

1176 3427 1391 3473 tanquam
1431 3413 1486 3456 sit
1521 3410 1626 3452 odio
1664 3416 1708 3451 et
1740 3413 1869 3449 metu
1900 3413 2064 3447 atrox.

210 3499 449 3531 sermones
483 3485 662 3526 senium
689 3490 826 3538 atque
850 3478 1108 3523 avaritiam
1179 3472 1352 3515 Verum
1389 3470 1552 3527 legitur
1586 3466 1674 3511 ibi:
1715 3464 1822 3508 odio
1854 3471 2068 3508 tumens:

217 3544 398 3596 Galbae
429 3541 798 3596 increpantium;
841 3536 953 3585 lbid.
984 3535 1110 3580 c.22.

1183 3538 1312 3577 metu
1332 3538 1490 3573 atrox.
