2164 3990
10 2636 26 2644 ,
88 2609 105 2615 ”
130 2604 214 2646 sed
247 2601 434 2642 bellum.

152 203 204 238 A.
217 201 274 236 U.
291 200 377 235 81⁴2.

151 249 205 282 A.
222 243 271 281 C.
316 245 377 278 ⁵9.

597 201 770 263 Lm.
799 198 974 289 xm.
1021 199 1246 264 ‘CAR
1282 201 1386 291 57.

1768 234 1776 239 -
1795 205 1921 267 225

66 356 202 395 rum
225 347 446 393 struem
469 334 598 390 fusa
619 351 686 388 ex
712 332 1023 389 contrariis
1055 332 1212 389 inter
1239 351 1299 388 se
1323 330 1628 389 elementis
1659 333 1793 407 igne
1831 317 1922 396 at.

66 441 180 499 que
203 420 372 497 aquis
400 429 756 477 concretum.
842 416 961 474 Sed
987 418 1211 474 bellum
1223 406 1662 496 Hermunduris
1681 440 1924 497 prospe..

66 525 230 574 mm,
272 503 458 562 Cattis
483 502 942 572 exitiosius‘fuit‚
983 504 1121 579 quia
1146 504 1395 560 victores
1417 502 1709 559 diversam
1739 508 1923 563 aciem

65 589 252 648 Marti
307 611 374 646 ac
428 587 730 645 Mercurio
796 607 1126 659 sacravere,
1198 609 1315 664 quo
1370 600 1507 644 voto
1562 589 1729 664 equi,
1785 592 1921 662 viri,

69 687 278 733 cuncta
302 674 465 731 -victa
501 673 796 730 occidioni
822 676 1057 733 dantur.

230 751 233 754 ⁴
886 758 1004 816 Sed
1029 758 1232 816 civitas
1256 757 1548 816 Ubiorum
1572 760 1726 816 socia
1750 762 1926 818 nobis

68 762 154 818 les
186 761 251 816 in
285 761 442 835 ipsos
475 760 799 818 vertebant.

69 847 227 903 malo
252 845 572 922 improviso
599 845 832 901 adflicta
856 855 958 904 est.

3 1065 6 1066 ⁷
73 1063 134 1108 cf.
171 1063 291 1107 Plin.
326 1063 395 1114 31,
423 1063 495 1107 39.
537 1065 725 1107 Galliae
756 1063 965 1106 Germa-

71 1125 265 1178 uiaeque
301 1125 569 1165 ardentibus
608 1123 751 1175 ligm‘s
788 1135 965 1174 aquam

73 1183 258 1223 salsam
292 1180 562 1234 infundunt.

78 1240 115 1288 1,
137 1238 179 1280 7.
209 1238 268 1280 In
299 1237 456 1280 Gallia
489 1237 809 1288 Transalpina
839 1235 967 1276 intus

75 1298 140 1336 ad
162 1295 407 1343 Rhenum,
447 1310 551 1336 cum
586 1294 844 1335 exercitum
876 1295 963 1333 da-

75 1367 251 1402 cerem,
302 1352 487 1406 aliquot
529 1353 740 1405 regiones
781 1352 968 1398 accessi,

77 1409 157 1451 ubi
173 1413 321 1451 salem
346 1423 427 1450 nec
448 1408 714 1463 fossicimn‚
745 1422 828 1448 nec
857 1422 964 1447 ma-

72 1469 280 1509 ritimum
305 1469 546 1516 haberent,
576 1468 659 1508 sed
687 1480 752 1507 ex
783 1467 966 1520 quibus-

74 1528 190 1567 dam
212 1525 353 1578 lignus
378 1525 653 1573 combustis,
691 1523 969 1565 carbonibus

73 1584 208 1626 salsis
254 1597 346 1635 pro
402 1597 455 1622 eo
511 1588 765 1623 uterentur.
866 1580 968 1624 MS.

30 1644 33 1646 “
77 1640 229 1683 Guelf.
259 1638 362 1681 edd.
385 1638 503 1696 Spir.
529 1636 634 1680 Put.
655 1638 723 1680 M.
747 1646 790 1680 et
811 1638 865 1681 V.
890 1638 969 1680 Be-

76 1698 219 1741 roald.
257 1698 316 1752 (c.
352 1696 497 1739 silent.
521 1694 658 1751 Vict.)
695 1695 795 1738 Alc.
830 1710 970 1749 super

75 1762 306 1798 arentem.

135 1829 199 1856 eze
230 1811 496 1855 contrariis.
568 1810 644 1854 Sic
676 1810 810 1854 MSS.
841 1811 878 1854 F
884 1812 965 1854 lor.

74 1873 193 1927 (test.
224 1869 372 1925 Pieh.)
409 1868 557 1911 Guelf.
591 1869 692 1911 edd.
716 1869 833 1927 Spir.
865 1868 965 1912 Put.

77 1930 145 1972 M.
159 1936 200 1971 e't
214 1927 268 1972 V.
285 1926 389 1970 Ber.
413 1933 537 1981 (cum
559 1925 704 1971 silent.
721 1926 855 1982 Vict.)
870 1927 973 1969 Ate.

75 1985 459 2045 praepositionem
506 1998 569 2026 ex
613 1984 825 2026 omittunt
868 1983 967 2026 MS.

75 2044 194 2086 Bud.
227 2042 329 2086 edd.
357 2041 559 2085 Rhenan.
590 2056 687 2099 sqq.
757 2040 968 2085 Restituit

74 2102 285 2146 Picheua.

133 2171 382 2215 elementis.
445 2169 546 2213 MS.
566 2168 690 2212 Flor.
717 2170 831 2224 (test.
846 2167 965 2214 Vict.

74 2249 114 2276 c.
135 2232 211 2283 al.)
241 2230 489 2272 alimentis.
556 2228 659 2272 MS.
685 2226 837 2270 Guelf.
869 2230 963 2271 cle-

74 2289 265 2332 mentis.

130 2356 410 2403 coner-etum.
475 2353 539 2398 Ex
562 2355 877 2398 emendatione
898 2356 968 2399 Li-

108 2417 172 2468 sii,
191 2429 326 2473 quam
345 2413 391 2455 in
410 2411 562 2456 locum
577 2415 745 2469 recepit
759 2413 969 2457 Piehena.

91 2475 190 2518 wid.
219 2472 390 2530 priores
423 2473 487 2525 (c.
524 2469 668 2512 silent.
693 2469 831 2525 Vict.)
859 2486 966 2513 con-

76 2532 220 2577 cretci.
281 2527 358 2571 Sic
378 2537 419 2570 et
443 2527 544 2570 MS.
570 2526 722 2570 Guelf.

516 2597 616 2640 Hoc
645 2601 728 2645 sed
755 2598 966 2641 Broterio

75 2659 287 2717 frigidum
306 2665 348 2700 et
364 2673 385 2698 e
402 2655 711 2714 superioribus
725 2658 964 2713 repetitum

78 2719 262 2761 videtur.
295 2712 499 2758 Fallitur.
530 2712 643 2755 Nam
661 2717 757 2763 sed,
778 2724 827 2757 ut
843 2730 965 2770 grae-

76 2791 182 2820 cum
209 2767 347 2819 ἀλλά,
384 2772 568 2829 ponitur
598 2771 686 2820 sic,
728 2781 778 2814 ut
809 2772 964 2815 transi·

74 2842 172 2875 tum
201 2830 334 2872 saciat
363 2829 419 2871 ad
452 2827 842 2872 continuationem
869 2845 965 2871 nar·

75 2887 261 2932 rationis
294 2902 427 2944 supra
461 2894 668 2944 coeptae,
708 2887 829 2944 quasi
857 2886 964 2930 scri·

75 2956 202 3006 ptum
221 2953 354 2987 esset:
387 2946 471 2986 sed
491 2945 587 2985 iam
609 2948 749 2987 redeo
775 2948 839 2986 ad
863 2947 962 2986 bel-

77 3008 190 3046 lum.

132 3072 391 3116 exitiosius.
453 3070 528 3114 Sic
560 3071 660 3114 MS.
684 3072 806 3116 Flor.
841 3075 960 3128 (test.

78 3133 194 3175 Vict.
222 3146 260 3171 c.
290 3129 431 3183 Pich.)
454 3129 553 3172 edd.
577 3129 760 3173 Pichen.
782 3145 878 3188 sqq.
907 3130 961 3173 ad

75 3187 353 3235 Ernestium,
398 3184 472 3243 qui
508 3187 700 3229 restituit
732 3188 880 3229 exitio
916 3204 965 3230 ex

79 3247 179 3290 edd.
206 3244 305 3288 Put.
335 3243 400 3285 M.
428 3251 469 3285 et
493 3241 549 3285 V.
573 3244 674 3287 Ber.
700 3243 800 3287 Alc.
819 3245 961 3287 Rhen.

79 3318 175 3360 sqq.
191 3334 203 3350 ‚
230 3318 330 3344 cum
350 3299 510 3357 quihus
529 3301 816 3343 consentiunt
828 3302 965 3345 MSS.

79 3359 201 3409 Harl.
225 3358 357 3400 Bodl.
398 3358 476 3399 les.
514 3366 552 3400 et
582 3357 735 3401 Guelf.
805 3359 857 3402 In
893 3359 963 3401 ed.

81 3415 195 3475 Spir.
227 3431 273 3457 re
308 3416 447 3458 eritur
484 3416 766 3465 exitiosum,
819 3425 869 3460 ut
902 3426 967 3460 est

81 3475 127 3516 in
151 3470 252 3514 MS.
316 3473 389 3515 ud.
423 3488 446 3514 a
478 3488 547 3530 pr.
582 3489 666 3524 nn,
706 3473 781 3516 ubi
815 3481 964 3517 tamen

81 3527 171 3574 se'c.
199 3544 259 3572 m.
295 3529 422 3571 erasit
454 3529 669 3586 syllabam
698 3543 818 3574 sum.
886 3531 966 3574 Er·

162 3594 404 3646 TAci-rns
433 3594 500 3644 ΙΙ.

641 1177 786 1220 Varro
823 1178 878 1218 R.
908 1176 963 1220 R.
991 1206 1005 1216 .

1145 684 1201 730 et
1231 673 1425 729 minae
1463 674 1702 750 quidem
1738 671 1925 733 hosti-

1043 864 1184 900 nam
1207 845 1370 917 ignes
1395 857 1547 902 terra
1573 845 1717 902 editi
1734 847 1929 918 villaS‚·

1037 1061 1206 1105 nestius
1238 1070 1281 1104 et
1303 1061 1535 1106 Broterius
1560 1073 1741 1109 censent
1766 1066 1925 1109 melius

1038 1118 1371 1177 elegantiusque
1407 1137 1499 1163 esse
1536 1122 1706 1173 exitio,
1746 1125 1926 1166 non'vi-

1039 1177 1122 1219 deo
1151 1192 1239 1233 qua
1270 1176 1320 1218 in
1351 1193 1414 1220 re.
1500 1177 1647 1222 Immo
1681 1176 1933 1224 exitiosius

1039 1250 1142 1276 cum
1184 1233 1378 1291 emphasi
1425 1234 1589 1278 dicitur
1634 1240 1784 1293 (desto
1820 1253 1927 1281 ver-

1037 1292 1336 1347 derbl1'cher);
1365 1308 1456 1334 non
1490 1294 1610 1335 enim
1640 1294 1768 1338 solita
1800 1295 1928 1339 vietis

1040 1349 1265 1391 calamitas
1319 1349 1368 1390 in
1411 1350 1564 1393 Cattos
1607 1352 1792 1401 cecidit,
1851 1354 1930 1398 sed

1042 1408 1237 1448 m'ctores
1259 1438 1292 1450 ..
1306 1438 1318 1449 .
1339 1421 1605 1452 sacravere.
1883 1452 1886 1456 ,

1094 1465 1246 1506 Marti
1271 1480 1327 1506 ac
1360 1463 1605 1508 Mercurio.
1664 1465 1726 1510 cf.
1749 1465 1864 1512 Hist.
1889 1467 1932 1520 4,

1038 1520 1111 1564 64.
1151 1520 1308 1563 Germ.
1339 1538 1378 1564 c.
1404 1523 1447 1565 9.

1100 1579 1225 1634 equi,
1268 1579 1377 1623 viri.

1042 1651 1145 1681 virt.

1096 1713 1261 1749 cuncta
1288 1709 1423 1757 vieta.
1486 1707 1561 1753 Sic
1580 1708 1719 1761 MSS..
1747 1718 1791 1752 et
1826 1710 1931 1756 edd.

1039 1773 1140 1808 vett.
1168 1773 1210 1807 et
1233 1774 1421 1808 reeentt.
1486 1766 1669 1809 Frustra
1698 1767 1784 1811 viri
1809 1768 1933 1813 docti

1039 1822 1272 1866 coniecere
1291 1831 1461 1866 cuncta
1484 1826 1607 1875 viva,
1633 1832 1796 1867 cuncta
1822 1827 1933 1878 vita,

1039 1887 1204 1921 cuncta
1228 1882 1353 1931 victi,
1378 1896 1482 1923 cum
1505 1883 1574 1924 ita
1598 1883 1739 1932 victa,
1769 1890 1933 1926 cuncta

1039 1939 1250 1979 iumenta
1291 1937 1478 1996 aliaque.
1554 1939 1692 1981 Victa
1726 1939 1931 1984 deest.in

1043 1994 1143 2037 MS.
1175 1996 1287 2052 Agr.

1095 2067 1302 2108 hostiles.
1388 2065 1472 2108 Ed.
1527 2066 1646 2123 Spir.
1700 2070 1931 2114 hostilem.

1037 2123 1139 2191 MS.
1159 2124 1270 2184 Agr.
1294 2130 1338 2166 et
1358 2139 1530 2166 numen
1552 2127 1739 2180 quidem
1762 2129 1930 2172 hostile

1038 2197 1086 2224 m
1107 2196 1158 2224 se
1184 2196 1225 2225 υ.

1094 2255 1352 2295 vertebant.
1412 2253 1488 2296 Sic
1516 2253 1651 2298 MSS.
1673 2255 1793 2299 Flor.
1821 2257 1931 2309 (sec.

1040 2310 1188 2354 collat..
1204 2310 1288 2354 lac.
1302 2309 1544 2367 Gronovii)
1557 2311 1673 2370 Agr.
1695 2313 1799 2357 edd.
1812 2313 1934 2372 Spir.

1040 2369 1129 2411 lac.
1157 2366 1365 2411 Gronov.
1395 2367 1572 2411 Ernest.
1606 2385 1701 2427 sqq.
1726 2393 1784 2403 -—
1821 2387 1930 2415 ver-

1038 2428 1257 2467 tebantur
1288 2425 1388 2468 edd.
1424 2425 1526 2468 Put.
1560 2426 1629 2469 M.
1667 2436 1709 2470 et
1733 2426 1789 2471 V.
1820 2429 1927 2476 Ber.

1045 2484 1167 2535 (curn
1194 2481 1341 2525 silent.
1369 2482 1503 2538 Viet.)
1532 2482 1631 2526 Alc.
1656 2483 1811 2538 Rhen,
1825 2503 1876 2546 sq
1916 2519 1931 2534 .

1038 2539 1156 2640 isslegli
1178 2548 1243 2639 eIst
1266 2536 1314 2581 in
1334 2539 1467 2583 MSS.
1487 2539 1606 2583 Bud.
1631 2540 1780 2587 Guelf.
1801 2503 1927 2590 Hali}-

1079 2614 1106 2640 o
1159 2629 1170 2641 .
1215 2612 1276 2640 es.
1567 2626 1572 2629 -

1093 2671 1175 2711 sed
1197 2667 1360 2710 ciuitas
1374 2665 1618 2713 Ubiorum.
1658 2669 1792 2715 MSS.
1805 2671 1928 2719 Flor.

1038 2731 1158 2781 (test.
1185 2725 1301 2769 Vict.
1336 2741 1375 2768 c.
1412 2726 1486 2780 al.)
1515 2726 1631 2770 Bud.
1666 2728 1775 2786 Agr.
1811 2732 1928 2786 (test.

1036 2782 1197 2842 Ryck.)
1221 2782 1468 2826 Vibormm.
1515 2781 1685 2827 Con‘tra
1701 2786 1927 2847 MS.Agr.

1038 2846 1166 2897 (test.
1201 2839 1409 2896 Heinsio>
1445 2841 1692 2886 Iubonum.
1754 2843 1927 2889 Strom·

1037 2897 1220 2943 beckius
1252 2897 1372 2939 idem
1404 2897 1546 2941 inesse
1567 2897 1926 2960 Guelferbytano

1036 2956 1254 3016 prodidit,
1293 2970 1434 3011 quum
1462 2954 1694 3000 Ernestius
1726 2959 1925 3005 nuntias·

1035 3022 1100 3057 set
1138 3014 1198 3056 ibi
1236 3012 1320 3069 legi
1357 3012 1606 3056 Vibonum.
1689 3014 1785 3073 Ego
1833 3017 1927 3061 vidi

1036 3074 1287 3120 achonum,
1353 3069 1476 3126 quod
1533 3078 1727 3130 utroque
1786 3075 1927 3118 modo

1069 3137 1182 3172 otest
1214 3127 1313 3185 legi.
1391 3127 1473 3172 Ed.
1503 3126 1534 3170 S
1570 3128 1623 3171 'r.
1657 3129 1922 3176 sabianum.

1078 3185 1151 3228 dd.
1176 3185 1279 3227 Put.
1304 3184 1370 3227 M.
1396 3192 1437 3227 et
1455 3182 1508 3229 V.
1573 3201 1634 3229 er.
1660 3185 1761 3230 Ale.
1780 3186 1922 3232 Rhen-

1035 3260 1132 3302 sqq.
1167 3243 1423 3285 Iunonum.
1497 3243 1600 3285 Non
1630 3243 1823 3287 dubitavi
1854 3252 1949 3289 ref

1037 3303 1186 3359 cipere
1226 3299 1396 3341 Heinsii
1436 3300 1740 3344 coniecturam
1780 3302 1926 3345 Ubio-

1037 3374 1147 3401 rum
1182 3355 1335 3399 multis
1364 3358 1614 3414 probatam.
1692 3357 1807 3402 Nam
1837 3361 1926 3416 pri-

1038 3431 1162 3457 mum
1184 3429 1320 3456 nemo
1352 3429 1550 3471 unquam
1576 3414 1747 3461 audivit
1773 3417 1926 3464 civita.

1037 3483 1128 3515 tem
1183 3472 1418 3513 Vibonem
1472 3469 1689 3515 Romanis
1742 3473 1925 3527 sociam,

1038 3538 1111 3574 aut
1146 3529 1396 3576 labanum,
1435 3538 1511 3574 aut
1532 3529 1809 3584 labienum,
1849 3539 1925 3576 aut

1239 3588 1287 3644 P

1462 1579 1563 1624 MS.
1599 1579 1751 1626 Guelf.
1794 1581 1938 1640 aequi
