2164 3990
1655 245 1705 280 A.
1729 239 1800 284 us
1834 216 1987 287 meno.

1656 289 1711 327 A.
1733 289 1777 326 o.
1847 290 1883 326 a.
1920 291 1988 328 ετ.

871 241 1383 307 ANNALIUM

380 373 603 435 XXIV.
633 372 799 432 'Fine
833 374 978 430 anni
1006 373 1187 430 statio
1205 371 1467 434 cohortis
1493 378 1760 437 adsidere
1784 381 1944 439 ludis
1970 398 2072 441 so·-

216 250 335 307 178

212 465 317 522 lita
341 464 713 529 demovetur,
760 481 876 535 quo
899 459 1090 515 maior
1115 460 1330 534 species
1356 462 1647 521 libertatis
1672 457 1850 536 esset,
1886 479 2072 545 utque
2158 535 2160 538 ¹

212 540 382 606 miles
440 543 716 603 theatrali
768 543 1040 600 licentiae
1107 564 1232 599 non
1284 548 1606 621 permixtus
1668 550 2072 628 incorruptior

214 645 434 709 ageret,
480 644 535 689 et
557 631 756 705 plebes
783 630 948 685 daret
974 629 1467 703 experimentum,
1511 654 1588 690 an
1626 637 1836 692 amotis
1873 649 2070 696 custo·—

212 721 385 778 ‹libus
412 716 761 774 modestiam
786 714 1083 773 retineret.
1171 713 1393 773 Urbem
1427 718 1700 795 princeps
1734 722 2008 780 lustravit
2038 744 2071 781 e

209 824 490 881 responso
515 798 925 874 haruspicum,
967 798 1128 876 quod
1162 797 1320 856 Iovis
1357 822 1422 859 ac
1448 801 1758 884 Minervae
1791 808 1963 865 aedes
1996 810 2070 867 de

211 891 372 950 coelo
396 900 581 946 tactae
607 895 791 943 erant.

376 996 584 1059 XXV,'
640 994 714 1068 Q.
738 970 1022 1066 Volusio,
1079 993 1146 1056 P.
1179 995 1459 1072 Scipione
1501 1020 1643 1060 coss,
1668 990 1867 1061 ¹otium
1902 1005 2066 1076 foriS‚

207 1089 380 1146 foeda
404 1082 570 1160 domi
594 1082 830 1138 lascivia
847 1127 863 1151 ‚
907 1103 1023 1158 qua
1045 1080 1202 1138 Nero
1232 1083 1442 1140 itinera
1467 1086 1632 1141 urbis
1671 1098 1742 1167 et·
1759 1088 2068 1165 lupanaria

209 1186 266 1233 et
299 1167 850 1234 deverticulapveste
874 1168 1075 1222 servili
1111 1168 1177 1223 in
1211 1169 1744 1227 dissimulationem
1777 1173 1870 1229 sui
1905 1193 2068 1231 com-

204 1258 430 1337 positus
465 1253 799 1331 pererrabat
837 1252 1252 1310 comitantibus
1288 1255 1391 1331 qui
1424 1269 1696 1331 raperent
1734 1258 2068 1338 venditioni

209 1343 466 1419 exposita
526 1342 582 1396 et
631 1338 822 1395 obviis
875 1338 1124 1395 vulnera
1175 1339 1463 1398 inferrent
1506 1343 1786 1399 adversus
1829 1343 2065 1422 ignaros

205 1431 384 1498 adeo,
438 1437 504 1485 ut
549 1425 673 1501 ipse
715 1444 950 1502 quoque
990 1424 1277 1500 exciperet
1312 1425 1462 1483 ictus
1497 1439 1553 1488 et
1587 1448 1688 1485 ore
1725 1424 2064 1506 praeferret.

200 1676 383 1723 moriae
413 1678 654 1718 humanae
695 1671 930 1725 impressa
962 1674 1096 1716 saxis

202 1743 473 1781 cernuntur.
517 1729 786 1789 Kiesslingio
810 1740 958 1775 tamen
973 1739 1095 1774 certa

199 1795 380 1838 videtur
403 1788 623 1834 Gronovii
652 1788 923 1832 emendatio.
983 1789 1096 1841 ,Mox

199 1853 303 1896 MS.
329 1848 483 1893 Guelf.
517 1849 740 1890 trahebat
764 1863 849 1904 pro
874 1849 1095 1889 retrahe-

202 1914 370 2024 ὀαὲΑΡ.
394 1976 465 2020 24.
534 1976 665 2018 Fine.
734 1974 818 2017 Ed.
857 1974 975 2033 Spir.
1006 1975 1094 2016 Fi-

198 2053 327 2081 nem.
405 2033 575 2076 Eadem
610 2033 797 2074 adsides
843 2049 924 2090 pro
964 2035 1090 2074 adsi..

198 2101 394 2223 dezane
417 2164 568 2206 mile&
626 2158 730 2204 MS.
755 2159 874 2204 Bud.
913 2169 967 2203 uc
1001 2163 1091 2206 mi-

195 2229 281 2270 les.
617 2266 620 2269 ,

252 2291 566 2345 incorruptior
597 2294 780 2346 ageret.
853 2289 936 2334 Ed.
967 2289 1090 2349 Spir.

193 2351 537 2407 z'ncorruptiora
566 2363 750 2404 gerens.
808 2347 978 2391 Eadem
1005 2356 1090 2406 pro

192 2417 329 2457 daret
353 2409 427 2452 dat
450 2409 610 2449 dabat.
643 2438 647 2445 ,
834 2419 836 2421 ·
883 2420 885 2422 ·

251 2467 440 2514 amotis.
495 2460 798 2507 Edd.Put;V.
823 2470 866 2505 et
877 2461 1087 2506 Beroald.

193 2528 296 2573 Alc.
318 2522 544 2568 ammotis
578 2525 640 2578 (c.
668 2521 740 2565 sii.
759 2519 911 2577 vien).
986 2519 1088 2564 MS.

192 2584 348 2631 Guelf.
374 2580 532 2624 motis.
1055 2613 1061 2626 Ι

171 2623 175 2644 ,
247 2659 272 2687 e
303 2653 541 2696 responso.
630 2635 713 2680 Ed.
751 2635 869 2694 Spir.
907 2650 971 2677 ex
1004 2650 1086 2679 re-

190 2715 375 2759 sponso.
434 2695 549 2738 Edd.
573 2702 681 2739 vett.
706 2708 862 2736 omnes
893 2693 1084 2748 aruspi-

191 2775 325 2809 cum3
362 2761 549 2798 reeentt.
588 2754 890 2807 haruspicum
921 2750 1025 2793 inde
1060 2765 1085 2792 a

189 2816 327 2876 Lipsii
352 2814 511 2872 prima.

166 2891 168 2893 ’
248 2886 364 2932 CAP.
386 2881 457 2926 25.
525 2880 580 2938 Q.
599 2880 805 2925 Volusio.
868 2877 949 2920 Ed.
965 2877 1081 2935 Spir.

192 2945 441 2992 Volusino,
474 2939 640 2982 omisso
668 2935 975 2993 praenomine.
1073 2947 1079 2959 ·

246 3003 300 3046 Ρ.
343 2999 569 3053 Scipione.
660 2996 724 3037 Ita
764 3011 787 3037 e
824 2994 913 3036 suis
956 2992 1079 3035 libris

185 3062 371 3117 aliisque
414 3053 706 3098 monimentis
743 3050 934 3094 restituit
974 3049 1079 3106 Lip-

184 3122 291 3163 sius.
373 3112 674 3156 Consentiunt
707 3109 808 3151 edd.
844 3107 963 3165 Spir.
997 3107 1079 3149 Be-

187 3175 329 3220 roam.
390 3171 451 3215 At
479 3168 580 3211 edd.
605 3168 706 3209 Put.
732 3180 829 3224 sqq.
855 3179 996 3221 usque
1024 3164 1079 3207 ad

188 3232 384 3290 Lipsium
431 3227 478 3268 Ρ.
527 3227 744 3280 Cepione,
814 3222 879 3264 uti
923 3230 988 3265 est
1033 3223 1078 3264 in

187 3288 321 3335 MSS.
343 3283 497 3329 Guelf.
525 3283 651 3326 Harl.
676 3279 810 3324 Bodl.
839 3281 920 3322 les.

245 3348 294 3389 in
345 3342 767 3384 dissimulationem
818 3338 905 3379 sui.

187 3404 304 3463 Spir.
339 3399 505 3442 omittit
533 3399 619 3439 sui.
690 3396 760 3438 De
793 3410 840 3437 re
866 3392 925 3436 ef.
948 3392 1077 3435 Suet.

183 3463 291 3506 Ner.
317 3472 354 3502 ε’.
374 3455 445 3498 76.
504 3453 669 3511 Xiphil.
695 3454 764 3504 61,
786 3454 812 3494 8
832 3461 874 3494 et
893 3452 934 3493 9.

243 3522 368 3561 veste
398 3513 571 3554 servili.
645 3510 832 3553 Sueton.
868 3510 898 3552 l.
933 3509 960 3552 Ι.
991 3523 1075 3551 ar-

185 3584 317 3633 repto
336 3571 462 3629 pileo
486 3570 559 3610 vel
577 3572 755 3619 gm‘ero.
800 3565 969 3624 Xiphil.
996 3566 1024 3608 Ι.
1040 3566 1071 3610 l.

1147 2321 1356 2364 -deantur

994 3335 1076 3378 Ed.
1101 3370 1105 3373 .

1167 1675 1332 1728 ἐσθῆσι
1364 1674 1592 1723 ποικίλαις
1624 1676 1700 1718 καὶ
1718 1672 1908 1732 ’κόμαις
1925 1690 2062 1740 περι-

1165 1731 1318 1782 estote
1339 1728 1501 1782 ἄλλοτε
1525 1730 1671 1783 ἄλλως
1693 1734 1873 1793 ἐχρῆτο.
2033 1771 2037 1778 s

1223 1806 1487 1849 venditioni.
1564 1804 1643 1848 Sic
1678 1805 1780 1850 edd.
1816 1806 1941 1866 [Spir.
1972 1805 2062 1861 Er·

1167 1871 1279 1905 nest.
1311 1877 1407 1920 sqq.
1444 1878 1549 1906 cum
1581 1862 1682 1906 MS.
1711 1862 1861 1915 G‘uelf.
1896 1864 1937 1919 (a
1967 1876 2061 1908 sec.

1167 1921 1247 1970 m.)
1264 1943 1324 1951 —-
1366 1923 1433 1960 ad
1459 1921 1770 1964 venditionem
1796 1921 2061 1966 MSSAEud.

1165 1976 1319 2019 Guelf.
1355 1982 1397 2032 (a
1426 1993 1493 2034 pr.
1521 1979 1605 2033 m.)
1639 1978 1742 2021 edd.
1773 1977 1879 2023 Put.
1912 1980 1984 2023 M.
2015 1987 2058 2023 et

1164 2033 1221 2076 V.
1258 2034 1469 2077 Beroald.
1507 2037 1566 2085 (e.
1602 2033 1750 2078 silent.
1779 2034 1916 2092 Viet.)
1951 2036 2058 2081 Ale.

1163 2091 1309 2134 Rhen.
1334 2107 1430 2149 sqq.
1499 2093 1588 2136 lac.
1615 2090 1879 2136 Gronovius
1906 2101 2057 2138 tamen

1149 2157 1354 2192 -testatur
1373 2152 1438 2191 ad
1461 2151 1611 2193 abesse
1629 2166 1654 2193 a
1668 2149 1767 2193 MS.
1779 2150 1815 2192 F
1818 2149 1923 2204 lor„
1935 2159 2059 2210 *qua-

1148 2222 1212 2249 -re
1261 2206 1531 2250 coniiciebat
1575 2207 1817 2262 legendum
1865 2218 2055 2254 venam.

1164 2261 1236 2306 De
1263 2264 1418 2307 ceteris
1443 2265 1579 2308 MSS.
1610 2266 1669 2308 ita
1698 2273 1873 2317 tacent,
1908 2273 1959 2311 ut
1989 2265 2057 2312 vi-

1405 2323 1661 2366 consentire
1708 2322 1755 2367 in
1778 2326 1882 2366 'adv
1913 2327 2051 2369 vend.

1162 2378 1330 2421 Parum
1355 2380 1558 2431 interest,
1591 2395 1737 2438 neque
1761 2379 1834 2425 illa
1850 2379 2055 2449 ‹td-Sp'i'r.

1163 2436 1434 2490 auctoritas,
1472 2446 1522 2482 ut
1554 2454 1605 2481 ea
1641 2437 1741 2482 sola
1775 2445 1900 2483 certo
1941 2447 2055 2485 mla·

1161 2509 1281 2537 mur.
1333 2533 1338 2545 ,
1965 2525 1968 2531 .

1173 2595 1177 2601 .
1216 2565 1442 2620 inferrent
1462 2569 1690 2610 adversus
1716 2566 1919 2622 ignaros.
1951 2567 2052 2614 Ru-

1159 2623 1328 2679 pertius
1348 2622 1535 2681 corrigit
1549 2641 1563 2664 2
1594 2625 1819 2680 ufir-rent
1835 2627 2052 2679 adversa,

1157 2681 1338 2733 ignaris
1361 2689 1444 2722 etc.
1517 2679 1720 2723 Offendit
1754 2681 1873 2725 enim
1905 2681 1958 2730 in
1986 2682 2050 2727 di·

1158 2736 1330 2779 ctione:
1371 2741 1563 2779 vulnera
1601 2739 1779 2795 inferre
1816 2741 2051 2790 adversus

1154 2795 1358 2847 ignaros.
1430 2795 1519 2838 Sed
1544 2793 1652 2839 haec
1675 2811 1769 2838 non
1798 2796 1858 2840 ita
1891 2794 2049 2842 cohae-

1155 2859 1275 2894 rent.
1344 2850 1563 2900 Breviter>
1581 2851 1744 2896 Noster
1781 2853 1916 2898 dicit':
1954 2859 2049 2899 ad-

1157 2922 1318 2950 versus
1343 2910 1561 2962 ignaros,
1591 2927 1675 2968 pro
1695 2913 1832 2968 idque
1850 2921 2048 2967 agerent

1151 2969 1383 3008 adversus
1402 2969 1596 3022 ignaros
1618 2977 1702 3012 etc.

1210 3037 1456 3090 acciperet.
1517 3037 1750 3095 SicMSS.
1775 3041 1897 3086 Flor.
1921 3045 2041 3098 (test.

1153 3091 1185 3134 l.
1202 3090 1365 3149 Gron.)
1379 3093 1532 3141 Guelf.
1550 3094 1713 3154 aliique
1735 3098 1865 3142 codd.
1880 3108 1922 3143 et
1942 3101 2044 3145 edd.

1152 3157 1259 3194 vett.
1292 3173 1348 3193 —-.
1401 3155 1629 3206 accinet-et
1663 3153 1766 3198 edd.
1796 3153 1917 3215 Lips.
1939 3172 2038 3216 sqq.

1151 3208 1238 3250 lac.
1288 3206 1552 3256 Gronovius
1602 3210 1791 3265 restituit
1843 3222 2040 3259 veterem

1147 3265 1432 3321 scripturam.
1537 3267 1706 3312 Eadem
1768 3271 2039 3329 permutatio

1150 3330 1286 3365 exstat
1319 3323 1385 3374 13,
1421 3322 1487 3367 18.
1524 3334 1567 3368 et
1594 3324 1712 3370 alibi.

1209 3400 1253 3433 et
1291 3409 1370 3436 ore
1409 3394 1694 3450 praeferret.
1775 3396 1856 3442 ‚Sic
1898 3398 2037 3444 MSS.

1148 3449 1271 3493 Flor.
1298 3451 1415 3501 (test.
1436 3451 1628 3509 Ryckio)
1651 3452 1760 3510 Reg.
1791 3455 1890 3499 edd.
1916 3455 2035 3514 δρία

1146 3507 1251 3549 Put.
1276 3507 1342 3551 M.
1367 3518 1409 3552 et
1429 3511 1485 3552 V.
1507 3509 1713 3554 Beroald.
1738 3512 1793 3565 (c.
1812 3511 1879 3556 sil.
1894 3513 2036 3570 vict.)

1145 3564 1248 3607 Ale.
1273 3563 1415 3609 Rhen.
1434 3582 1530 3623 sqq.
1566 3591 1619 3598 —
1653 3569 1820 3622 etfore
1839 3584 1890 3613 se
1913 3571 2035 3614 Gae-

2096 0 2164 83 a&
