2164 3990
1790 231 2016 318 &¹3:⁸21

253 230 373 290 100
925 223 1431 290 ANNALIUM
1468 238 1470 241 '

248 355 443 418 accedi
467 368 757 435 poterant,
782 357 847 415 in
870 360 1117 415 modum
1138 358 1282 416 valli
1305 359 1439 417 saxa
1463 361 1806 436 praestruit:
1849 373 1908 423 et
1931 385 2103 441 prae-

247 446 467 503 fluebat
506 444 695 501 amnis
729 445 881 500 vado
927 444 1151 501 incerto
1200 455 1548 523 catervaque
1591 459 1953 515 armatorum
1988 467 2099 528 pro

252 531 639 588 munimentis
668 529 1068 588 constiterant.

417 638 700 700 XXXIV.
764 634 862 696 Ad
884 634 995 695 hoc
1021 640 1286 715 gentium
1309 642 1578 701 ductores
1606 644 1930 715 circumire,
1957 642 2101 703 hor-

246 727 388 797 tari,
436 727 669 783 firmare
709 725 936 780 animos
981 726 1306 782 minuendo
1343 740 1533 799 metu,
1586 731 1957 788 accendenda
2001 747 2101 808 spe

245 813 493 889 aliisque
538 811 682 868 belli
729 809 1140 868 incitamentis,
1249 811 1546 870 enimvero
1592 812 1937 873 Caractacus
1981 811 2100 874 huc

246 898 388 955 illuc
413 897 667 954 volitans
695 894 867 950 illum
892 894 1078 964 diem,
1122 895 1288 952 illam
1318 897 1502 954 aciem
1530 901 1851 957 testabatur
1876 912 1978 958 aut
2005 921 2102 958 re·-

245 983 592 1059 ciperandae
615 980 904 1036 libertatis
930 991 1031 1036 aut
1057 981 1352 1037 servitutis
1382 994 1650 1040 aeternae
1671 981 1919 1048 „initium
1953 986 2098 1047 fore.

244 1069 602 1144 vocabatque
636 1065 882 1121 nomina
914 1066 1236 1136 maiorum,
1280 1067 1384 1143 qui
1419 1068 1761 1126 dictatorem
1793 1067 2100 1128 Caesarem

244 1154 630 1229 pepulissent:
676 1171 930 1228 quorum
956 1151 1172 1208 virtute
1205 1153 1377 1209 vacui
1411 1173 1445 1210 a
1482 1154 1785 1211 securibus
1819 1166 1876 1213 et
1907 1155 2100 1212 tribu-

301 1379 468 1423 accedi.
529 1378 612 1423 Ed.
639 1379 756 1438 Spir.
791 1381 955 1436 accipi.

245 1438 400 1481 eadem
424 1438 565 1480 vallis
590 1440 817 1496 pro-valli.

297 1536 426 1564 saxa
456 1522 728 1576 praestruit.
788 1521 866 1566 Sic
891 1522 991 1566 edd.
1015 1523 1134 1581 Spir.

240 1579 358 1638 Lips.
403 1577 585 1621 Piehen.
621 1594 732 1636 sqq.
822 1582 955 1623 saxis
989 1596 1135 1633 prae-

237 1636 546 1680 struit-MSS.
561 1634 711 1679 Oxon.
733 1635 884 1680 Guelf.
914 1637 1012 1681 edd.
1032 1638 1134 1682 Put.

238 1695 305 1738 M.
340 1701 382 1736 et
407 1691 462 1736 V.
486 1693 695 1736 Beroald.
733 1694 790 1749 (c.
826 1695 970 1739 silent.
995 1694 1131 1750 Vict.)

238 1751 339 1796 Alc.
363 1749 563 1793 Rhenan.
587 1750 694 1795 Ald.
769 1750 1028 1812 Utrumque
1052 1754 1132 1797 bo·

236 1825 347 1851 num
381 1816 444 1850 est
479 1817 520 1850 et
552 1808 690 1851 saxis
726 1808 916 1852 fortasse
952 1827 1129 1856 verum.

236 1866 357 1908 Tum
397 1867 671 1928 praestruit
691 1866 901 1909 absolute
943 1868 1131 1926 ponitur

235 1939 320 1983 pro
361 1924 784 1977 praestructianem
801 1924 1005 1979 facere;·
1050 1942 1130 1983 per

230 1980 370 2024 ‘saxis
390 1977 653 2036 exprimitur
674 1984 927 2036 quomodo.
979 1982 1129 2026 Kiess·

233 2037 398 2096 lingius
430 2036 661 2080 revocavit
694 2039 849 2085 saxis.
912 2038 953 2082 Is
979 2048 1128 2083 tamen

234 2094 371 2138 falsus
401 2101 465 2137 est
493 2093 554 2136 de'
582 2093 652 2136 ed.
677 2094 795 2152 Spir.
856 2094 951 2141 Nec
971 2096 1128 2141 Piehe-

234 2168 293 2196 na
316 2159 467 2211 postea
493 2149 690 2218 primus²
727 2152 804 2195 sed
826 2153 999 2213 Lipsius
1023 2154 1128 2197 inde

234 2209 288 2254 ab
314 2226 386 2252 an.
415 2206 528 2252 1574
549 2202 688 2251 edi'cht
710 2224 851 2254 saxa.

219 2326 230 2335 s.
284 2277 593 2335 praefluebat.
660 2272 764 2328 MS}
786 2265 945 2336 Guelf.
967 2276 969 2278 ’
975 2295 1127 2336 prae-

222 2337 470 2394 fulciebat.
708 2371 710 2374 ,
869 2383 871 2385 .

287 2414 562 2462 catervaque
601 2415 920 2451 armatorum.

1003 2408 1127 2452 Libri

231 2473 341 2512 vett.
363 2480 524 2507 omnes
539 2463 704 2507 habent
719 2473 1004 2522 >catervaque
1025 2482 1124 2508 ma·
1170 2507 1183 2518 ,

231 2525 416 2573 iorum3
443 2537 560 2564 unns
583 2522 684 2565 cod.
699 2522 819 2580 Agr-
834 2531 877 2567 et
901 2522 1005 2566 inde
1025 2523 1128 2568 edd.

228 2578 392 2639 Ryckii
413 2587 456 2622 et
479 2578 683 2638 Rupertii
704 2587 990 2636 catervaque
1016 2596 1127 2624 ma-

228 2641 344 2681 iore.
429 2637 516 2680 Sed
563 2636 666 2694 quia
706 2639 912 2681 maiores
946 2637 1001 2681 ab
1035 2638 1124 2683 hoe

228 2696 332 2738 loco
365 2701 468 2736 sunt
496 2693 629 2737 alieni
654 2710 738 2737 nec
757 2695 980 2738 'usitatum
1013 2712 1121 2739 ma-

228 2755 352 2796 iores
375 2750 522 2794 dicere
544 2750 638 2793 ullo
662 2768 812 2800 sensu,
838 2752 915 2811 qui
937 2752 983 2795 in
1005 2753 1121 2797 hanc

228 2809 389 2853 seriem
416 2809 615 2865 quadret,
648 2807 727 2851 viri
752 2808 871 2853 docti
893 2809 950 2852 ad
974 2825 1120 2853 emen-

228 2866 428 2910 dandum
463 2864 616 2909 locum
651 2866 772 2909 varia
815 2867 1121 2910 coniecerunt.

227 2924 426 2982 Lipsius:
485 2930 790 2978 catervaeque
837 2928 1123 2976 nationum5

229 2980 434 3024 Barthius
474 2980 550 3032 (in
585 2981 705 3024 Adv.
735 2981 806 3033 45,
828 2980 898 3037 3.)
934 2981 1117 3023 Monto-

229 3052 339 3080 rum
369 3037 435 3081 vel
452 3037 753 3090 Maniorum,
783 3047 832 3082 ut
865 3054 919 3081 co
953 3037 1031 3081 ites
1066 3038 1120 3081 de

227 3094 387 3137 incolis
412 3094 580 3138 insulae
605 3094 793 3145 Maniae
815 3095 882 3138 vel
957 3097 1121 3146 am'ae5

227 3151 410 3207 Bipont.
433 3154 697 3203 meliorum,
727 3153 850 3210 quod
872 3152 1118 3196 Oberlinus

228 3218 269 3250 et
291 3224 421 3265 seqq.
461 3210 654 3252 editores
695 3226 924 3266 accepere.
1007 3209 1116 3253 Pro-

218 3273 386 3307 >.vocant
429 3265 475 3307 in
517 3267 711 3324 exempla
758 3266 824 3318 13,
850 3268 931 3320 56;
975 3269 1042 3316 16,
1075 3269 1115 3311 5.

211 3321 340 3364 :Hist.
366 3322 490 3373 282.
538 3324 714 3367 Sallust.
731 3324 827 3382 Iug-
852 3341 891 3369 c.
914 3323 1005 3376 13„
1038 3324 1115 3368 ubi

209 3381 438 3421 ‚melebres
473 3379 560 3422 dici
607 3397 688 3436 pro
718 3382 967 3437 fintiores·
983 3382 1115 3426 adfir-

208 3442 363 3486 ,manh
448 3435 632 3478 Diversa
671 3446 821 3482 tamen
859 3448 924 3482 est
955 3455 1114 3483 eorum

209 3491 532 3550 exemplorum
555 3493 695 3541 ratio,
731 3511 814 3539 nec
839 3497 941 3540 satis
965 3496 1115 3547 video,

209 3549 331 3607 ,quid
354 3548 437 3593 sibi
456 3548 592 3592 velint
614 3559 831 3596 catervae
858 3554 1114 3604 meliorum,

1026 1382 1138 1426 Mox
1209 1397 1350 1439 quum
1386 1381 1614 1426 sufficeret
1644 1381 1732 1425 dici
1765 1381 1985 1426 meliores
2013 1397 2098 1440 pro

1209 1439 1502 1482 munimentis
1526 1439 1789 1484 constitisse.
1834 1439 1988 1496 Quare
2008 1455 2098 1482 ma·

1207 1495 1269 1539 lui
1290 1495 1585 1540 Freinshemii
1612 1498 1918 1549 coniecturam
1944 1497 2098 1540 edere:

1206 1561 1484 1609 catervaque
1505 1563 1830 1605 armatorum,
1861 1570 1974 1613 quae
1998 1552 2098 1598 niti-

1207 1618 1281 1653 tur
1321 1608 1424 1654 loco
1455 1611 1562 1669 Agr.
1596 1628 1636 1655 c.
1658 1610 1729 1654 37.
1818 1613 1940 1656 Num
1981 1610 2094 1655 fuit:

1204 1675 1484 1723 catervaque
1516 1671 1672 1712 maior
1705 1683 1867 1712 eorum
1890 1683 1980 1725 pro
2011 1701 2024 1714 .
2047 1670 2100 1712 ..2

1205 1723 1417 1768 Ceterum
1434 1763 1435 1766 ,
1450 1734 1665 1777 caterva,
1710 1735 1760 1770 ut
1791 1727 2096 1779 collectivum,

1201 1783 1387 1826 verbum
1417 1781 1580 1840 accipit
1611 1783 1657 1826 in
1682 1798 1810 1832 num.
1837 1783 1957 1843 plur.
1981 1798 2085 1827 eon-

1199 1841 1446 1891 stiterunt,
1501 1839 1624 1898 quod
1682 1841 2096 1899 frequentissimum

1200 1897 1385 1940 Nostro.
1449 1896 1508 1940 cf.
1542 1913 1582 1940 c.
1607 1897 1678 1940 40.
1712 1899 1927 1942 iuventus
1959 1901 2092 1942 inva-

1199 1958 1331 1997 dunt.
1412 1954 1598 1998 Frustra
1631 1955 1766 2012 igitur
1800 1956 1994 2002 editores
2025 1971 2094 2000 re·

1202 2019 1340 2054 eentt.
1373 2019 1562 2054 caterva
1595 2021 1826 2056 mutarunt
1856 2015 1902 2057 in
1935 2021 2091 2057 cater-

1200 2082 1306 2112 vae.
1386 2070 1489 2112 MS.
1525 2069 1678 2114 Guelf.
1712 2070 1844 2114 habet
1873 2070 2092 2120 constite-

1200 2132 1294 2169 rat.
1356 2125 1426 2169 De
1456 2125 1649 2170 formula
1677 2141 1768 2180 pro
1792 2129 2095 2174 munimentis

1202 2181 1263 2226 cf.
1287 2183 1328 2234 2,
1353 2184 1424 2226 80.
1449 2191 1491 2227 et
1513 2193 1608 2228 not.
1634 2185 1690 2228 ad
1711 2185 1755 2234 2,
1778 2186 1848 2230 81.

1259 2266 1372 2311 CAP.
1396 2266 1469 2310 34.
1515 2264 1824 2312 accendenda.

1199 2324 1472 2368 occidenda.

1208 2400 1209 2403 ’
1259 2395 1479 2439 volitans.
1545 2371 1823 2440 MSpGffem
1852 2399 2090 2443 volutam.

1215 2500 1218 2502 .
1254 2466 1596 2533 Γεσιζυενᾳηιζαε.
1621 2523 1631 2533 ⁸
1654 2465 1731 2510 Sic
1761 2467 1883 2518 edd.⁴
1899 2476 2087 2524 recentt.

1198 2521 1303 2565 inde
1337 2538 1361 2565 a
1391 2523 1525 2581 Llpsu
1560 2539 1723 2590 prima.
1793 2522 1896 2592 MS.
1928 2524 2087 2591 ,Guelfa

1198 2588 1240 2623 et
1266 2587 1439 2680 miii}
1454 2579 1892 2680 ‘e‘i‘i‘dfssioisshisssm'
1903 2638 1932 2682 2
1950 2597 2088 2685 '⁸1⁶³ss

1192 2651 1353 2735 2²22&
1381 2668 1467 2735 aa}
1491 2692 1589 2736 MS.
1605 2668 1759 2736 eneis.
1787 2669 1916 2741 hai->et
1933 2671 2003 2741 'ae
2028 2725 2088 2736 -.

1192 2758 1260 2793 at.
1326 2751 1436 2794 Mox
1453 2753 1734 2806 pepulisent.
2048 2771 2051 2774 ¹

1248 2823 1503 2865 servitutis.
1563 2821 1645 2864 Ed.
1669 2821 1785 2881 Spir.
1809 2824 1994 2870 salutis.
2028 2837 2035 2848 “

1250 2890 1452 2934 initium.
1534 2891 1709 2950 Lipsius
1761 2901 1804 2938 et
1852 2894 2084 2941 Acidalius

1192 2947 1281 2992 hoc
1333 2950 1607 2993 vocabulum
1659 2964 1895 3010 perperam
1946 2950 2084 2998 laces·

1874 2268 1960 2314 Ea.
1971 2233 2090 2328 spir.

1180 3015 1311 3053 sunt,
1345 3015 1392 3049 ut
1412 3006 1602 3050 deleant.
1656 3008 1920 3052 Necessario
1943 3009 2083 3061 adest.

1192 3062 1431 3106 Namlicet
1451 3065 1538 3108 dici
1566 3066 1727 3123 possit:
1760 3064 1850 3109 Hic
1874 3067 1974 3109 dies
1991 3068 2082 3112 erit

1191 3121 1288 3163 dies
1319 3122 1655 3175 reciperandae
1684 3123 1937 3173 libertatis.
1983 3140 2080 3168 non

1190 3190 1329 3235 aeque
1363 3186 1510 3221 tamen
1543 3189 1695 3237 aptum
1721 3187 1785 3222 est
1806 3179 1944 3223 illud:
1982 3182 2082 3227 dies

1176 3235 1422 3277 servitutis
1446 3243 1679 3279 aeternae.
1741 3236 1848 3280 Dies
1879 3236 1954 3281 ille
1982 3253 2078 3283 nou

1188 3292 1334 3348 potuit
1384 3308 1476 3335 esse
1524 3294 1609 3336 nisi
1654 3294 1831 3337 initium
1872 3302 2077 3339 aeternae

1188 3349 1429 3393 servitutis.
1493 3349 1632 3405 Quid,
1662 3352 1698 3394 si
1719 3350 1902 3409 respicis
1923 3351 1980 3396 ad
2003 3367 2077 3397 vo·

1187 3406 1398 3449 cabulum
1421 3409 1606 3451 aciem?
1728 3463 1731 3467 Δ
1877 3465 1882 3471 .
1945 3466 1950 3470 ι

1243 3504 1274 3529 a
1297 3482 1540 3533 securibus.
1601 3490 1684 3533 Ed.
1709 3490 1828 3548 Spir.
1859 3491 1981 3537 haud
2007 3491 2076 3537 in·

1186 3554 1285 3606 epte
1309 3554 1354 3589 et
1373 3562 1404 3590 a
1427 3548 1678 3592 securibus.
