2164 3990
6 428 26 486 ³:¹-

78 868 96 880 ⁸*
132 854 376 911 fortuna
431 852 776 908 exstinctam
827 852 1103 909 referenS.

60 1199 65 1203 ”
129 1194 263 1251 ret?

227 208 278 250 A.
293 209 344 245 U..
361 206 445 241 sas.

225 253 278 287 A.
295 251 356 288 c,-
383 250 448 287 60.

680 208 851 270 LIB.
880 208 1044 271 XIV.
1121 208 1315 272 CAP.
1352 211 1449 272 11.
1870 213 1997 273 247

141 345 293 426 sinis,
326 343 570 398 infensa
608 332 787 403 militi
808 340 1211 417 rpatribusque¹
1235 350 1292 396 et
1314 339 1477 415 plebi
1498 340 1861 399 dissuasisset
1886 346 1995 400 do·-

139 429 408 486 nativum
444 438 500 484 et
534 425 902 498 congiarium
940 426 1318 501 periculaque
1349 424 1495 480 viris
1519 425 1870 483 inlustribus
1896 429 1993 484 in-

138 513 459 570 struxisset.
546 521 767 587 quanto
797 529 901 566 suo
939 511 1143 566 labore
1176 519 1605 585 perpetratum,
1649 530 1724 566 ne
1761 511 1991 568 inrum-

129 609 301 676 peret
323 597 567 675 curiam‚‘
587 615 663 651 ne
687 596 959 668 gentibus
984 596 1236 651 externis
1261 615 1539 671 responsa
1564 596 1770 651 daret?
1809 595 1990 653 Tem-

132 702 350 760 porum
371 701 606 759 quoque
619 679 1085 737 Claudianorum
1108 681 1350 757 obliqua
1376 681 1757 757 insectatione
1783 693 1991 739 cuncta

135 765 720 826 eius'dominationis
752 766 973 839 flagitia
1009 766 1075 823 in
1109 777 1358 822 matrem
1380 766 1710 837 transtulit,
1751 767 1991 840 publica

1204 836 1460 927 namque
1512 860 1569 907 et
1617 851 1990 925 naufragium

133 938 442 995 narrabat:
467 938 628 1013 quod
651 937 963 994 fortuitum
988 937 1194 1005 fuisse,
1218 935 1351 1012 quis
1377 938 1522 993 adeo
1549 932 1727 997 hebes
1754 936 1989 993 inveni*—

133 1034 328 1093 ret-ur‚
370 1033 438 1079 ut
462 1022 763 1079 crederet?
821 1033 924 1079 aut
947 1042 980 1077 a
1002 1022 1252 1078 muliere
1277 1022 1557 1094 naufraga
1581 1021 1824 1078 missum
1854 1043 1988 1079 cum

128 1109 249 1166 telo
273 1128 462 1165 unum
477 1153 494 1177 ‚
527 1108 636 1184 'qui
658 1103 928 1163 cohortes
953 1117 1009 1163 et
1030 1107 1237 1162 classes
1260 1106 1631 1181 imperatoris
1657 1103 1987 1182 perfringe—

354 1190 516 1268 Ergo
563 1207 690 1250 non
731 1191 850 1248 iam
884 1189 1075 1261 Nem,
1129 1191 1298 1249 cuius
1339 1191 1676 1264 immanitas
1716 1193 1986 1251 omnium

129 1412 275 1475 Ryck.
306 1430 327 1458 s
361 1428 408 1472 q.
438 1437 498 1447 —
555 1428 613 1457 oc
639 1420 889 1469 postquam
909 1412 1024 1470 sru-

129 1479 234 1515 stra
271 1473 325 1514 ob
359 1479 430 1514 'ta
471 1471 533 1514 sit
575 1470 644 1514 ed.
681 1468 801 1529 Spir.
830 1475 912 1504 '-
969 1486 1025 1512 ac

124 1536 436 1585 posteaquam
478 1529 672 1584 frustra
723 1531 882 1570 oblata
929 1528 1024 1570 sint

128 1585 268 1631 MSS.
299 1586 424 1630 Harl.
456 1584 592 1629 Bodl.
625 1587 708 1629 les.
737 1585 846 1644 Reg.
870 1585 1022 1628 Guelf.

130 1643 220 1698 (hic
246 1646 519 1699 postquam)
549 1641 664 1685 Bud.
698 1643 799 1685 edd.
826 1643 927 1686 Put.
951 1643 1019 1685 M.

127 1709 175 1744 et
195 1700 254 1745 V.
276 1700 487 1744 Beroald.
516 1702 573 1754 (c.
592 1700 893 1757 silent.Vict.)
917 1699 1021 1744 Alc.

130 1758 273 1802 Rh'en.
313 1773 409 1815 sqq.
499 1760 558 1800 At
602 1774 691 1800 sec.
736 1757 888 1801 collat.
931 1757 1022 1799 Iac.

131 1814 350 1859 Gronovii
383 1831 405 1857 e
435 1816 532 1859 MS.
556 1815 676 1858 Flor.
709 1815 824 1858 sicut
856 1831 879 1857 e
906 1815 1021 1857 Far-

129 1890 223 1917 nes.
250 1881 292 1916 et
312 1871 448 1916 Corb.
473 1872 681 1915 adferunt
700 1875 888 1923 ablata,
919 1880 961 1914 et
984 1870 1019 1913 si

127 1931 237 1973 fides
266 1930 457 1982 Iacobo,
506 1929 553 1970 iu
585 1930 709 1976 Flor.
749 1937 812 1972 est
844 1930 905 1971 sit
936 1944 1019 1986 pro

125 1989 235 2031 sint.
298 1987 537 2030 Accessere
557 1986 756 2030 virorum
779 1987 1018 2028 doctorum

127 2045 428 2104 coniecturae.
517 2043 722 2086 Rhenan.
772 2043 1019 2098 frustrata

126 2102 199 2146 sit.
267 2102 386 2160 Lips.
414 2101 604 2157 frustra
634 2103 693 2143 ab
721 2103 802 2143 illa
836 2108 1019 2143 tentata

125 2161 237 2203 sint.
325 2159 489 2206 Danes.
546 2166 859 2215 posteaquam
898 2157 1015 2214 fru-

123 2225 306 2269 strata,
347 2225 399 2258 ut
432 2216 617 2273 insensa
653 2226 736 2260 etc.
805 2215 1017 2257 Muretus

123 2275 231 2318 hinc
258 2283 510 2330 postquam
531 2273 727 2329 frustra
757 2274 919 2316 habita
945 2273 1020 2314 sit.

125 2332 354 2376 Acidalius
378 2339 567 2386 captata
590 2332 697 2374 sint.
756 2329 790 2372 l.
809 2331 886 2374 Fr.
905 2329 1019 2372 Gro-

126 2405 233 2437 ῐιον,
277 2389 474 2445 frustra
527 2395 772 2430 tentasset.
865 2387 1017 2429 Heius.

113 2447 303 2504 frustra
367 2453 580 2499 coeptata
638 2447 746 2487 sint.
837 2446 1019 2487 Frustra

126 2503 295 2546 omnia.
374 2503 563 2557 Optata*
597 2502 727 2545 etiam
772 2511 815 2545 et
853 2505 1016 2543 ablata

125 2577 218 2604 esse
244 2561 297 2603 ab
322 2557 587 2604 emendandi
613 2559 759 2602 studio
782 2558 913 2602 facile
933 2557 1015 2600 tibi

123 2618 423 2678 persuadebis.
497 2617 760 2666 verissime,
813 2625 864 2659 ut
906 2615 1014 2658 mihi

124 2676 327 2724 videtur,
373 2675 446 2718 ed.
482 2674 602 2733 Spir.
646 2676 803 2716 oblata
837 2675 899 2716 sit
930 2688 1016 2730 pro

121 2748 171 2777 se
192 2735 407 2775 obtulerit
428 2748 489 2775 sc.
514 2731 644 2774 militi
666 2733 952 2789 patribusque
978 2737 1020 2772 et

123 2790 241 2849 plebi
264 2799 313 2832 ut
335 2798 594 2834 consortem
618 2789 822 2847 imperii3
850 2788 922 2833 vel
945 2789 1018 2829 ob-

123 2851 227 2891 lata
255 2848 316 2890 sit
350 2863 429 2905 per
457 2845 687 2888 ministros
710 2863 814 2889 suos
838 2855 880 2889 et
903 2844 1018 2887 ami-

125 2922 218 2949 cos.
279 2905 354 2948 Sic
378 2905 500 2947 Suet.
518 2902 696 2946 Domit.
717 2921 758 2947 c.
779 2904 851 2947 22.
885 2904 1020 2944 obla—

125 2971 226 3005 tam
250 2963 298 3004 z'n
324 2962 684 3004 matrimonium
714 2962 814 3003 sibi.
875 2960 1018 3003 Puta·-

122 3020 226 3062 bam
252 3019 384 3061 etiam
410 3013 576 3060 omiss'o
602 3017 739 3060 dubio
762 3019 898 3061 verbo
933 3018 1018 3075 legi

124 3092 278 3176 fosse:
310 3092 365 3118 ac
384 3084 698 3130 posteaquam
714 3075 908 3130 frustra
936 3075 1016 3129 (sc.

147 3134 277 3177 uerit.
361 3133 418 3176 cf.
461 3132 575 3175 Hist.
620 3134 659 3183 1,
699 3134 768 3176 75.
815 3132 1019 3187 utrisque

110 3191 306 3248 frustra
327 3190 449 3246 suit,
491 3190 556 3231 vel
591 3190 822 3233 intellecto
853 3204 1019 3245 spera-

126 3249 245 3290 verit
287 3264 310 3292 e
350 3246 634 3303 praecedd.)‚
691 3248 878 3303 insensa
932 3256 1017 3289 etc.

123 3304 354 3348 Ernestius
372 3320 420 3347 ex
444 3304 514 3346 ed.
530 3303 648 3362 Spir.
661 3303 805 3347 attulit
830 3306 1018 3355 oblatu5

127 3377 182 3404 ne
210 3361 381 3406 credas.

183 3455 333 3518 ninia:
422 3475 498 3520 sie
549 3474 687 3518 MSS.
728 3475 850 3518 Flor.
901 3475 1015 3527 (ιω.

125 3530 244 3577 vict.
266 3548 307 3576 c.
323 3532 409 3578 lae.
425 3533 594 3591 Gron.)
617 3532 731 3590 Reg.
746 3530 884 3577 Corb.
899 3531 1014 3576 Bud.

1097 1413 1201 1458 edd.
1229 1412 1347 1471 Spir.
1370 1412 1546 1457 Ernest.
1577 1429 1676 1512 sqq'.
1707 1437 1759 1447 --
1822 1416 1990 1472 militi-

1095 1474 1183 1514 bus
1218 1471 1355 1515 MSS.
1387 1470 1514 1515 Harl.
1553 1470 1651 1514 Bod
1675 1504 1684 1512 .
1721 1472 1800 1515 les.
1835 1472 1987 1517 Guelf.

1095 1529 1198 1573 edd.
1233 1529 1336 1571 Put.
1371 1529 1439 1572 M.
1475 1535 1517 1571 et
1544 1527 1603 1572 V.
1639 1528 1851 1573 Beroald.
1890 1531 1988 1575 Ate.

1094 1586 1238 1630 Rhen.
1262 1601 1360 1644 sqq.

1146 1684 1438 1731 inlustribus.
1498 1682 1576 1726 Sic
1596 1683 1698 1727 MS.
1722 1683 1848 1728 Flor.
1871 1686 1986 1740 (test.

1093 1739 1252 1797 Vict.).
1323 1743 1578 1784 illustribus
1627 1742 1728 1785 edd.
1781 1750 1892 1788 vett.
1945 1759 1986 1789 c.

1153 1896 1340 1950 obliqua
1380 1894 1693 1937 insectatione.
1767 1894 1843 1939 Sic
1879 1895 1983 1940 MS.

1092 1953 1204 2008 Agr.
1229 1952 1466 2010 edd.Lips.
1489 1967 1584 2009 sqq.
1613 1979 1673 1988 --
1730 1953 1872 1995 oblita
1895 1954 1982 1997 ins.

1089 2009 1224 2053 MSS.
1260 2009 1382 2051 Flor.
1419 2009 1530 2065 Reg.
1567 2008 1691 2051 Harl.
1726 2009 1861 2057 Bodl,
1897 2010 1982 2055 les.

1092 2065 1243 2110 Guelf.
1269 2066 1387 2109 Bud.
1420 2066 1519 2109 edd.
1549 2074 1654 2109 vett.
1714 2066 1985 2111 Emendatio

1088 2121 1294 2181 Lipsiana
1328 2123 1575 2167 certissima
1610 2131 1689 2167 est.
1748 2122 1809 2166 cf.
1841 2126 1883 2177 2,
1913 2126 1984 2169 55.

1092 2183 1268 2237 oblique
1294 2183 1648 2235 perstringere;
1687 2179 1728 2232 3,
1747 2181 1821 2224 35.
1854 2184 1987 2226 casti-

1090 2241 1213 2295 gatis
1254 2239 1450 2294 oblique.
1534 2238 1656 2281 Suet.
1688 2238 1829 2282 Dom.
1871 2255 1911 2282 c.
1939 2241 1986 2283 2.

1091 2298 1288 2352 obliquis
1351 2296 1645 2337 orationibus
1709 2303 1754 2339 et
1813 2298 1983 2340 edictis.

1091 2355 1265 2411 Lipsius
1296 2353 1510 2395 mendum
1549 2353 1725 2396 derivat
1756 2368 1805 2393 ex
1840 2353 1984 2409 prisca

1089 2413 1262 2455 ratione
1301 2409 1527 2452 scribendi
1570 2411 1733 2452 oblico.

1091 2469 1225 2515 sime,
1261 2475 1301 2509 et
1324 2466 1397 2508 hic
1418 2466 1581 2508 iterum
1608 2475 1672 2508 est
1692 2466 1889 2524 vulgaris
1909 2466 1983 2511 illa

1090 2526 1339 2568 litterarum
1384 2530 1402 2563 t
1440 2533 1483 2566 et
1519 2540 1541 2565 c
1583 2523 1880 2581 permutatio,
1930 2525 1985 2568 de

1091 2599 1176 2641 qua
1203 2582 1391 2624 diximus
1411 2581 1465 2623 ad
1491 2597 1532 2624 c.
1554 2581 1597 2624 8.

1145 2678 1343 2733 publica.
1405 2670 1662 2720 MS.'Flor.
1700 2678 1816 2731 (test.
1844 2677 1985 2735 Viet.)

1089 2739 1296 2839 llyquica,
1356 2735 1420 2776 uti
1474 2733 1604 2777 solet.
1684 2734 1746 2779 cf.
1788 2745 1885 2780 not.
1931 2738 1987 2780 ad

1148 2891 1372 2931 namque.
1431 2875 1498 2918 Eo
1530 2874 1733 2930 respicit,
1774 2869 1895 2934 quod
1926 2877 1982 2921 il-

1091 2935 1181 2978 lam
1206 2932 1387 2976 iortuna
1416 2931 1593 2990 publica
1619 2933 1877 2977 exstinetam
1914 2935 1984 2978 di-

1089 3001 1224 3035 xerat.

1147 3078 1268 3131 quod
1275 3073 1534 3131 fortuitum
1543 3073 1715 3125 fuisse.
1775 3073 1851 3116 Sic
1871 3073 1985 3119 Rhe-

1090 3149 1233 3177 nanus
1267 3148 1315 3173 ex
1344 3131 1555 3188 ingenio3
1590 3131 1727 3172 secuti
1753 3139 1855 3173 sunt
1878 3131 1982 3175 dein

1092 3206 1250 3232 omnes
1274 3189 1480 3231 editores.
1539 3187 1660 3231 Libri
1683 3187 1983 3244 vett2suisset.

1091 3247 1175 3289 Ed.
1201 3245 1319 3304 Spir.
1346 3244 1466 3288 addit
1489 3244 1618 3287 etiam
1645 3253 1688 3286 et
1713 3253 1813 3288 ante
1846 3252 1983 3302 quod,

1089 3303 1210 3346 unde
1234 3312 1417 3362 apparet
1438 3310 1605 3348 veteres
1628 3303 1779 3344 locum
1814 3302 1872 3346 ita
1904 3321 1982 3348 ac-

1090 3361 1282 3415 cepisse,
1346 3368 1394 3402 ut
1439 3362 1562 3414 quod
1607 3368 1820 3417 tanquam
1863 3377 1978 3404 con-

1090 3418 1258 3460 iunctio
1290 3415 1555 3476 penderet'e
1577 3419 1827 3460 narrabat.
1888 3418 1979 3461 Pro

1088 3476 1224 3540 hebes
1253 3474 1330 3541 .‘²d·
1364 3474 1484 3533 spir:
1529 3474 1602 3519 dat
1640 3476 1769 3524 ebes,
1818 3476 1981 3523 omissa

1087 3539 1371 3590 aspiratione.

1805 2410 1982 2453 Rectis-
2051 2459 2059 2466 .
