2164 3990
587 212 759 274 LIB.
793 213 954 276 XIV.
1031 211 1228 306 CAP.
1260 162 1367 274 eo,
1405 211 1505 275 61.
1817 216 1942 277 315

98 367 165 404 os
206 345 373 406 eius?
448 340 728 400 Movetur
768 354 966 399 tamen
1007 344 1200 418 primo
1241 344 1428 400 civilis
1466 343 1701 400 discidii
1735 347 1946 421 specie,

98 434 457 506 domumque
478 427 660 487 Burri
689 426 1007 502 et'praedia
1033 426 1231 486 Plauti
1257 429 1509 485 infausta
1535 429 1690 486 dona
1717 431 1946 506 accipit.

97 537 235 573 mox
274 516 340 572 in
373 512 756 587 Campaniam
793 513 963 586 pulsa
1010 524 1094 568 est
1138 514 1336 570 addita
1375 513 1621 570 militari
1666 516 1947 576 custodia.

97 601 238 658 inde
275 600 467 660 crebri
500 610 736 674 questus
772 617 880 653 nec
914 598 1127 654 occulti
1158 619 1263 672 per
1289 598 1560 671 vulg-um,
1617 599 1713 654 cui
1747 601 1948 656 minor

100 686 382 760 sapientia
429 695 485 739 et
523 704 590 739 ex
624 682 1030 738 mediocritate
1070 682 1340 739 fortunae
1373 682 1650 757 pauciora
1687 685 1949 758 pericula

180 211 237 250 A.
250 211 304 248 U.
323 200 405 246 3316.

181 259 234 292 Α.
254 254 302 291 C.
332 255 406 290 0³.

100 781 252 836 sunt.

99 855 294 928 iugem
325 854 622 910 revocavit
645 849 974 912 Octaviam.

336 767 448 825 His
463 767 620 824 Nero
636 813 652 838 ,
675 764 1132 843 haudquaquam
1157 768 1516 842 poenitentia
1539 768 1748 842 flagitii
1763 815 1780 839 ‚
1807 790 1950 829 con-

264 963 424 1024 LXI.
468 962 628 1020 Exin
652 964 792 1020 laeti
817 961 1175 1038 Capitolium
1209 963 1497 1020 scandunt
1530 964 1784 1040 deosque
1817 975 1953 1020 tan-

102 1052 237 1108 dem
262 1049 637 1108 venerantur.

726 1048 942 1130 effigies
965 1047 1271 1123 Poppaeae
1301 1061 1621 1122 proruunt:
1669 1045 1952 1112 Octaviae

103 1136 386 1210 imagines
413 1145 638 1212 gestant
663 1129 956 1203 humeriS‚
1007 1143 1289 1211 spargunt
1324 1133 1572 1190 floribus
1607 1135 1857 1212 foroque
1887 1155 1954 1191 ae

162 1356 394 1405 movetur.
453 1347 510 1392 H.
536 1365 575 1392 e.
607 1356 859 1393 amovetur.
919 1347 996 1392 Sic

105 1407 245 1448 motis
264 1407 449 1448 senibus
470 1423 510 1450 c.
532 1407 608 1458 323
647 1415 814 1447 senatu
835 1421 994 1449 move-

105 1471 271 1506 rentur
301 1479 340 1506 c.
365 1463 434 1505 59.
495 1465 677 1507 Frustra
709 1465 842 1518 igitur
870 1464 996 1521 prio-

104 1535 206 1563 rum
234 1518 531 1578 interpretum
554 1521 761 1564 nonnulli
789 1536 993 1579 corrige-

105 1576 213 1620 bant
232 1586 490 1624 amovetur.

428 1663 505 1705 Sic
542 1661 677 1706 MSS.
711 1663 836 1706 Flor.
878 1663 995 1718 (test.

109 1717 230 1760 Vici.
253 1735 290 1761 c.
315 1718 390 1774 al.)
423 1719 539 1762 Bud.
572 1719 720 1762 Guelf.
751 1723 860 1774 Agr.
893 1720 996 1762 edd.

110 1775 227 1830 Spir.
261 1775 399 1832 Ryck.
437 1793 535 1833 sqq.
567 1805 624 1811 --
683 1779 865 1819 dissidii
895 1777 996 1819 edd.

108 1832 210 1876 Put.
232 1833 302 1876 M.
329 1841 370 1875 et
394 1834 449 1878 V.
477 1835 577 1875 Ber.
604 1833 707 1877 Ale.
727 1835 870 1878 Rhen.
902 1849 1000 1890 sqq.

110 1889 167 1990 (ἷὲ
194 1899 288 1990 ilot-
311 1890 366 1934 ad
385 1892 427 1943 2,
446 1893 518 1946 86.
548 1890 589 1942 3,
612 1891 683 1934 34.
723 1894 789 1943 12,
809 1894 838 1934 2
861 1901 904 1935 et
931 1895 999 1934 40.

166 2032 327 2086 specie.
398 2030 481 2076 Ed.
518 2032 636 2090 Spir.
671 2032 840 2087 speeie,
887 2047 1000 2087 quae

111 2093 331 2147 scriptura
360 2089 532 2146 saepius
566 2099 699 2132 exstat
726 2089 773 2131 in
802 2098 911 2132 vett.
939 2089 998 2131 li-

109 2148 216 2192 bris.
277 2147 375 2189 MS.
397 2145 547 2190 Guelf.
574 2155 623 2189 ut
645 2147 899 2206 saepissime
920 2163 1001 2206 per

113 2205 432 2260 compendium
457 2200 558 2258 ερέ.

165 1662 357 1704 discidii.

173 2297 218 2330 et
254 2289 469 2343 praedia.
551 2288 636 2331 Ed.
667 2288 783 2344 Spir.
823 2303 864 2331 c.
898 2287 1003 2329 cod.

113 2345 263 2390 Guelf.
282 2346 580 2401 praediaque.
625 2345 725 2389 MS.
740 2346 865 2387 Flor.
889 2347 1004 2399 (test.

110 2404 232 2446 Vict.
254 2419 293 2446 c.
318 2405 393 2458 al.)
418 2403 582 2445 omittit
603 2402 828 2460 copulam.
894 2403 1004 2443 vnl-

113 2469 263 2517 gatum
286 2460 447 2522 habrent
470 2460 569 2502 edd.
586 2460 687 2502 Put.
703 2475 798 2516 sqq.
816 2487 874 2494 -
896 2459 1004 2501 Ron

114 2518 185 2561 ed.
208 2517 328 2574 Spir.
353 2531 394 2558 c.
418 2517 519 2560 eod.
547 2516 695 2560 Guelf.
718 2518 768 2558 in
797 2517 1003 2567 Campa-

112 2578 193 2618 nia
237 2590 319 2633 pro
366 2574 413 2615 in
462 2574 790 2629 Campaniam.
863 2574 1006 2626 Iidem

107 2633 216 2676 ¹libri
240 2639 339 2690 post
359 2633 593 2685 sapientia
614 2631 828 2683 omittunt
850 2639 911 2674 et.

173 2718 244 2759 his
255 2718 380 2758 Nero
396 2747 408 2771 ‚
438 2716 566 2756 haud
586 2730 824 2771 quaquam
843 2714 1005 2771 poeni-

118 2777 265 2816 tentia
291 2773 344 2827 sl.
402 2773 565 2815 ‘Locus
601 2774 782 2815 mutilus
814 2774 1006 2816 fractus-

120 2847 230 2889 que,
283 2828 354 2872 cni
395 2838 568 2873 veteres
611 2829 715 2871 libri
756 2830 900 2872 adhuc
933 2831 1009 2871 in-

119 2888 260 2945 specti
292 2884 357 2928 nil
393 2886 489 2943 opis
514 2888 727 2929 attulere.
788 2888 867 2929 Ed.
894 2889 1007 2945 Spir.

118 2946 211 2986 His
247 2957 511 2999 quanquam
537 2944 662 2984 IVero
692 2961 738 3000 p.
764 2946 818 2998 fl.
881 2946 995 2989 Con»

119 3001 252 3047 sentit
277 2998 526 3052 MS.Corb.
558 3028 617 3047 —.-
672 3001 786 3045 Edd.
815 3002 916 3044 Put.
942 3002 1008 3044 M.

122 3067 165 3102 et
183 3061 236 3100 V.
268 3057 357 3109 His
377 3059 505 3098 haud
527 3072 758 3114 quaquam
783 3062 909 3107 Nero
924 3074 1006 3115 pe-

121 3117 320 3158 nitentia
334 3113 393 3170 fl.
454 3115 657 3157 Beroald.
694 3125 735 3160 et
769 3117 1009 3160 Rhenanus

122 3173 278 3215 eadem
330 3172 517 3223 habent,
578 3173 705 3217 uncis
746 3183 894 3221 tamen
944 3176 1009 3222 in-

123 3230 311 3274 cludunt
343 3229 476 3271 verba
516 3229 646 3275 Imud
681 3261 691 3272 .
717 3261 727 3272 .
753 3263 762 3273 .
784 3263 794 3273 .
815 3232 1008 3287 flagitii.

123 3288 209 3331 Sed
245 3288 371 3328 haud
405 3300 643 3341 quaquam
675 3302 697 3329 a
729 3288 863 3330 MSS.
904 3290 1013 3332 alie-

116 3361 234 3387 ,num
278 3351 370 3397 est,
422 3341 506 3384 nisi
542 3344 662 3399 quod
706 3345 928 3388 invenitur
966 3347 1011 3388 in

125 3402 323 3459 margine
359 3400 460 3444 MS.
492 3400 624 3443 Bodl.
695 3401 900 3445 Victorio
942 3413 1012 3446 te-

127 3467 267 3501 stante
305 3458 348 3500 in
385 3458 485 3501 MS.
519 3457 643 3500 flor.
688 3456 875 3514 legitur:
926 3461 1014 3504 His

128 3517 253 3559 Nero
277 3530 513 3578 quaquam
529 3530 577 3570 p.
587 3514 648 3571 fl
709 3514 799 3559 Alii
823 3514 926 3561 inde
941 3520 1013 3573 ad.

1065 1348 1218 1391 ferunt
1244 1364 1533 1406 quanquam.
1594 1351 1694 1394 MS.
1717 1350 1832 1394 Bud.
1866 1352 1958 1405 llis

1068 1414 1295 1461 tanquam
1320 1410 1607 1462 poenitentia
1678 1442 1687 1452 .
1702 1427 1716 1460 ;
1754 1427 1775 1452 a
1805 1427 1873 1468 pr.
1896 1410 1977 1455 m.''

1067 1479 1356 1519 quanquam.
1420 1465 1556 1508 MSS.
1576 1465 1667 1508 Har
1691 1498 1702 1509 .
1724 1468 1849 1512 ssodl.
1874 1468 1958 1511 les.

1068 1520 1222 1566 Guelf.
1252 1523 1341 1564 His
1373 1531 1525 1564 motus
1545 1524 1692 1572 Nero,
1732 1533 1962 1581 tanquam

1061 1580 1236 1634 poenit.
1268 1579 1329 1635 fl.
1398 1581 1500 1623 MS.
1534 1582 1640 1638 Agr.
1677 1590 1719 1624 et
1753 1582 1855 1626 inde
1889 1582 1961 1626 ed.

1068 1635 1238 1695 ssyek.:
1273 1638 1361 1679 His
1383 1640 1686 1686 motuslvero,
1719 1655 1780 1680 an
1795 1642 1962 1695 poeni-

1069 1694 1218 1736 tentia
1230 1694 1282 1748 fl.
1314 1695 1555 1738 Accessere
1578 1695 1782 1739 virorum
1806 1698 1962 1742 docto-

1070 1768 1171 1793 rum
1210 1753 1509 1794 coniecturae.
1569 1751 1810 1797 Rhenanus
1846 1756 1962 1799 duce

1071 1809 1173 1850 MS.
1197 1809 1315 1853 Bud.
1348 1809 1438 1850 His
1461 1810 1584 1851 Nero
1607 1818 1834 1866 tanquam
1853 1828 1963 1867 pne-

1070 1866 1267 1911 nitentia
1286 1866 1347 1921 fl.
1411 1865 1666 1910 Acidalius:
1710 1868 1798 1911 His
1827 1871 1965 1912 audi-

1073 1925 1158 1971 tis,
1201 1930 1434 1978 tanquam
1458 1925 1748 1977 poenitentia
1766 1926 1964 1982 flagitii,
2027 1924 2035 1933 “

1070 1973 1197 2021 Nero
1239 1995 1482 2033 conlugem
1516 1995 1551 2021 r.
1589 1980 1640 2023 Ο.
1712 1981 1966 2028 Ειτιεεῐίυεε

1070 2037 1161 2079 His
1197 2044 1424 2092 tanquam
1463 2037 1532 2080 vel
1571 2040 1697 2080 haud
1730 2056 1965 2097 quaquam

1072 2108 1187 2135 vera
1221 2109 1358 2147 poen.
1385 2093 1445 2149 fl.
1527 2094 1759 2140 Broterius
1801 2099 1964 2143 edidit:

1071 2152 1161 2194 His
1194 2160 1347 2198 molus
1377 2153 1526 2203 Nero,
1566 2155 1697 2195 haud
1728 2171 1968 2211 quaquam.

1066 2223 1116 2264 p.
1146 2208 1206 2264 fl.
1268 2208 1454 2251 Hillezo
1500 2211 1709 2253 suadente
1752 2212 1965 2259 Oberlin.

1075 2282 1174 2324 sqq.
1201 2266 1386 2309 dedere:
1419 2268 1504 2308 His
1517 2268 1667 2323 Nero,
1699 2272 1825 2311 haud
1849 2287 1966 2326 qua-

1077 2339 1222 2379 qaanz
1261 2338 1311 2376 p.
1340 2322 1401 2379 fl.
1480 2323 1568 2365 His
1615 2327 1840 2384 accipiunt
1883 2346 1966 2386 pro

1070 2389 1271 2435 propter
1291 2383 1430 2432 haec,
1461 2381 1733 2426 dieserlmlo.
1795 2385 1967 2430 Provo-

1075 2447 1174 2478 eant
1209 2437 1264 2478 ad
1295 2438 1359 2486 15,
1387 2440 1453 2479 12.
1483 2438 1572 2480 His
1607 2447 1744 2494 atque
1776 2445 1970 2497 talibus,-

1079 2493 1144 2543 15,
1176 2494 1247 2535 25.
1292 2495 1462 2535 talibas
1493 2497 1672 2538 litteris.
1736 2497 1866 2554 Quae
1900 2511 1971 2545 ta·-

1076 2567 1179 2593 men
1250 2551 1448 2608 exempla
1516 2567 1608 2594 non
1675 2557 1966 2606 satisfaciunt.

1077 2608 1348 2651 BISStorum
1415 2609 1619 2657 confusio
1687 2615 1970 2660 notabilioris

1081 2664 1234 2707 mendi
1263 2664 1562 2721 suspicionem
1593 2679 1756 2712 movet.
1816 2672 1970 2717 Li'me-

1079 2737 1271 2765 mannus
1298 2737 1440 2779 nuper
1461 2739 1561 2765 cum
1592 2724 1809 2782 Rupertio
1837 2747 1968 2774 secu-

1080 2788 1150 2821 tus
1185 2786 1249 2821 est
1281 2780 1546 2836 scripturam
1571 2781 1705 2826 MSS.
1734 2785 1972 2831 Oxonien-

1080 2836 1222 2887 sium,
1263 2835 1360 2893 quis
1387 2839 1576 2894 genuina
1605 2840 1844 2886 inesse‘vix
1871 2848 1969 2890 eui·—

1080 2909 1212 2950 quam
1249 2894 1601 2950 persuadebitur.
1674 2897 1788 2942 Illud
1820 2911 1973 2947 motus

1079 2950 1268 3002 nimium
1299 2951 1468 3003 redolet
1494 2967 1676 2996 manum
1709 2959 1970 3004 emendato—

1080 3007 1156 3049 ris.
1219 3007 1311 3049 Nos
1336 3008 1543 3050 Oberlini
1567 3011 1784 3056 rationem
1820 3019 1973 3074 sequi-

1081 3080 1184 3107 mur
1204 3073 1250 3110 ut
1274 3064 1404 3117 hodie
1429 3064 1682 3122 vulgatam,
1715 3071 1968 3132 quanquam
2016 3068 2018 3071 ¹

1083 3123 1136 3164 de
1162 3121 1253 3164 cius
1280 3121 1472 3166 vanitate
1495 3122 1599 3166 satis
1627 3128 1756 3170 nobis
1785 3141 1973 3177 constat.

1081 3178 1373 3234 Kiesslingius
1403 3179 1608 3238 repetivit
1641 3199 1751 3240 quae
1787 3197 1891 3231 sunt
1925 3190 1974 3234 in

1083 3235 1183 3278 MS.
1210 3234 1358 3289 Guelf.
1382 3245 1466 3280 etc.

1142 3292 1254 3334 CAP.
1276 3293 1347 3335 61.
1409 3294 1672 3347 Poppaeae.
1732 3298 1817 3344 Ed.
1853 3304 1975 3362 Spir.

1085 3349 1315 3404 Pompcae
1342 3358 1382 3392 et
1413 3351 1468 3395 ita
1491 3352 1644 3399 Guelf.
1679 3354 1725 3399 in
1757 3363 1971 3419 margine.

1086 3407 1171 3449 Sed
1197 3410 1348 3458 eadem
1373 3407 1442 3450 ed.
1464 3409 1581 3467 Spir.
1603 3427 1733 3470 supra
1748 3411 1978 3474 Poppeaeg

1086 3465 1230 3507 Antea
1262 3478 1346 3520 pro
1383 3471 1572 3510 tandem
1604 3468 1835 3528 Bipontini
1870 3477 1977 3531 dant

1085 3523 1250 3571 laude,
1278 3522 1422 3577 inutili
1448 3525 1771 3574 emendatione.
1938 3523 1959 3532 ἰ
