2164 3990
0 414 13 447 7

206 263 326 301 AJJ.
345 264 431 298 809.

207 306 324 344 A.C.
350 307 430 349 >⁵6.

604 266 774 328 LIB.
809 265 979 328 XIII.
1037 264 1228 329 CAP.
1272 266 1364 328 15.
1407 269 1501 328 16.
1858 274 1978 334 165
2014 293 2017 301 ’

123 402 216 457 ius
252 417 390 456 cura
423 396 784 454 attinebatur
815 396 1089 454 damnata
1124 397 1390 453 veneficii
1425 397 1670 454 nomine
1700 397 1969 471 Locusta,
1996 468 1998 470 ,

119 484 304 546 multa
353 483 637 538 scelerum
674 482 848 540 fama.
933 502 1072 537 nam
1109 494 1175 538 ut
1198 475 1510 556 'proximus
1546 484 1795 559 quisque
1828 483 1967 541 Bri-

120 568 359 626 tannico
387 587 578 644 neque
603 567 690 621 fas
716 586 907 642 neque
933 567 1108 621 fidem
1133 567 1301 641 pensi
1335 563 1607 636 haberet-3
1650 569 1794 624 olim
1827 590 1968 644 pro-

119 652 312 709 visum
336 663 487 710 erat..
561 649 831 707 Primum
856 671 1151 708 venenum
1176 653 1248 707 ab
1274 652 1412 726 ipsis
1437 654 1847 710 educatoribus
1871 675 1968 721 auca—

121 737 274 811 cepit
295 736 659 811 tramisitque
684 738 941 793 exsoluta
969 738 1099 792 alvo
1116 782 1131 805 ‚
1158 757 1366 811 parum
1391 738 1798 794 validum'sive
1818 750 1968 794 tem-

118 833 525 898 peramentum
552 821 774 890 inerat,
814 842 888 877 ne
916 822 1111 879 statim
1137 822 1422 881 saeviret-
1489 812 1605 879 Sed
1633 821 1789 879 Nero
1819 824 1966 880 lenti

40 903 41 906 ¹
120 907 352 963 sceleris
389 907 700 981 impatiens
737 907 1000 963 minitari
1036 907 1307 975 tribuno,
1369 908 1572 968 iube-re
1612 908 1967 983 supplicium

118 991 437 1060 veneficaess
475 993 661 1067 quod,
705 993 848 1047 dum
872 1012 1171 1047 rumorem
1194 991 1545 1065 respiciunt,
1590 993 1730 1051 dum
1755 1006 1967 1068 parant

121 1077 521 1146 defensioneS‚
586 1077 953 1133 securitatem
1003 1087 1393 1135 morarentur.
1487 1078 1966 1152 promittentibus

121 1162 257 1217 dein
298 1173 418 1217 tam
449 1161 826 1236 praecipitem
861 1181 1095 1229 necem,
1151 1181 1327 1235 quam
1365 1162 1413 1216 si
1448 1162 1603 1218 ferro
1645 1175 1968 1235 urgeretur,

120 1246 459 1303 cubiculum
481 1244 743 1301 Caesaris
767 1246 926 1302 iuxta
954 1245 1303 1320 decoquitur
1328 1246 1490 1304 virus
1516 1247 1764 1320 cognitis
1799 1260 1967 1305 autea

118 1331 362 1386 venenis
384 1326 680 1404 rapidum.

286 1439 449 1499 XVI.
501 1440 639 1496 Mos
668 1436 996 1496 habebatur
1022 1442 1359 1516 principum
1388 1443 1608 1500 liberos
1646 1466 1779 1500 cum
1819 1458 1967 1503 cete—

120 1527 201 1583 ris
230 1526 388 1584 idem
414 1526 615 1582 aetatis
640 1526 943 1581 nobilibus
968 1527 1233 1582 sedentes
1271 1528 1427 1583 vesci
1462 1529 1526 1584 in
1562 1542 1795 1604 aspectu
1833 1517 1973 1605 pro-

119 1612 484 1688 pinquorum
532 1610 770 1685 propria
819 1623 876 1667 et
919 1612 1186 1684 parciore
1230 1633 1446 1671 mensa.
1535 1614 1656 1670 illic
1702 1615 1982 1689 epulante

120 1694 464 1752 Britannico
482 1741 497 1766 ‚
531 1696 668 1772 quia
695 1695 860 1751 cibus
882 1706 1171 1773 potusque
1197 1697 1320 1752 eius
1344 1698 1600 1755 delectus
1626 1719 1692 1754 ex
1717 1700 1973 1757 ministri

884 1801 918 1844 l

124 1917 240 1976 Spir.
263 1916 364 1961 Put.
386 1917 456 1960 M.
479 1925 523 1961 et
535 1917 590 1960 V.
616 1917 722 1961 Ber.
737 1915 840 1961 Alc.
862 1915 1010 1962 Rhea.

123 1991 484 2087 sqllramist'tque.
544 2030 622 2074 Sic
635 2031 733 2074 MS.
747 2033 873 2076 Flor.
898 2032 1013 2086 (test.

123 2089 242 2133 Viet.
276 2098 317 2132 et
344 2090 436 2136 lac.
462 2088 623 2145 Gron.)
655 2106 702 2132 ex
734 2105 818 2133 usu
849 2088 1010 2132 Taciti.

121 2146 236 2190 Edd.
273 2154 373 2190 vett.
411 2154 456 2189 et
483 2155 672 2190 recentt.
719 2143 1017 2190 transniz'sit*

122 2220 404 2305 qugalt'dum.
464 2260 566 2303 Hoc
593 2260 862 2305 vocabulum
883 2260 1019 2303 'deest

120 2320 169 2362 in
193 2319 264 2362 ed.
289 2319 407 2377 Spir.
468 2318 635 2361 Eadem
657 2335 761 2360 mox
787 2334 890 2361 cum
913 2317 1017 2360 MS.

125 2376 280 2420 Guelf.
308 2378 414 2431 (sec.
441 2378 523 2431 m.)
548 2383 900 2432 tumorem'pro
930 2388 1017 2416 rw·-

123 2449 323 2477 morem.
383 2432 466 2476 Ed.
489 2432 698 2474 Beroald.
726 2441 825 2474 ante
849 2446 1016 2474 rumo-

87 2522 92 2531 ,
123 2506 226 2534 rem
262 2490 430 2533 omittit
463 2493 600 2542 dum,
643 2489 765 2546 quod
788 2488 1018 2532 Victorius

124 2547 294 2591 addidit
336 2564 359 2590 e
393 2546 498 2588 MS.
530 2544 657 2589 Flor.
724 2546 815 2588 Pro
861 2547 1017 2599 respi-

123 2607 250 2648 ciunt
283 2611 327 2647 et
357 2612 538 2658 parant
572 2601 800 2646 Ernestius
845 2602 1019 2645 volebat

124 2662 379 2716 respiciant
433 2669 475 2703 et
528 2669 714 2716 parent.
800 2659 886 2702 Sed
931 2659 1019 2702 vid.

125 2728 221 2763 not.
245 2719 298 2761 ad
311 2719 436 2770 226.
474 2716 744 2761 Ramshorn.
761 2715 840 2760 Gr.
864 2718 904 2771 §.
925 2717 1020 2759 195.

128 2794 170 2836 μ
194 2777 294 2819 6¹9⁶
326 2777 388 2830 ω’
558 2831 641 2875 Ed.
667 2830 785 2888 spir.
814 2830 1015 2874 etMss.

180 2834 492 2876 securitatem.

125 2892 241 2934 Bud.
285 2890 436 2933 Guelf.
473 2891 733 2933 securitate.
801 2889 1015 2932 Litteram

128 2965 176 2991 m
202 2948 422 3006 absorpsit
448 2961 635 3004 sequens
662 2946 868 2990 verbum.

184 3008 308 3047 dem.
369 3004 592 3061 Ed.Spi1-.
616 3003 791 3046 dehinc.
851 3003 1017 3045 Eadem

130 3061 297 3106 omittit
321 3061 591 3104 vocabulum
621 3060 847 3102 Caesaris.

186 3126 449 3172 urgeretur.
499 3118 603 3159 MS.
619 3117 732 3174 Agr.
754 3125 1016 3159 necaretur.

186 3178 296 3220 cm».
350 3175 415 3217 16.

128 3233 280 3276 Guelf.
322 3235 524 3274 eiusdem
569 3233 758 3273 aetatis.
846 3231 1018 3274 Verum

73 3354 77 3358 ι
129 3292 189 3334 cs.
209 3289 476 3332 Ramshorn.
504 3286 584 3329 Gr.
613 3304 657 3345 p.
681 3287 780 3330 236.

178 3348 413 3402 parciore.
473 3345 556 3387 Ed.
577 3343 695 3403 Spir.
716 3345 936 3398 partiare.

185 3405 295 3460 quia
317 3406 436 3446 cibus
453 3410 680 3458 potusque
702 3403 799 3444 eius
818 3404 1017 3445 delectus

130 3477 193 3503 cx
233 3461 442 3503 ministri
479 3467 616 3514 gustu
660 3461 1015 3513 explorabatur.

128 3517 208 3561 Sic
241 3517 338 3561 MS.
364 3516 514 3559 Guelf.
549 3515 650 3558 edd.
674 3515 775 3558 Put.
800 3516 869 3559 M.
895 3524 936 3557 et
962 3515 1015 3559 V.

130 3576 232 3622 Ber.
259 3579 319 3632 (c.
347 3573 414 3618 sil.
436 3573 576 3629 Viet.)
605 3571 708 3617 Alc.
732 3572 876 3617 Rhea.
899 3573 1019 3625 Ald.‚

484 3175 610 3216 idem
656 3175 837 3219 aetatis.
912 3172 1000 3216 MS
1009 3206 1021 3216 .

1086 1919 1158 1963 eui
1207 1919 1468 1976 scripturae,
1528 1929 1748 1976 quantum
1789 1930 1976 1968 constat,

1084 1976 1425 2032 patrocinantur
1458 1976 1589 2020 codd.
1626 1976 1763 2021 MSS.
1803 1994 1976 2022 omnes.

1083 2034 1250 2076 Eadem
1281 2042 1384 2075 sunt
1410 2033 1457 2075 in
1486 2034 1552 2076 ed.
1582 2033 1700 2092 Spir.
1735 2035 1820 2078 nisi
1851 2036 1977 2094 quod

1087 2091 1218 2134 habet
1242 2091 1471 2132 ministris
1491 2106 1573 2148 pro
1597 2093 1817 2136 ministri.
1887 2092 1978 2135 Sed

1090 2147 1194 2204 quia
1233 2147 1287 2189 de
1326 2147 1489 2191 idoneo
1533 2147 1693 2191 horum
1739 2151 1979 2192 verborum

1089 2221 1221 2250 sensu
1251 2204 1571 2261 desperabant,
1614 2206 1699 2250 viri
1723 2207 1844 2250 docti
1876 2212 1978 2263 (au-

1091 2272 1217 2305 ctore
1236 2261 1403 2319 Lipsio.
1465 2263 1523 2313 of.
1550 2264 1672 2306 eiusd
1713 2264 1783 2307 ed.
1814 2264 1868 2307 de
1902 2280 1976 2307 an.

1094 2319 1220 2362 1574.
1245 2319 1290 2361 in
1317 2328 1412 2365 not.
1441 2319 1495 2363 ad
1524 2319 1568 2364 h.
1594 2321 1644 2376 1.)
1678 2320 1831 2365 locum
1864 2337 1978 2365 con-
2045 2364 2050 2367 ,

1089 2377 1274 2421 stituere
1313 2377 1400 2419 sic:
1450 2379 1560 2434 quia
1598 2379 1719 2420 cibos
1754 2386 1981 2434 potusque

1091 2437 1185 2476 eius
1229 2435 1434 2477 delectus
1475 2450 1538 2477 ex
1577 2436 1804 2478 ministris
1840 2442 1980 2488 gustu

1090 2492 1388 2543 explorabat.
1452 2491 1668 2534 Attamen
1701 2492 1761 2535 nil
1797 2492 1978 2537 MsStoe

1088 2563 1191 2591 rum
1234 2554 1274 2587 et
1315 2555 1419 2589 vett.
1463 2548 1565 2591 edd.
1613 2548 1789 2592 rassione
1831 2548 1979 2592 sanius

1091 2620 1183 2647 esse
1225 2611 1384 2661 potest.
1474 2604 1694 2647 Delectus
1732 2605 1979 2650 Britannici

1090 2663 1216 2704 cibus
1246 2667 1478 2718 potusque
1513 2673 1602 2712 est,
1644 2678 1777 2719 quem
1812 2664 1894 2707 sibi
1929 2674 1978 2706 ex

1091 2720 1166 2768 iis,
1208 2734 1321 2774 quae
1353 2720 1716 2775 apponebantur,
1755 2720 1979 2778 delegerat

1091 2776 1164 2820 vel
1216 2775 1348 2831 deligi
1404 2777 1606 2819 iusserat.
1700 2777 1805 2820 Non
1856 2777 1980 2820 enim

1088 2831 1318 2882 omnium,
1349 2832 1425 2889 qui
1451 2849 1536 2877 una
1562 2834 1774 2878 sedebant
1795 2850 1979 2879 vescen-⁴

1089 2898 1177 2940 tes,
1219 2888 1471 2931 liberorum
1499 2889 1723 2934 nobilium
1754 2892 1878 2935 cibos
1901 2903 1978 2949 po}

1089 2957 1275 3003 tusque,
1309 2954 1545 3004 antequam
1573 2947 1879 3006 degustarent,
1911 2964 1978 2993 exa

1089 3004 1289 3063 ploratos
1326 3020 1416 3046 esse
1451 3004 1652 3061 putabis3
1706 3006 1781 3048 sed
1814 3005 1978 3073 princi·

1090 3077 1199 3119 pum
1233 3061 1370 3103 modo
1398 3060 1671 3110 liberorum,
1712 3071 1760 3104 ut
1785 3062 1859 3106 hic
1882 3062 1976 3104 Bri-

1089 3117 1276 3163 tannici.
1339 3116 1485 3160 Ceteri
1509 3120 1745 3162 utebantur
1768 3119 1870 3163 cibo
1895 3135 1977 3176 po·

1090 3184 1228 3240 tuque
1249 3190 1340 3216 non
1365 3174 1608 3232 explorato.
1675 3176 1812 3220 Recte
1843 3177 1979 3233 igitur

1092 3234 1301 3290 legimus:
1344 3234 1463 3273 cibus
1491 3240 1725 3288 polusque
1761 3235 1861 3276 eius
1890 3238 1975 3275 des-'-

1092 3294 1234 3332 lectus
1267 3321 1277 3330 .
1302 3320 1312 3330 .
1335 3319 1346 3330 .
1380 3290 1735 3340 explorabatur.
1802 3291 1977 3334 Deinde

1087 3362 1149 3389 ex
1194 3346 1408 3387 mim‘slrz'
1448 3354 1583 3398 gustu
1634 3350 1975 3402 explorabatur

1086 3403 1229 3446 multo
1274 3402 1429 3444 melius
1469 3403 1556 3446 dici
1596 3404 1792 3453 videtur,
1841 3421 1973 3462 quam

1086 3463 1284 3502 delectus
1310 3473 1373 3500 ex
1398 3460 1623 3503 mimktrzb·
1645 3469 1786 3515 gustu
1805 3465 1970 3517 explo-

1087 3520 1240 3560 rabat.
1317 3515 1429 3558 Nam
1464 3533 1546 3559 cur
1574 3520 1775 3564 delectus
1810 3536 1859 3563 ex
1893 3519 1974 3562 mi«

1090 3572 1272 3618 nistris?
1343 3573 1437 3621 Nee
1469 3573 1725 3640 degustabat
1759 3576 1972 3623 minister?
