2216 4010
235 254 288 333 ἐς
306 251 358 332 ¹0³:
370 249 464 328 ³22:

738 246 913 307 LIB.
944 244 1050 306 XI.
1112 238 1310 305 CAP.
1347 243 1406 302 4.
1922 244 1998 302 11

151 405 355 448 verum
380 394 702 440 nocturnae
727 374 939 453 quietis
971 373 1189 448 species
1215 371 1387 441 alteri
1421 372 1676 443 obiecta,
1717 383 2014 451 tanquam.
2088 376 2089 379 ’

150 472 388 530 vidisset
421 465 736 528 Claudium
775 461 965 535 spicea
1010 477 1223 514 corona
1260 457 1585 526 evinctum,
1636 457 1810 532 spicis
1843 470 2007 519 retro‘

151 556 474 622 conversis,
541 567 721 624 eaque
767 544 1019 617 imagine
1055 543 1398 617 gravitatem
1435 562 1705 598 annonae
1743 542 2002 604 dixisset.

152 642 393 720 quidam
421 635 793 713 pampineam
821 649 1098 686 coronam
1132 627 1465 684 albentibus
1501 627 1659 683 foliis
1689 627 1882 683 visam
1913 639 2005 685 at-

153 747 265 804 que
290 727 370 782 ita
396 725 844 796 interpretatum
867 714 1189 782 tradidere,
1231 723 1502 784 vergente
1532 724 1815 769 autumno
1841 733 2004 770 mor—

151 824 271 870 tem
305 807 586 885 principis
621 801 867 860 ostendi.
953 800 1103 855 illud
1146 795 1302 854 haud
1347 797 1664 870 ambigitur
1695 798 2010 873 qualicuna

153 916 267 973 que
305 891 598 950 insomnio
636 887 749 965 ipsi
773 885 1055 960 fratrique
1078 883 1396 958 perniciem
1419 883 1689 940 adlatam.
1777 881 2017 940 Sester--

152 982 303 1049 tium
336 975 674 1056 quindecies
709 983 764 1028 et
799 969 1052 1042 insignia
1100 979 1406 1042 praeturae
1441 964 1714 1042 Crispino
1754 968 2013 1041 decreta.¹

153 1065 365 1123 adiecit
402 1061 676 1120 Vitellius
722 1054 1048 1112 sestertium
1101 1053 1288 1108 decies
1335 1050 1602 1121 Sosibio,
1669 1053 1830 1128 quod
1860 1052 2010 1109 *Bri-—

151 1151 457 1209 tannicum
491 1141 837 1224 praeceptis,
884 1136 1202 1195 Claudium
1239 1134 1498 1193 consiliis
1537 1137 1782 1197 iuvaret.
1875 1136 2009 1197 Ro-

889 1358 1043 1402 Heins.
1115 1366 1288 1416 praeter
1319 1356 1619 1415 Dionysiacos
1655 1355 1844 1401 artifices
1885 1367 2006 1400 rnor-

1116 1424 1205 1458 tem
1239 1431 1293 1457 ac
1318 1415 1467 1461 vincla
1491 1415 1782 1473 significabat.
1842 1413 2012 1459 cfsAr'-

209 1380 373 1409 verum
408 1371 526 1408 noct.
558 1378 600 1419 q.
632 1361 819 1417 species.

154 1424 384 1466 emendat:
426 1436 611 1464 reorum
633 1427 892 1461 nocturnae
916 1420 1046 1471 quie-

154 1482 217 1523 tis
239 1483 382 1533 specie
407 1479 552 1521 alteri
570 1479 756 1518 obiecta.
815 1475 1044 1517 Nimirum

153 1538 338 1581 Heinsio
371 1538 433 1580 illi
466 1534 733 1579 emendandi
759 1532 860 1575 finis
893 1533 1044 1574 nulius

154 1604 233 1640 est.
313 1593 605 1647 Kiesslingius
643 1607 802 1633 verum
843 1590 1046 1632 substan-

153 1654 240 1697 tive
265 1652 433 1695 dictum
460 1648 644 1707 accipit,
675 1657 724 1690 ut
747 1650 863 1690 inter
890 1663 935 1688 se
969 1662 1044 1703 op-

152 1718 382 1768 ponantur
416 1723 560 1749 causa
592 1705 634 1748 h.
670 1722 708 1747 e.
750 1720 879 1747 causa
921 1719 1046 1760 prae-

153 1775 292 1817 texta,
344 1774 387 1807 et
418 1779 582 1806 verum
625 1763 666 1805 h.
702 1777 739 1803 e.
769 1778 899 1804 causa
932 1777 1046 1804 vera.

155 1826 302 1867 Immo
337 1823 468 1879 plane
500 1819 723 1862 contraria
757 1827 822 1861 est
856 1817 945 1859 loci
980 1833 1046 1874 ra-

155 1881 234 1924 tio.
297 1879 419 1925 Vera
448 1892 577 1921 causa
603 1876 687 1918 fnit
722 1892 768 1917 ex
804 1891 882 1926 eo,
924 1874 1045 1931 quod

156 1940 345 1981 domum
377 1968 389 1979 .
414 1964 427 1979 .
453 1966 464 1977 .
496 1933 830 1991 praebuissent:
915 1946 1047 1973 causa

86 2009 89 2012 ’
154 2003 402 2054 praetexta
429 1999 677 2034 nocturnae
729 1989 890 2048 quietis
949 2003 1046 2046 spe-

156 2068 263 2096 Cles-

212 2129 344 2164 retro
374 2119 624 2162 conversis.

158 2178 245 2224 nis.

213 2250 515 2305 gravitatem.
593 2245 789 2294 Ursinus
820 2255 862 2288 et
883 2244 1046 2286 'binre-

157 2316 228 2351 tus
253 2307 463 2352 volebant
486 2306 744 2348 caritatem.
806 2302 894 2347 Sed
928 2302 983 2346 cf.
1006 2302 1048 2354 6,

162 2364 232 2408 13.

219 2435 429 2477 dixisset.
531 2431 769 2474 Rhenanus
829 2429 1046 2472 malebat:

156 2491 470 2547 praedtlm'sset
500 2488 573 2530 vel
612 2488 864 2542 significari
897 2487 1048 2528 dixis-

161 2556 258 2598 ,ηις
314 2547 544 2589 Heinsius:
594 2546 911 2599 praedixisse,
962 2545 1053 2585 etsi

160 2608 355 2663 quidam
376 2613 461 2647 etc.
518 2603 747 2645 Ernestius
773 2611 918 2644 tamen
946 2617 1049 2649 cen·

161 2671 228 2707 set
267 2662 420 2703 dicere
473 2660 579 2720 poni
634 2675 716 2716 pro
759 2662 1053 2714 praedicere.

161 2721 421 2778 Perperam.
480 2716 731 2760 Praedictio
755 2716 827 2759 hic
849 2731 941 2758 non
963 2715 1050 2771 agi-

162 2788 260 2828 tur3
295 2776 370 2818 sed
393 2775 479 2817 hoc
503 2775 662 2816 Petrae
683 2777 938 2823 vertebatur
958 2773 1051 2822 >cri-

162 2834 272 2879 mi‘ni
287 2865 299 2882 ‚
330 2832 450 2890 quod
472 2831 548 2874 illa
571 2831 761 2888 imagine
789 2839 830 2872 et
851 2846 931 2886 per
952 2845 1052 2873 nar-

163 2890 409 2939 rationem,
438 2905 524 2946 qua
549 2889 823 2930 insomnium
844 2903 1052 2945 exposue-

163 2957 255 2999 rat,
291 2947 524 2990 Caesarem
559 2946 848 2988 incusavisset
880 2946 932 2987 de
959 2961 1052 3000 gra·

163 3006 300 3052 vitate
334 3019 536 3059 annonae
563 3002 690 3059 eique
715 3002 952 3046 obiecisset
978 3017 1051 3043 an-

165 3078 309 3107 nonae
351 3060 587 3103 incuriam.
666 3059 781 3103 Nam
829 3060 928 3116 quis
969 3057 1053 3100 sibi

164 3117 470 3178 persuadebit,
524 3116 753 3159 hominem
798 3130 1053 3174 quanquam

166 3191 299 3223 saevo
321 3182 523 3229 tempore
547 3173 748 3216 damnari
772 3173 967 3232 potuisse
996 3173 1053 3214 ob

165 3230 440 3285 insomnium
505 3231 733 3274 ravitateni
757 3229 1057 3274 annonae‘su-

167 3299 313 3334 turam
346 3247 632 3344 significans?
698 3287 797 3332 Hoc
832 3287 965 3331 nimis
997 3285 1054 3328 ri-

169 3347 369 3391 diculum
397 3354 462 3387 est
492 3360 576 3387 nec
607 3345 798 3401 pertinet
829 3345 880 3388 ad
922 3343 1054 3386 maie-

168 3412 341 3450 statem.
400 3401 571 3444 Verum
596 3401 850 3445 trahebatur
872 3400 985 3444 illud
1010 3400 1055 3443 in

171 3460 370 3513 crimen,
417 3467 628 3516 tanquam
661 3457 852 3502 Claudio
885 3458 1058 3500 incuria

170 3532 377 3562 annonae
399 3531 452 3559 eo
474 3514 702 3560 insomnio
724 3514 1010 3560 obiiceretur.

223 3575 531 3629 pampineam
593 3585 832 3618 coronam.
927 3569 1057 3627 Quae

711 2117 762 2160 Id
792 2116 898 2160 mali
935 2115 1046 2159 omi·

1115 1473 1325 1516 temidor.
1364 1474 1411 1522 1„
1427 1473 1498 1516 79.

1174 1544 1433 1585 albentibus
1448 1542 1607 1598 foliis.
1665 1542 1896 1587 Heinsius:
1931 1548 2008 1588 la-
2081 1584 2084 1585 γ

1116 1602 1329 1642 bentibus
1359 1601 1424 1643 vel
1444 1600 1745 1655 flaventibusz
1825 1602 2010 1647 Scilicet

1117 1659 1219 1714 quia
1246 1658 1368 1715 Virg.
1404 1657 1570 1715 Geor-g.
1597 1659 1640 1706 2,
1671 1658 1765 1701 133.
1800 1662 2015 1709 labentia

1118 1716 1269 1757 ventis
1286 1715 1412 1771 folia
1442 1715 1597 1764 habet,
1641 1725 1683 1758 et
1715 1715 1829 1759 Ptin.
1864 1718 1931 1768 16,
1965 1719 2010 1762 6.

1103 1772 1418 1828 flavescentia
1431 1772 1582 1827 folia,
1614 1789 1708 1814 non
1734 1782 1797 1815 est
1820 1773 2009 1817 dubium

1120 1839 1162 1872 et
1184 1830 1341 1871 Petrae
1373 1830 1474 1872 talia
1506 1845 1597 1871 esse
1625 1829 1734 1873 visa.
1805 1830 1894 1873 Sed
1927 1833 2011 1875 nisi

1117 1885 1284 1934 fallor,
1343 1885 1577 1944 pampinea
1609 1885 1748 1935 ‚solia
1798 1897 2010 1947 vergente

1117 1952 1335 1987 autumno
1362 1951 1404 1986 et
1434 1944 1676 1987 flavescere
1710 1952 1753 1987 et
1783 1944 2012 1992 albescere

1117 2017 1256 2059 aeque
1279 2002 1391 2044 bene
1414 2000 1507 2043 dici
1527 2008 1729 2056 possunt.
1774 1992 2012 2046 Coronam‘
2040 1999 2045 2004 ²

1116 2074 1223 2101 vero
1258 2059 1519 2100 labentibus
1539 2058 1679 2113 fhltz‘s
1713 2058 1864 2102 videre
1898 2060 2011 2103 disfi-

1118 2114 1245 2216 οἱΙίιὲε
1282 2124 1370 2168 est,
1410 2121 1546 2174 quam
1582 2123 1631 2158 ut
1671 2115 1802 2159 illum
1843 2112 2014 2164 vidisse'

1119 2189 1196 2216 ere
1235 2190 1322 2216 am.

1168 2244 1342 2287 visam.
1422 2243 1513 2287 Int.
1547 2243 1725 2293 Claudii
1759 2245 1892 2303 capiti
1928 2234 2016 2297 051·ss

1119 2302 1390 2367 cumdatam.
1438 2302 1553 2350 Nam
1573 2303 1627 2346 ad
1653 2301 1893 2346 Claudium
1915 2321 2019 2364 per<

1116 2368 1262 2402 tinere
1286 2375 1504 2402 coronam
1527 2368 1760 2404 contextus
1783 2360 1928 2413 docet.

1178 2430 1552 2483 interpretatum.
1613 2429 1813 2482 Passim,
1843 2430 2015 2474 utsuea

1118 2495 1217 2530 ton.
1232 2487 1338 2530 Ner.
1363 2504 1404 2531 e.
1422 2487 1487 2531 13.
1544 2487 1787 2544 Rupertius
1805 2488 2016 2546 intelligit

1121 2545 1483 2644 {nter-precatum
1509 2562 1533 2589 a
1556 2544 1718 2589 Suilio.
1778 2544 1909 2590 Haud
1935 2547 2019 2590 dud

1155 2618 1208 2644 ie.
1504 2620 1507 2622 ·
1942 2634 1969 2641 ..
2011 2627 2020 2645 v,

1179 2681 1415 2726 vergenle.
1494 2672 1572 2717 Sic
1610 2671 1746 2717 MSS.
1784 2673 1910 2718 Flor.
1932 2675 2034 2730 Ἕκ,

1123 2729 1263 2786 Vict.)
1277 2728 1561 2774 Guelf.fBud.
1578 2731 1678 2774 edd.
1695 2731 1813 2790 Spir.
1830 2731 1933 2776 Put.
1945 2732 2019 2777 ΜΞ

1124 2796 1166 2829 et
1183 2788 1232 2829 V.
1251 2788 1354 2829 Ber.
1375 2788 1477 2830 Alc.
1495 2788 1636 2831 Rhen.
1655 2804 1754 2847 sqq.
1807 2797 2016 2833 verteme

1123 2843 1226 2886 MS.
1252 2843 1522 2888 Farnesian.
1548 2847 1596 2900 (t.
1622 2845 1760 2904 Lips.)
1900 2871 1919 2875 ==
1997 2867 2015 2887 η

1184 2923 1423 2957 autumno.
1494 2913 1571 2959 Sic
1591 2915 1693 2959 MS.
1720 2915 1874 2961 Guelf.
1901 2916 2021 2970 edd?

1124 2971 1242 3030 Spir.
1269 2972 1370 3015 Put.
1398 2972 1464 3015 M.
1489 2974 1599 3015 et‘V.
1631 2974 1836 3017 Beroald.
1861 2976 1920 3030 (c.
1944 2974 2017 3018 ‘sii-‚⁵¹

1127 3031 1264 3086 Viet.)
1300 3029 1394 3072 Ate.
1426 3029 1571 3072 Rben.
1600 3047 1700 3088 sqq.
1764 3022 2018 3087 auctum't‘tti

1128 3088 1227 3131 edd.
1252 3086 1458 3135 Bekkeri,
1481 3087 1645 3130 Kiessl.
1865 3090 1877 3112 '¹
1927 3109 1930 3111 >
2009 3109 2014 3114 ·

1184 3158 1454 3211 ambigitur.
1514 3157 1617 3203 MS.
1631 3157 1785 3203 Guel-f.
1809 3153 2018 3219 ambige-‘-

1125 3218 1276 3259 batur.
1827 3218 1834 3226 ’
1861 3255 1865 3260 .
1885 3221 1889 3226 ’

1185 3285 1462 3328 sestertium.
1523 3284 1599 3330 Sic
1630 3286 1731 3330 edd.
1758 3275 2014 3339 Pute,‹1'l.'V·.

1127 3342 1336 3386 Beroald.
1372 3343 1494 3401 (eunt
1512 3344 1582 3387 sil.
1608 3345 1742 3401 Vict.)
1768 3343 1871 3394 Alc.
1899 3336 2016 3399 {Rhee¹

1128 3416 1232 3443 nan.
1270 3415 1367 3456 sqq.
1431 3403 1716 3452 sextertium
1758 3402 1857 3446 edd.
1894 3401 2016 3460 Spic,

1129 3456 1304 3517 Puteol.
1319 3456 1387 3502 M.·
1446 3456 1556 3503 Post
1577 3462 1793 3502 adlatam
1815 3453 2034 3518 ed-Spii.

1130 3522 1250 3557 caret
1272 3515 1648 3572 interpunctione.
1677 3515 1866 3567 v=Eadem,
1876 3514 2014 3562 altero

1130 3570 1233 3621 loco
1251 3571 1706 3623 scribit-sexcentum
1726 3575 1770 3618 et
1784 3573 1852 3623 ita
1862 3573 2019 3627 Guelf.
