2164 3990
1643 238 1652 246 ’
1721 235 1861 297 Ἀ.υ.
1883 254 1957 294 om

875 212 1385 321 ANNALIUM
1742 303 1862 340 M„
1905 285 1970 340 4,,;
2086 340 2101 352 ‚

370 341 655 452 XXXV.)
707 387 938 449 Mirum
965 390 1120 446 inter
1147 385 1291 447 haec
1318 390 1619 447 silentium
1641 388 1903 456 Claudii}
1948 359 2059 457 Vi-

200 475 397 533 tellius
418 478 622 551 ignaro
648 477 919 553 propior:
963 475 1163 531 omnia
1188 475 1399 533 liberto
1438 476 1809 540 obediebant.
1846 504 1848 519 1
1893 497 2059 559 pate.
2124 536 2140 554 χ

200 561 329 617 fieri
376 563 622 620 domum
652 559 922 618 'adulteri
977 570 1150 634 atque
1198 560 1340 617 illuc
1387 562 1600 617 deduci
1646 553 2058 639 imperatorem

201 645 382 708 iubet.
468 667 534 704 ac
556 646 814 723 primum
847 645 910 700 in
935 644 1226 702 vestibulo
1254 646 1503 719 effigiem
1538 649 1719 721 patris
1747 649 1883 708 Silii
1917 674 2059 711 con-

201 731 356 789 sulto
404 744 640 789 senatus
679 730 960 788 abolitam
996 729 1377 786 demonstrat:
1433 743 1562 788 tum
1598 734 1890 811 quidquid
1935 741 2061 795 avi-

201 814 329 874 tum
350 816 690 875 Neronibus
716 827 772 872 et
792 813 1003 871 Drusis
1027 815 1092 870 in
1116 814 1373 889 pretium
1406 817 1614 890 probri
1638 821 1897 883 cessisse.
1964 825 2058 880 in-

202 910 562 979 censumque
591 914 646 958 et
670 901 746 957 ad
771 900 962 956 minas
987 911 1390 974 erumpentem
1413 903 1615 959 castris
1638 903 1844 975 infert,
1887 929 2062 983 para..

158 1025 162 1030 ·
199 997 262 1044 ta
295 988 579 1045 concione
614 986 906 1054 militum,
949 987 1107 1061 apud
1155 1004 1303 1061 quos
1333 1000 1757 1059 praemonente
1788 989 2059 1051 Narcisso

200 1093 387 1149 pauca
411 1074 590 1130 verba
616 1071 776 1127 fecit:
823 1091 960 1126 nam
987 1070 1094 1127 etsi
1119 1071 1342 1127 iustum
1368 1071 1634 1127 dolorem
1656 1076 1851 1148 pudor
1874 1078 2063 1153 impe..

201 1157 422 1219 diebat.
519 1153 876 1215 Cohortium
923 1157 1145 1212 clamor
1188 1151 1405 1212 dehine
1450 1157 1767 1215 continuus
1817 1163 2064 1220 nomina

200 1262 444 1300 reorum
479 1253 535 1299 et
566 1261 788 1317 poenas
824 1242 1242 1315 flagitantium:
1297 1241 1686 1318 admotusque
1726 1244 1909 1304 Silius
1955 1249 2066 1305 tri..

200 1329 411 1386 bunali
447 1347 573 1384 non
611 1327 1046 1397 defensionem,
1089 1346 1214 1382 non
1247 1346 1443 1382 moras
1482 1329 1756 1400 tentavit,
1797 1345 2064 1406 precatus

199 1425 268 1471 ut
313 1433 476 1470 mors
526 1414 971 1471 adceleraretur.
1072 1412 1276 1468 eadem
1323 1413 1650 1468 constantia
1696 1425 1752 1471 et
1786 1415 2064 1475 inlustres

200 1489 426 1574 equites
458 1495 766 1564 Romanos
801 1498 1045 1572 cupidos
1081 1507 1344 1552 maturae
1383 1497 1542 1553 necis
1576 1492 1733 1560 fec‘it.
1834 1499 2067 1561 Titinia

197 1581 525 1646 Proculum
559 1583 864 1646 custodem
895 1603 927 1639 a
951 1581 1099 1640 Silio
1128 1579 1505 1639 Messallinae
1542 1582 1777 1655 datum,
1817 1598 1875 1645 et
1905 1588 2066 1646 indi-

200 259 284 321 56

1173 1811 1324 1856 Guelf.
1349 1811 1472 1855 Harl.
1496 1783 1632 1856 B'odl.
1658 1813 1743 1858 Ies.
1769 1814 1869 1859 edd.
1887 1815 2065 1863 Ernest.

259 1813 372 1858 CAP.
394 1813 464 1859 35.
526 1814 653 1858 inter
675 1818 806 1858 haec.
866 1813 948 1858 Ed.
972 1813 1095 1873 Spir.

1171 1887 1272 1928 sqq.
1349 1869 1437 1912 Sed
1472 1869 1651 1913 Tacitus
1686 1887 1780 1914 non
1817 1873 1862 1916 in
1902 1890 1955 1917 eo
1989 1886 2068 1926 est,

202 1872 328 1915 inter
347 1874 458 1924 hoc,
491 1888 593 1915 cum
617 1874 721 1915 MS.
749 1870 903 1914 Guelf.

263 1930 496 1972 Vitellius.
556 1930 640 1977 Ed,
663 1929 784 1985 Spir.
812 1929 976 1971 Iulius.

258 1987 502 2030 abolitam.
588 1987 674 2031 Ed.
714 1986 832 2045 Spir.
870 1987 1100 2028 abditam.

201 2042 384 2087 Etenim
411 2044 610 2088 crimine
642 2041 882 2089 ffiaiestatis
919 2043 1100 2086 damna-

200 2101 390 2146 tus’ille.
446 2103 507 2145 cf.
534 2104 574 2152 4,
602 2103 670 2144 19.

261 2159 492 2216 quidquid.
529 2159 641 2202 Edd.
658 2167 763 2204 vett.
779 2175 819 2201 c.
833 2157 932 2201 MS.
950 2156 1104 2200 Guelf.

204 2219 429 2273 quicquid,
449 2233 552 2260 cum
575 2217 754 2259 silentio
770 2215 976 2259 Victorii.
1012 2215 1104 2257 Ali-

204 2275 250 2319 bi
274 2275 309 2318 is
336 2273 522 2332 corrigit
549 2275 788 2331 quidquid.

262 2332 460 2379 avitum.
491 2331 553 2374 Ex
567 2331 881 2377 emendatione
894 2329 1103 2378 chifletii,

206 2405 344 2449 quam
388 2390 674 2433 suadentibus
711 2388 886 2446 Lipsio,
926 2388 1103 2432 Faerno

207 2446 395 2504 aliisque
419 2447 464 2488 in
489 2447 641 2490 locum
662 2446 830 2504 recepit
854 2445 1103 2490 Ernestius.

210 2503 275 2548 ef.
301 2513 401 2549 not.
422 2505 478 2547 ad
505 2503 571 2552 13,
593 2503 667 2547 34.
704 2503 770 2553 14,
799 2503 867 2546 18.
900 2526 959 2535 -
1014 2505 1104 2544 lm-

208 2562 356 2604 bitum
390 2561 498 2604 MS.
531 2560 682 2604 Guelf.
715 2561 818 2609 edd.
857 2569 970 2607 vett.
1005 2576 1109 2605 cum

211 2617 395 2674 silentio
417 2617 536 2662 Viet.

267 2677 492 2730 pretium.
578 2675 655 2719 Sic
697 2674 798 2718 MS.
839 2676 964 2720 Flor.
1007 2682 1107 2717 test.

210 2732 330 2776 vict.
365 2733 574 2788 puccium
599 2732 698 2776 edd.
721 2741 832 2777 vett.

269 2791 615 2848 incensumque.
693 2791 799 2837 MS.
838 2788 993 2833 Guelf.
1027 2789 1104 2831 in·-

213 2862 497 2904 cessumque.

213 2905 735 3006 vizcuzzazz‘ssess
752 2903 1106 3018 ><

213 3029 259 3063 et
273 3021 408 3064 MSS.
432 3019 649 3072 Broterii,
677 3021 779 3064 edd,
794 3019 824 3062 S
843 3019 913 3061 ur.
930 3017 1108 3059 Ernest.

172 3095 174 3097 ·
215 3093 268 3134 sq
304 3108 315 3119 .
381 3086 764 3131 prorumpentem
789 3093 811 3119 e
849 3074 1014 3119 d.Put.
1039 3074 1109 3117 Μ.

217 3142 263 3177 et
333 3166 345 3181 .
376 3134 586 3178 Beroald.
611 3135 709 3178 Ale.
735 3133 879 3176 Rhen.
906 3149 925 3175 s
960 3147 1006 3189 q.

274 3194 504 3236 concione.
545 3192 622 3235 Sic
645 3191 746 3234 edd.
761 3148 968 3234 Beroah‘i.
987 3189 1110 3243 (cum

218 3247 285 3291 sil.
303 3247 439 3303 Vict.)
462 3249 562 3291 Ate.
578 3249 720 3291 Rhen.
745 3266 781 3291 st
798 3263 843 3304 q.
899 3246 1112 3290 contione

220 3305 318 3350 MS.
337 3303 490 3347 Guelf.
513 3306 616 3348 edd.
635 3305 755 3363 Spir.
771 3264 881 3348 but.
905 3305 975 3347 M.
998 3311 1041 3346 et
1053 3300 1110 3344 V.

277 3363 536 3405 cohortium
580 3365 759 3404 clamor
800 3363 962 3404 dehinc
1000 3376 1112 3403 con-

220 3419 398 3462 tinuus.
458 3417 535 3460 Sic
566 3419 668 3461 edd.
699 3419 817 3476 Spir.
853 3419 956 3462 Put.
976 3418 1045 3460 M.
1070 3426 1114 3459 et

221 3474 280 3520 V.
319 3474 531 3518 Beroald.
579 3475 700 3528 (cum
734 3476 804 3518 sit.
834 3474 977 3528 Vict.)
1013 3473 1111 3518 Ale.

221 3532 370 3576 Rhen.
392 3546 492 3590 sqq.
553 3530 720 3574 Contra
757 3533 1002 3576 continuus
1032 3535 1114 3574 de-

220 3590 325 3636 hino
342 3589 610 3637 cohortium
633 3591 815 3632 clamor
838 3590 974 3637 MSS.
997 3588 1111 3634 Bud.

1171 1936 1221 1971 ut
1261 1925 1427 1969 referat
1470 1929 1737 1970 continuum
1784 1929 1919 1974 fuisse
1966 1934 2070 1977 coh.

1175 1985 1447 2036 clamorem3
1475 1983 1614 2026 inuno
1639 2002 1763 2029 nunc
1782 1989 1978 2044 primum
2007 1991 2069 2034 di-

1175 2041 1238 2085 cit
1269 2043 1531 2083 cohortium
1560 2045 1820 2086 clamorem
1857 2047 2071 2092 exstitisse

1176 2114 1373 2156 eumque
1403 2100 1695 2142 continuum.
1769 2102 1912 2161 Igitur
1951 2115 2070 2164 post-

1176 2156 1440 2214 ponendum
1463 2166 1557 2199 erat
1579 2156 1822 2214 epitheton.

1235 2215 1516 2257 constantia.
1558 2214 1640 2257 Ed.
1657 2213 1776 2271 Spir.
1800 2218 2042 2264 zhstantia.

1233 2272 1472 2313 inlustres.
1535 2271 1593 2313 cf.
1613 2273 1655 2323 2,
1678 2273 1748 2314 59.
1783 2276 1821 2325 1,
1845 2275 1887 2318 7.
1917 2279 1982 2319 11.
1999 2281 2070 2322 41.

1177 2328 1234 2371 50
1257 2337 1343 2372 ete.
1417 2325 1524 2370 MS..
1549 2329 1664 2372 Bud.
1691 2338 1732 2372 et
1757 2331 1826 2378 ed.
1850 2333 1970 2392 Spir.
2005 2335 2072 2379 in-

1175 2393 1244 2428 ter
1263 2387 1470 2428 illustres
1493 2393 1537 2428 et
1559 2387 1732 2442 equites
1747 2389 1915 2433 addunt
1938 2394 2071 2437 viros.

1176 2442 1279 2490 MS.
1302 2442 1426 2486 Flor.
1455 2446 1575 2498 (test.
1607 2444 1748 2499 vict.)
1777 2451 1945 2492 eudem
1968 2467 2003 2494 c.
2024 2459 2072 2493 ret

1180 2502 1246 2543 ill.
1285 2501 1461 2555 equites
1492 2501 1706 2543 Romam·
1733 2507 1895 2557 cupido
1927 2523 1990 2550 m.
2025 2524 2070 2551 η.

1166 2558 1284 2614 suit.
1342 2557 1471 2613 Quae
1497 2568 1542 2599 ut
1569 2575 1748 2605 sensum
1771 2562 1975 2613 habeant,
2006 2564 2073 2607 in.

1179 2623 1397 2676 terpunge
1422 2623 1520 2672 post
1534 2617 1746 2658 Romam·
1762 2627 1803 2659 et
1825 2629 1978 2676 repete
1998 2638 2072 2665 ea·

1180 2671 1286 2714 deni
1309 2680 1409 2719 ante
1432 2677 1613 2725 cupido.
1669 2674 1756 2716 Sed
1782 2675 1954 2734 vulgata
1971 2695 2072 2723 vera

1179 2738 1300 2775 sunt.
1353 2729 1570 2771 Mazarae
1593 2747 1681 2772 non
1706 2733 1833 2779 estin
1848 2735 1943 2778 MS.
1959 2736 2072 2780 Bud.

1235 2790 1475 2829 custodem
1499 2804 1530 2829 a
1547 2787 1974 2836 Silioltsessallinae
1990 2797 2073 2836 da·
2158 2802 2162 2808 ’

1179 2851 1296 2888 tum.
1357 2844 1432 2886 Sic
1456 2845 1555 2888 edd.
1578 2856 1763 2891 recentt.
1789 2864 1812 2890 e
1829 2849 1928 2893 MS.
1951 2851 2074 2895 Flor.
2158 2879 2159 2882 =

1181 2903 1300 2954 (test.
1334 2900 1570 2956 Pichena).
1651 2904 1881 2952 Victorius
1925 2915 2075 2957 tamen

1178 2959 1446 3016 scripturam
1483 2959 1582 3002 Ber.
1625 2960 1838 3007 intactam
1881 2965 2075 3027 reliquit.

1181 3016 1354 3075 Nempe
1403 3016 1504 3059 edd.
1548 3017 1579 3060 S
1614 3019 1665 3061 ir.
1709 3018 1810 3063 Put.
1842 3020 1910 3065 M.
1943 3033 1988 3066 et
2017 3022 2074 3068 V.

1181 3073 1390 3119 Beroald.
1434 3073 1535 3117 Ale.
1599 3076 1725 3119 then.
1769 3093 1867 3135 sqq.
1912 3079 2076 3124 habent

1182 3135 1416 3175 custodem
1444 3132 1560 3174 Silio
1583 3150 1637 3176 uc
1660 3134 1954 3180 Messallinae
1979 3140 2075 3188 dat,

1183 3197 1337 3246 aperto
1383 3188 1507 3233 vitio.
1597 3190 1732 3234 MSS.
1770 3192 1884 3235 Bud.
1924 3192 2075 3240 Guetf.

1183 3247 1301 3290 Silio
1329 3254 1373 3288 et
1383 3246 1685 3291 Messallinae
1706 3253 1839 3291 dant.
1902 3250 2076 3308 Lipsius

1185 3303 1390 3347 dederatt
1443 3310 1681 3348 custodem
1715 3306 1778 3348 M.
1814 3310 2007 3360 datum,
2051 3325 2077 3351 e

1186 3360 1380 3404 coniect.
1415 3359 1620 3405 Rhenani
1651 3372 1694 3406 et
1727 3379 1815 3406 sec.
1849 3363 1951 3409 MS.
1977 3366 2076 3410 Vat.

1187 3418 1262 3473 qui
1300 3417 1455 3462 habet:
1512 3424 1748 3463 custodem
1780 3421 2078 3466 Messallinae

1185 3478 1294 3524 dat,
1329 3475 1469 3519 aliena
1493 3492 1628 3520 manu
1651 3477 1814 3521 deinde
1848 3479 2089 3582 adpictum

1186 3548 1241 3574 ac
1265 3533 1398 3575 Silio.
1469 3533 1569 3580 MS.
1594 3532 1746 3581 Guelf.
1779 3545 1881 3582 ante
1941 3538 2078 3586 itiam

1187 3589 1310 3636 addit
1338 3598 1398 3635 et.
