2164 3990
265 238 320 275 A.
340 239 401 276 U.
411 237 495 277 810.

264 283 383 320 A‚a
430 282 489 317 57,
645 241 820 303 LIB.
851 240 1022 304 XIII.
1110 239 1304 304 CAP.
1338 242 1442 302 26.
1470 243 1573 311 27.
1918 250 2039 308 183

175 385 236 432 at
259 373 574 433 criminum
605 373 944 430 manifestos
975 373 1184 430 merito
1210 373 1284 440 ad
1310 372 1650 429 servitutem
1674 371 1922 447 retrahi,
1963 390 2031 436 ut
2084 428 2094 437 ,,

173 469 332 518 metu
355 468 763 527 coerceantur,
803 477 951 533 quos
974 458 1254 515 beneficia
1277 477 1398 517 non
1425 454 1830 529 mutavissent.

337 567 592 628 XXVII.
667 566 1080 625 Disserebatur
1114 581 1346 626 contra':
1408 567 1742 626 Paucorum
1786 572 2019 647 culpam

167 654 309 731 ipsis
333 655 638 712 exitiosam
674 673 796 709 esse
829 655 1073 722 debere,
1115 651 1274 710 nihil
1311 654 1726 711 universorum
1761 656 1881 712 iuri
1914 659 2018 713 de-

163 740 566 817 rogandumf'
613 739 831 815 quippe
873 739 988 795 late
1030 741 1226 795 fusum
1270 740 1334 795 id
1379 759 1609 814 corpus,
1715 736 1855 798 hinc
1889 743 2017 816 ple-—

161 844 412 902 rumque
434 826 652 893 tribus,
696 824 988 893 decuriaS,
1029 824 1355 880 ministeria
1383 824 1818 898 magistratibus
1844 839 1899 883 et
1923 847 2016 883 sa-

161 911 526 980 cerdotibUS,
568 907 836 967 cohortes
868 910 1042 965 etiam
1068 910 1132 964 in
1159 909 1306 964 urbe
1333 910 1702 984 conscriptaS.
1790 923 1847 968 et
1878 912 2015 987 plu-

157 996 324 1052 rimis
351 997 614 1072 equitum
632 1042 647 1064 ‚
690 995 984 1070 plerisque
1004 994 1370 1050 senatoribus
1396 1015 1519 1050 non
1551 995 1793 1052 aliunde
1830 997 2011 1070 origi-

157 1101 295 1136 nem
331 1077 506 1139 trahi.
607 1081 656 1135 si
692 1091 1103 1154 separarentur
1137 1079 1433 1149 libertini,
1474 1080 1844 1154 manifestam
1883 1083 2011 1138 fore

153 1166 464 1241 penuriam
521 1165 932 1238 ingenuorum.
1045 1163 1183 1220 Non
1245 1165 1463 1220 frustra
1520 1165 1803 1236 maioreS,
1874 1188 2008 1223 cum
2074 1189 2075 1192 ¹

153 1251 499 1324 dignitatem
524 1250 804 1306 ordinum
827 1249 1190 1318 dividerent,
1240 1249 1569 1306 libertatem
1603 1250 1668 1306 in
1706 1254 2007 1309 communi

149 1336 430 1410 posuisse.
518 1334 666 1410 quin
692 1347 746 1391 et
773 1334 1234 1389 manumittendi
1260 1334 1406 1390 duas
1441 1335 1659 1409 species
1692 1336 2006 1407 institutaS‚

146 1431 213 1477 ut
256 1421 690 1496 relinqueretur
731 1419 1128 1494 poenitentiae
1169 1430 1271 1476 aut
1311 1440 1467 1476 novo
1501 1421 1783 1477 beneficio
1819 1422 2001 1482 locus.

147 1525 301 1585 quos,
335 1505 599 1562 vindicta
646 1517 931 1580 patronus
974 1524 1099 1560 non
1146 1505 1513 1575 liberaverit,
1586 1507 1750 1563 velut
1803 1507 2000 1564 vinclo

146 1591 443 1648 servitutis
489 1590 742 1649 attineri.

195 1859 247 1894 at
278 1853 540 1896 eriminum.
617 1854 692 1898 Sic
727 1852 861 1897 MSS.
904 1853 1030 1897 Flor.

140 1910 256 1964 (test.
283 1910 399 1952 Viet.
431 1927 534 1953 curn
556 1909 703 1967 Pieh.)
733 1909 888 1953 Guelf.
924 1911 1028 1953 edd.

137 1967 170 2010 S
203 1967 258 2009 ir.
291 1967 417 2010 Pich.
451 1983 549 2068 sgq.
583 1996 642 2003 —
700 1984 755 2009 ac
783 1970 1026 2010 criminum

193 2025 241 2068 S.
270 2023 379 2083 Reg.
410 2018 464 2067 ed
548 2024 652 2068 Put.
679 2025 746 2068 M.
771 2034 813 2067 et
841 2026 894 2068 V.
922 2025 1026 2068 Ber.

133 2080 237 2125 Ale.
262 2081 408 2125 Rhen.
435 2098 504 2140 sq(
522 2114 533 2125 .
613 2082 705 2124 Pro
737 2086 801 2124 ad
827 2085 1025 2125 servitu-

131 2146 228 2180 tem
252 2139 384 2182 MSS.
406 2098 531 2183 Hau-i.
547 2138 700 2184 Guelf.
725 2139 807 2183 les.
833 2144 897 2183 ad
918 2154 1023 2183 ser-

129 2196 365 2240 viendum.

185 2281 510 2325 mutavissent
594 2281 672 2325 Sic
715 2279 850 2325 MSS.
893 2281 1018 2326 Flor.

131 2337 251 2392 (test.
279 2338 422 2393 vict.)
453 2337 573 2381 Bud.
607 2338 709 2382 edd.
732 2338 847 2395 Spir.
872 2338 1016 2382 Rhen.

125 2411 222 2452 sqq.
243 2423 303 2431 —
330 2399 737 2438 commutavissent
749 2393 884 2438 lssSS.
896 2396 1018 2439 Harl.

123 2452 260 2496 Bodl.
286 2452 368 2496 les.
394 2451 546 2495 Guelf.
570 2453 672 2494 edd.
695 2452 796 2495 Put.
813 2453 881 2495 M.
906 2462 948 2496 et
961 2452 1016 2496 V.

121 2509 332 2552 Beroald.
356 2509 458 2553 Alc.
515 2509 750 2552 Ernestius
780 2518 1015 2565 utramque

122 2566 390 2625 scripturam
454 2566 662 2610 vitiosam
722 2582 817 2609 esse
869 2575 1012 2624 putat.

120 2624 341 2670 Coniicit:
382 2639 498 2680 quos
528 2624 748 2680 beneficia
778 2639 871 2666 non
900 2640 1011 2666 con-

119 2683 375 2724 tinuissent.
433 2681 522 2725 Sed
546 2681 764 2738 beneficia
791 2697 884 2724 non
906 2691 1010 2725 sunt

118 2737 408 2795 intelligenda
439 2739 494 2781 de
521 2737 898 2790 manumissione,
929 2756 1007 2794 po-

117 2795 204 2838 tiu's
226 2796 279 2838 de
298 2795 468 2838 liberali
490 2795 776 2846 conditione,
806 2811 889 2853 qua
914 2806 1005 2839 ute-

114 2853 281 2895 bantur
326 2852 586 2895 manumissi
628 2868 729 2910 erga
771 2863 1003 2910 patronos.

113 2908 243 2953 Hanc
269 2908 335 2951 illi
370 2908 522 2952 dicunt
556 2925 650 2952 non
683 2909 879 2966 potuisse
911 2912 1005 2952 effi-

115 2982 241 3018 cere,
273 2974 321 3008 ut
352 2966 604 3009 desinerent
636 2966 838 3022 fraudes;
879 2978 1002 3011 metu

113 3022 249 3081 igitur
273 3039 384 3080 opus
407 3039 525 3071 esse,
556 3033 606 3066 ut
634 3033 943 3068 coerceantur.

155 3106 285 3206 “CAP-
316 3106 390 3150 27.
469 3107 600 3150 nihil.
684 3107 787 3150 MS.
843 3105 999 3153 Guelf.

111 3181 159 3209 m
180 3198 191 3208 .
964 3197 968 3201 .

166 3215 503 3304 derogandum.
563 3247 646 3291 Ed.
677 3248 796 3307 Spir.
827 3266 868 3294 c.
893 3250 996 3294 MS.

111 3305 264 3349 Guelf.
288 3309 629 3359 denegandum.

164 3390 399 3431 decurias..
456 3389 528 3432 Se.
556 3388 830 3439 scribarum,
866 3390 992 3436 licto-

110 3459 236 3492 rum,
273 3445 495 3489 viatorum
520 3455 632 3497 ete„
670 3448 746 3504 qui
779 3448 825 3491 in
858 3449 991 3492 ‹lecu-

107 3500 195 3543 rias
247 3512 372 3548 erant
415 3501 642 3560 descripti.
725 3505 988 3562 Sequentia:

107 3558 367 3601 munisterio
398 3561 610 3614 magistr.
649 3569 692 3605 et
721 3577 813 3606 sac.
856 3563 987 3628 expli·

843 1589 1151 1664 dispiceret
1190 1590 1438 1667 quisque
1475 1591 1683 1648 merita
1718 1593 2000 1669 tardeque

1103 1853 1234 1898 candi
1270 1869 1403 1898 causa
1444 1853 1738 1912 adponuntur
1770 1853 1993 1898 vocabulo

1100 1915 1332 1954 decurias.

1150 1983 1398 2036 plerisque.

1097 2056 1199 2095 que.
1270 2037 1368 2082 MS.
1397 2036 1552 2080 Guelf.
1583 2041 1888 2095 plurimisque
1916 2053 1993 2088 se-

1094 2097 1342 2139 natoribus
1362 2098 1622 2139 senatoriis.

1149 2175 1508 2222 separarentur.
1587 2165 1664 2209 Sic
1690 2165 1826 2210 MSS.
1858 2166 1895 2208 F
1898 2165 1984 2210 lor.

1093 2228 1218 2281 (test.
1251 2223 1426 2271 vakio
1456 2239 1544 2266 sec.
1575 2222 1723 2267 collat.
1756 2224 1846 2267 lac.
1868 2223 1984 2268 Gro-

1089 2283 1241 2339 novii)
1281 2275 1433 2325 Guelf.
1478 2280 1579 2334 (thie
1628 2284 1983 2336 seper-arentur)

1089 2339 1221 2383 Bodl.
1261 2338 1360 2382 edd.
1394 2339 1494 2380 Put.
1518 2337 1587 2380 M.
1626 2346 1671 2380 et
1694 2338 1745 2381 V.
1773 2337 1981 2380 Beroaid.

1089 2398 1149 2451 (c.
1172 2397 1318 2439 silent.
1344 2395 1479 2451 Vict.)
1508 2394 1684 2436 Ernest.
1716 2395 1846 2437 Brot.
1879 2410 1978 2451 sqq.

1089 2477 1143 2487 ·-—
1166 2462 1452 2508 separantur
1485 2451 1588 2493 MS.
1619 2450 1728 2509 Reg.
1766 2451 1835 2494 ed.
1858 2449 1977 2509 Spir.

1085 2538 1144 2546 -
1166 2518 1447 2565 separentur
1459 2508 1593 2551 MSS.
1611 2508 1726 2550 Bud.
1739 2508 1852 2566 Agr.
1875 2509 1979 2552 edd.

1085 2568 1287 2610 Rhenan.
1313 2583 1409 2624 sqq.
1440 2581 1580 2623 usque
1611 2565 1664 2607 ad
1699 2565 1972 2610 Ernestium.

1082 2625 1220 2666 Male.
1270 2622 1487 2681 Optativo
1501 2621 1632 2665 ,enim
1651 2622 1726 2666 hie
1747 2630 1814 2667 estv
1830 2623 1972 2672 locus,

1081 2697 1173 2724 non
1199 2681 1505 2724 coniunctivo.
1564 2679 1621 2721 cf.
1647 2688 1743 2722 not.
1765 2679 1823 2723 ad
1845 2682 1885 2730 1,
1900 2682 1969 2724 19.

1081 2739 1326 2782 Oberlinus
1359 2746 1510 2781 tamen
1538 2736 1724 2794 perinde
1751 2753 1844 2780 esse
1863 2753 1968 2782 cen·

1078 2798 1217 2839 sebat.
1800 2837 1803 2840 Α

1133 2881 1227 2908 non
1237 2866 1444 2922 frustra.
1501 2864 1583 2908 Ed.
1599 2865 1716 2924 Spir.
1740 2865 1965 2922 ide-’osra-

1075 2931 1190 2966 stra.
1240 2923 1406 2966 Eadem
1431 2923 1505 2965 dat
1523 2925 1737 2975 potentia
1759 2938 1844 2980 pro
1852 2938 1964 2977 poe·

1072 2983 1326 3031 nitentiae,
1357 2981 1467 3022 locis
1490 2995 1576 3038 pro
1600 2983 1739 3023 locus.

1130 3067 1246 3107 quos
1274 3053 1490 3094 vindicta.
1569 3049 1677 3092 Post
1709 3065 1822 3107 quos
1855 3049 1959 3093 MS.

1072 3108 1225 3152 Guelf.
1259 3108 1387 3151 habet
1420 3107 1550 3150 haee:
1592 3117 1704 3158 „Vffi
1719 3106 1958 3159 (Liberta-

1070 3170 1130 3208 tis
1177 3168 1429 3208 donatione
1479 3165 1590 3219 (non
1639 3164 1955 3213 donationem,

1069 3234 1119 3265 ut.
1158 3222 1250 3265 Str.
1291 3223 1493 3276 tradidit)
1544 3223 1691 3263 immo
1731 3225 1780 3262 αθ
1822 3223 1954 3277 virga

1064 3282 1324 3336 praetoria)
1338 3283 1425 3321 Cat.
1441 3279 1469 3297 ''

1484 3334 1619 3379 MSS.
1658 3335 1782 3379 Harl.
1818 3335 1950 3380 Bodl.

1123 3338 1398 3379 liberaverit.

1067 3394 1144 3437 les.
1172 3393 1325 3436 Guelf.
1349 3394 1578 3437 liberavit.

1124 3452 1286 3493 vinclo.
1330 3451 1408 3494 Sic
1421 3452 1521 3495 MS.
1533 3451 1655 3494 Flor.
1668 3451 1785 3507 (test.
1796 3452 1947 3509 vich),

1063 3508 1125 3551 uti
1153 3509 1282 3551 solet.
1344 3506 1488 3552 Ceteri
1519 3507 1622 3558 libri
1654 3508 1817 3559 habent
1849 3511 1944 3555 vul-

1059 3575 1210 3623 gatum
1240 3566 1441 3618 vinculo.

1479 1980 1562 2022 Ed.
1592 1979 1713 2038 Spir.
1746 1987 1792 2023 et
1818 1983 1994 2035 pletis-
