2164 3990
188 183 316 245 302

864 159 1372 244 ANNALI'UM

1744 181 1797 220 A.
1810 181 1864 223 U.
1875 180 1961 223 81⁶.

1742 228 1796 262 A.
1816 225 1863 261 C.
1897 226 1961 262 6³.

183 323 288 384 „et
326 309 544 388 quibus
580 309 874 368 claritudo
912 310 1107 382 venit,
1172 313 1336 390 quod:
1378 313 1653 372 iuventae
1697 327 1834 374 tuae
1877 316 2049 375 rudi*

185 396 448 469 „mentis
471 396 726 455 adfuisse
748 396 986 466 videor,
1029 397 1252 470 grande
1284 394 1468 458 huius
1501 396 1591 457 rei
1624 401 1899 476 pretium.
1985 415 2046 462 at

182 494 296 554 „tu
328 482 576 557 gratiam
607 482 985 550 immensam,
1024 481 1400 540 innumeram
1443 486 1756 561 pecuniam
1793 483 2046 545 circum-

182 614 217 640 ‚‚
231 568 475 638 dedisti,
542 568 687 624 adeo
739 577 809 624 ut
861 566 1214 643 plerumque
1265 568 1422 626 intra
1471 591 1566 628 me
1610 572 1734 648 ipse
1777 573 2041 630 volvam:

181 672 413 728 „egone
438 651 695 729 equestri
720 662 776 708 et
797 651 1153 728 provinciali
1184 653 1315 710 loco
1341 666 1503 712 ortus
1528 658 1870 732 proceribus
1898 659 2046 715 civi-
2138 731 2140 734 Ι

180 739 366 811 „tatis
391 736 790 796 adnumeror'?
875 737 1033 794 inter
1066 738 1299 795 nobiles
1337 750 1394 796 et
1423 740 1601 815 longa
1635 744 1846 800 decora
1872 763 2045 819 prae-

181 825 477 898 „ferentes
517 822 750 879 novitas
782 842 913 880 mea
945 823 1194 880 enituit?
1277 824 1386 882 uhi
1419 836 1504 882 est
1526 828 1759 886 animus
1784 829 1886 885 ille
1912 849 2045 885 mo-

178 911 372 982 „dicis
394 907 744 967 contentus?
830 908 971 966 talisx
990 904 1198 968 hortos
1220 910 1462 967 exstruit
1487 922 1543 968 et
1576 931 1682 988 per
1718 909 1862 970 haec
1904 915 2046 971 sub-

238 1172 286 1210 et
337 1165 486 1208 uibus.
547 1163 624 1208 Sic
645 1163 783 1210 MSS.
807 1163 933 1210 Flor.
955 1165 1077 1221 (test.

180 1224 270 1268 Iac.
349 1221 566 1278 ronovio)
593 1221 710 1267 Bud.
739 1224 827 1282 (pr.
857 1226 936 1281 m.)
971 1225 1074 1269 edd.

181 1279 328 1340 Ryok.
354 1278 446 1324 Iac.
471 1277 683 1327 Gronov.
707 1281 886 1325 Broter.
914 1281 1075 1326 Oberl.

180 1354 278 1398 sqq.
315 1364 376 1376 ·—-
435 1354 459 1382 c
496 1339 661 1394 quibus
690 1338 793 1383 MS.
824 1338 935 1398 Reg.
972 1339 1074 1385 edd.

183 1398 301 1455 Spir.
327 1396 431 1440 Put.
454 1396 520 1439 Μ.
547 1404 589 1439 et
614 1395 666 1438 V.
698 1396 802 1442 Ber.
841 1399 969 1453 (cum
1002 1398 1074 1442 sil.

180 1456 323 1511 vict.)
357 1454 458 1498 Alc.
491 1452 693 1497 Rhenan.
719 1470 820 1513 sqq.
893 1454 1076 1513 Quippe

179 1514 282 1557 edd.
325 1510 431 1555 Put.
484 1511 663 1568 signum
708 1511 1076 1570 interrogationis

177 1579 356 1633 ponunt
384 1575 487 1638 post
517 1570 657 1612 venit.
737 1569 980 1613 Rhenanus
1014 1579 1075 1614 ta·

180 1645 288 1672 men
307 1628 353 1671 id
370 1642 548 1685 signum
572 1625 814 1671 collocavit
837 1636 940 1685 post
960 1630 1074 1670 edu-

178 1693 304 1731 cata.
384 1684 468 1728 Ed.
501 1683 619 1742 Spir.
652 1683 735 1729 hac
767 1685 911 1728 utitur
940 1684 1074 1729 inter·

178 1742 451 1803 punctione:
492 1745 690 1784 educata
722 1757 748 1785 e
781 1744 943 1799 quibus
973 1746 1073 1785 cla-

177 1804 335 1846 ritudo
381 1800 534 1843 venit:
589 1803 712 1856 quod
759 1810 845 1844 etc.
936 1801 1074 1844 MSS.

177 1859 303 1904 Harl.
333 1857 466 1902 Bodl.
505 1857 590 1901 les.
626 1856 780 1902 Guelf.
823 1874 855 1900 a
896 1860 1072 1914 quibus.

177 1917 352 1960 Verum
378 1923 423 1959 et
445 1923 490 1960 et
510 1932 541 1957 a
566 1916 612 1958 in
636 1916 770 1959 MSS.
804 1915 1074 1975 plerumque

176 1975 237 2019 ita
259 1974 544 2028 scribuntur,
581 1980 631 2016 ut
653 1973 729 2020 vix
754 1973 947 2018 discerni
972 1989 1074 2032 pos-

177 2032 283 2076 sint.
792 2056 794 2058 v

231 2131 598 2177 circumdedisti.
670 2129 749 2174 Sic
777 2129 914 2174 MSS.
948 2128 1074 2174 Flor.

173 2191 294 2248 (test.
320 2189 440 2234 Viet.
468 2203 509 2232 c.
532 2188 742 2242 Pichen.)
774 2188 890 2233 Bud.
920 2187 1074 2232 Guelf.

178 2247 318 2295 Corb.
341 2246 444 2292 edd.
468 2246 653 2291 Piehen.
677 2262 775 2305 sqq.
793 2273 853 2282 -—
891 2247 1075 2299 dedisti3

174 2307 342 2351 omissa
396 2303 755 2363 praepositione,
814 2302 915 2347 MS.
962 2301 1074 2361 Reg.

175 2363 283 2408 edd.
305 2361 424 2422 Spir.
448 2362 551 2405 Put.
579 2361 646 2404 M.
674 2370 718 2404 et
745 2361 802 2404 V.
832 2361 939 2405 Ber.
972 2360 1075 2405 Alc.

175 2421 323 2466 Rhen.
353 2434 452 2478 sqq.
512 2415 584 2464 De
604 2418 742 2463 MSS.
758 2417 943 2462 Oxonn.
962 2418 1074 2462 Bro-

175 2480 317 2525 terius
342 2487 477 2524 tacet.

229 2583 362 2626 intra
381 2595 457 2624 me
480 2581 590 2636 ipse.
651 2579 727 2624 Sic
748 2574 884 2622 MSS.
907 2586 951 2621 et
970 2584 1073 2621 vett.

175 2641 301 2692 edd„
333 2639 419 2683 nisi
443 2638 566 2697 quod
590 2637 660 2680 ed.
684 2637 803 2695 Spir.
829 2651 914 2694 pro
937 2637 1073 2678 intra

173 2702 263 2745 fert
294 2700 434 2741 inter.
503 2694 702 2754 Ryckius
733 2695 850 2738 hanc
883 2693 1072 2750 scriptu·

172 2773 271 2802 ram
294 2752 486 2799 restituit
511 2754 775 2797 auctoritate
798 2750 934 2794 MSS.
944 2750 1071 2794 Flor.

156 2813 221 2861 vet
259 2813 412 2858 Oxou.
455 2810 573 2865 (Iac.
608 2809 870 2863 Gronov.).
952 2809 1072 2852 Ante

174 2871 398 2933 Ryckium
417 2869 631 2912 edebatur
653 2869 783 2910 intra
802 2882 880 2910 me
904 2866 1077 2920 ipsum,

172 2931 242 2976 uti
274 2937 342 2973 est
376 2928 425 2972 in
460 2925 643 2978 Guelf.,
697 2941 810 2983 quae
846 2923 1072 2982 scriptura

173 3005 231 3034 an
257 2987 314 3031 sit
338 2993 514 3042 recepta
545 2999 569 3026 a
590 2983 838 3034 Rhenum,
874 2982 940 3024 uti
967 2996 1072 3039 pro·

113 3061 129 3069 ··
173 3043 559 3093 diditOherlinus,
582 3041 712 3086 valde
735 3040 906 3085 dubito.
954 3038 1070 3082 Nam

172 3104 416 3148 Rhenanus
459 3098 509 3143 in
559 3099 630 3141 ed.
687 3096 814 3141 1533.
867 3097 1072 3155 sequitur

174 3161 375 3222 priores,
426 3174 512 3201 nec
547 3156 795 3214 quidquam
837 3163 983 3198 mutat
1023 3153 1070 3195 in

158 3216 560 3275 castigationibus.
622 3213 814 3258 Invenio
838 3213 973 3255 etiam
997 3212 1073 3253 in-

135 3316 140 3321 .
178 3284 255 3320 tra
289 3288 361 3317 me
391 3276 484 3329 ipse
526 3273 573 3314 in
610 3271 712 3314 edd.
746 3269 849 3314 Ald.
886 3267 1067 3326 Micyll.

177 3333 303 3378 1557.
370 3331 458 3375 Sed
493 3329 560 3373 ed.
585 3328 727 3372 Rhen.
754 3328 808 3370 de
844 3342 917 3370 an.
943 3325 1070 3370 1544.

178 3397 356 3435 non-est
378 3391 432 3434 ad
458 3402 636 3433 manus..
691 3386 744 3430 In
765 3384 901 3444 Lipsii
926 3385 1068 3443 prima

177 3455 242 3494 est
264 3447 397 3490 intra
419 3459 492 3487 me
515 3446 685 3499 ipsum.

236 3539 383 3575 ortus.
455 3527 560 3571 MS.
592 3526 747 3572 Guelf.
784 3535 948 3582 natus,
993 3526 1069 3571 sed

1147 1165 1194 1210 in
1215 1180 1357 1224 marg.
1384 1173 1532 1208 ortus.
1595 1163 1721 1209 Idem
1746 1180 1850 1210 mox
1874 1168 2043 1213 ciuita-

1147 1225 1266 1269 tibus
1285 1240 1370 1283 pro
1396 1223 1611 1267 civitatis.
2023 1250 2029 1251 ff

1205 1298 1509 1340 adnumeror.
1570 1294 1647 1339 Sic
1668 1293 1771 1338 MS.
1796 1294 1920 1340 Flor.
1941 1303 2043 1340 test.

1147 1352 1372 1397 Victorio.
1404 1375 1462 1385 —
1521 1351 1637 1395 Edd.
1662 1362 1770 1396 vett.
1805 1368 2041 1398 annume-

1146 1425 1242 1454 ror.
1302 1410 1395 1453 Pro
1425 1411 1625 1453 civitatis
1656 1410 1754 1454 edd.
1775 1410 1878 1455 Put.
1906 1413 1974 1456 M.
1998 1421 2042 1456 et

1152 1468 1206 1511 V.
1231 1469 1338 1511 dant
1369 1469 1591 1511 cuntatis.

1203 1541 1344 1593 longa
1375 1541 1562 1580 decora.
1645 1539 1723 1583 Sic
1749 1539 1887 1584 MSS.
1921 1540 2038 1584 Bud.

1143 1596 1252 1651 (sec.
1275 1598 1356 1652 m.)
1387 1595 1539 1638 Guelf.
1571 1595 1670 1640 edd.
1694 1595 1797 1640 Put.
1821 1597 1890 1641 Μ.
1916 1607 1960 1640 et
1979 1597 2039 1642 V.

1146 1653 1353 1697 Beroald.
1374 1653 1475 1697 Alc.
1491 1652 1635 1698 Rhen.
1655 1670 1756 1714 sqq.
1787 1678 1857 1690 --
1901 1657 2044 1710 longa

1148 1725 1261 1754 cura
1290 1711 1426 1754 MSS.
1451 1711 1576 1756 Flor.
1613 1712 1731 1768 (test.
1753 1711 1873 1756 Viet.
1898 1727 1939 1757 c.
1962 1713 2042 1771 al.)

1146 1769 1258 1826 Reg.
1287 1770 1358 1812 ed.
1385 1768 1503 1827 spir.
1532 1792 1589 1804 -
1647 1773 1846 1824 longam
1878 1785 2041 1814 curam

1146 1828 1248 1871 MS.
1274 1827 1410 1872 Corb.
1429 1850 1486 1859 —
1524 1827 1595 1871 De
1618 1827 1712 1871 aliis
1735 1827 1871 1872 MSS.
1893 1828 1955 1871 ita
1979 1836 2041 1872 ta·

1146 1893 1273 1933 cent,
1306 1894 1356 1928 ut
1385 1901 1491 1928 cum
1515 1886 1688 1942 vulgata
1718 1885 1942 1944 scriptura
1976 1886 2040 1932 vi-

1145 1942 1337 1987 deantur
1381 1943 1650 1987 consentire.
1734 1942 1824 1986 Iac.
1861 1943 2042 1987 Grono-

1147 1999 1247 2046 vius
1302 2000 1501 2044 tentabat
1546 2003 1692 2054 longa
1730 2003 1858 2050 iura,
1918 2001 2042 2059 quod

1148 2058 1293 2101 multo
1343 2057 1492 2102 minus
1536 2068 1779 2102 venustum
1820 2065 1900 2101 est.
1974 2058 2038 2103 cf.

1147 2115 1261 2159 Hist.
1300 2117 1337 2169 1,
1369 2116 1437 2160 15.
1467 2112 1700 2170 Sulpiciae
1729 2128 1784 2158 ac
1818 2115 2042 2159 Lutaticze

1146 2177 1317 2217 decora
1340 2173 1578 2215 nobilitati
1594 2180 1705 2216 tuac
1725 2173 1959 2217 adiecisse.

1205 2258 1382 2301 enituit.
1439 2257 1515 2302 Sic
1551 2257 1651 2302 edd.
1681 2257 1785 2301 Put.
1817 2257 1887 2302 M.
1915 2266 1960 2300 et
1978 2257 2036 2304 V.

1145 2314 1357 2358 Beroald.
1382 2316 1439 2371 (c.
1462 2313 1760 2372 sileanvict.)
1777 2313 1878 2359 Ale.
1898 2315 2040 2360 Rhea.

1146 2389 1246 2441 sqq.
1281 2380 1325 2440 et
1364 2372 1602 2474 ῗῖὃέΙὸΒὸ.
1634 2372 1750 2474 ΒΧά.
1786 2371 1949 2475 Ειὲευὲ
1981 2401 2040 2441 3-

1144 2438 1347 2532 ffll‘giilii.
1379 2462 1515 2532 Mss'.
1557 2446 1642 2532 iia&
1663 2445 1898 2532 ιεξὲἱιιειῖῑ
1932 2446 2039 2533 cliirrn

1144 2548 1325 2613 vulgata
1378 2548 1596 2606 scriptura
1634 2544 1879 2594 videantur
1931 2561 2039 2590 con·

1143 2614 1327 2647 sentire.

1200 2687 1313 2731 talis
1333 2689 1508 2732 hortos.
1567 2685 1645 2731 Sic
1657 2685 1760 2744 MS.
1774 2685 1900 2732 Flor.
1921 2651 2038 2744 (test.

1143 2742 1284 2803 Viet.)
1306 2745 1375 2788 ed.
1400 2744 1519 2803 Spir.
1547 2743 1676 2799 (haec
1693 2761 1821 2788 more
1841 2761 1924 2789 suo
1955 2760 2035 2788 or-

1144 2805 1250 2859 tos).
1319 2804 1437 2845 tales
1467 2804 1633 2845 hortos
1666 2801 1766 2846 edd.
1798 2802 1903 2847 Put.
1934 2819 2035 2863 sqq.

1143 2861 1262 2904 tales
1281 2867 1407 2903 ortos
1431 2859 1534 2904 MS.
1559 2858 1714 2903 Guelf.
1832 2879 1836 2883 -

1199 2943 1419 2988 exstruit.
1493 2943 1569 2988 Sic
1592 2943 1728 2988 MSS.
1754 2944 1878 2989 Flor.
1910 2947 2035 3002 (test.

1143 2999 1262 3046 Viet.
1296 3016 1335 3045 c.
1364 3001 1445 3056 al.)
1486 3001 1595 3060 Reg.
1627 3001 1765 3046 Corb.
1801 3002 1839 3044 A
1873 3018 1910 3045 r.
1960 3003 2034 3046 ed.

1144 3058 1263 3116 Spir.
1295 3082 1351 3091 -—
1393 3061 1589 3103 instruit
1609 3059 1744 3102 MSS.
1766 3059 1858 3103 Har
1881 3059 2034 3104 ‚BodL

1143 3118 1228 3160 les.
1251 3117 1364 3159 Bud.
1388 3118 1490 3161 edd.
1516 3118 1620 3161 Put.
1647 3133 1745 3184 sqq.
1823 3117 1912 3161 Sed
1944 3131 2034 3160 ex-

1141 3181 1326 3217 struere
1349 3178 1586 3231 (anlegen)
1612 3183 1780 3233 optime
1802 3173 1905 3218 loco
1925 3190 2032 3219 con·
2059 3228 2071 3232 -

1142 3232 1270 3277 venit
1292 3241 1334 3275 et
1357 3234 1487 3276 simul
1512 3232 1828 3292 complectitur
1843 3231 1887 3274 id
1910 3232 2031 3290 quod

1141 3299 1207 3333 est
1229 3291 1472 3335 instruere.
1530 3291 1607 3334 Sic
1630 3291 1883 3333 extollebat
1903 3291 1972 3340 11,
1993 3292 2033 3332 1.

1141 3348 1313 3407 Nempe
1348 3349 1469 3406 quod
1509 3351 1630 3391 tales
1658 3347 1812 3390 hortos
1846 3348 2034 3390 instruit

1141 3407 1229 3461 (sc.
1281 3407 1604 3462 ornamentis),
1658 3404 1807 3447 minus
1858 3404 2032 3447 videtur

1140 3463 1421 3518 mirandum,
1457 3480 1591 3523 quam
1621 3461 1743 3521 quod
1778 3464 1899 3505 tales
1927 3461 2029 3504 hor-

1140 3531 1211 3567 tos
1247 3523 1465 3569 exstruit.
1535 3520 1638 3566 MS.
1662 3517 1815 3564 Guelf.
1849 3519 1921 3563 dat
1952 3521 2029 3562 in-
