2164 3990
172 240 296 294 Lu.
308 252 398 288 em.

176 299 228 334 A.
248 296 297 334 c,
335 297 395 334 ⁵⁶.

628 253 801 316 LIB.
838 253 1005 316 XIII.

1091 252 1285 316 CAP.
1318 257 1419 316 21.
1460 344 1462 346 ,
1803 231 1946 316 ”175

89 434 124 460 ‚,
136 400 310 447 taret:
353 406 515 444 nunc
551 403 659 459 per
693 385 1092 451 concubinum
1126 379 1456 443 Atimetum
1501 394 1559 441 et
1592 379 1945 443 histrionem

88 472 409 546 „Paridem
463 469 633 547 qnasi
690 489 894 526 scenae
940 468 1170 526 fabulas
1226 468 1545 545 componit.

85 577 373 628 „suarum
399 555 651 633 piscinas
678 555 1020 626 extollebat,

1659 467 1944 528 Baiarum

1064 576 1197 612 cum
1229 554 1374 615 meis
1407 553 1672 611 consiliis
1700 556 1942 632 adoptio

84 653 190 712 „et
225 641 646 718 proconsulare
689 640 781 696 ius
828 652 883 697 et
919 640 1243 713 designatio
1280 639 1617 713 consulatus
1658 651 1714 697 et
1752 652 1943 698 cetera

83 728 443 803 „apiscendo
475 724 722 801 imperio
751 737 1257 807 praepararentur.

1343 720 1426 793 At
1452 725 1686 782 exsistat
1710 726 1814 802 qui
1843 746 1945 782 co-

82 809 334 882 „hortes
371 812 436 868 in
459 812 608 868 urbe
638 813 915 880 tentatas,
960 811 1064 887 qui
1099 810 1538 886 provinciarum
1571 810 1749 866 fidem
1780 810 1944 867 labe-

81 898 428 969 ‚‚‚factatam‚
491 896 749 973 denique
789 916 986 952 servos
1025 897 1118 951 vel
1159 895 1400 954 libertos
1450 896 1526 952 ad
1575 896 1762 962 scelus
1811 916 1944 953 cor-
1999 965 2001 974 Ξ

79 993 333 1059 „ruptos
368 995 592 1057 arguat.
680 980 896 1038 Vivere
926 1000 1030 1055 ego
1057 979 1406 1039 Britannico
1440 980 1704 1057 potiente
1740 1001 1941 1039 rerum

81 1225 192 1269 Mox
235 1226 354 1268 anui
395 1224 496 1269 edd.
547 1231 647 1266 ante
679 1222 882 1280 Lipsium
932 1231 975 1266 et

80 1283 215 1342 Lipsii
246 1283 406 1341 prima.
467 1280 583 1324 Dein
616 1280 802 1346 inrepsit
834 1280 971 1351 ogni.

81 1341 293 1385 Veterem
315 1354 554 1397 veramque
572 1347 841 1396 scripturam
856 1342 974 1381 (arru-

0 1436 5 1440 ,
78 1406 199 1441 terus
222 1397 431 1441 restituit.

133 1496 456 1541 concubinum.
523 1494 660 1539 MSS.
694 1494 818 1539 Flor.
854 1497 969 1550 (test.

78 1555 226 1612 Vict.)
273 1553 427 1598 Guelf.
474 1554 545 1596 ed.
585 1551 705 1610 Spir.
752 1555 972 1596 concuba·-

76 1629 210 1657 nam·

104 1749 110 1753 ,
133 1713 407 1757 extollebat.
465 1710 542 1754 Sic
554 1710 690 1755 MSS.
703 1710 826 1754 Flor.
853 1718 972 1764 (test.

76 1772 195 1815 Viet.
233 1787 272 1813 c.
299 1768 376 1823 al.)
402 1767 576 1812 Vaticc.
603 1768 728 1812 1863.
764 1777 807 1811 et
841 1769 967 1812 1864.

76 1837 118 1873 et
141 1829 270 1875 1958.
304 1826 428 1870 Harl.
461 1825 593 1868 Bodl.
626 1826 708 1869 les.
742 1824 890 1870 Guelf.
924 1828 967 1882 (a

73 1902 165 1930 see.
197 1887 282 1941 m.)
315 1884 430 1927 Bud.
473 1881 574 1926 edd.
607 1881 726 1941 Spir.
760 1883 861 1926 Put.
894 1884 964 1928 M.

76 1951 120 1987 et
139 1943 196 1987 V.
218 1942 394 1985 Ernest.
417 1956 516 1998 sqq.
589 1940 660 1983 De
685 1940 821 1984 MSS.
852 1940 964 1999 Reg.

73 2010 118 2045 et
138 2001 253 2058 Agr.
278 2006 441 2042 tacent.
471 2021 529 2030 -—
584 2000 828 2040 excolebat
861 1999 963 2043 edd.

72 2056 282 2101 Beroald.
315 2055 415 2100 Ate.
438 2054 583 2098 Rhen.
611 2071 705 2112 sqq.
735 2070 878 2114 usque
907 2057 961 2100 ad

71 2115 247 2158 Ernest.
308 2113 397 2157 Sed
420 2112 479 2157 cf.
503 2121 603 2156 not.
629 2113 685 2155 ad
709 2114 778 2161 11,
803 2115 844 2157 1.

125 2217 387 2271 apiscendo.
445 2214 524 2258 Sic
547 2211 681 2257 MSS.
700 2211 824 2256 Flor.
845 2214 962 2268 (test.

70 2274 188 2318 Vict.
233 2289 274 2316 c.
313 2270 404 2315 Iac.
437 2270 663 2327 Gronov.)
697 2270 811 2328 Agr.
857 2271 958 2315 edd.

68 2329 213 2400 Ryck.
253 2330 357 2373 lac.¹
378 2327 588 2384 Gronov.
617 2343 716 2385 sqq.
739 2356 797 2364 -—
851 2329 961 2370 adi-
997 2382 1000 2384 μ

62 2390 284 2443 ριεεεηάο
324 2386 460 2435 MSS.
499 2386 614 2429 Bud.
653 2384 808 2428 Guelf.
857 2385 960 2429 edd.

68 2447 186 2504 Spir.
209 2459 306 2502 sqq.
354 2442 713 2496 *praeferendum
735 2439 839 2485 vero
861 2445 960 2496 opi-

66 2506 260 2552 scendo,
288 2500 392 2558 quia
416 2499 769 2557 haeclscriptura
802 2498 961 2542 nititur

68 2577 162 2604 non
188 2559 338 2603 solum
373 2555 542 2603 codicis
566 2557 687 2600 Flor.
715 2555 797 2599 litt.
820 2557 959 2614 Lang.

66 2618 244 2676 scri-pti,
274 2615 352 2660 sed
379 2615 511 2659 etiam
532 2614 635 2658 cod.
662 2613 779 2656 MSti
805 2623 958 2657 aucto-

65 2675 219 2724 ritate,
268 2671 347 2732 qui
387 2689 459 2715 sex
502 2671 955 2731 priores-Annalium

5 2768 8 2771 .
66 2734 204 2776 libros
245 2730 464 2776 eontinet.
537 2727 598 2772 cf.
633 2726 674 2781 3,
706 2729 778 2772 27.
812 2728 855 2780 4,
884 2729 955 2772 59.

64 2791 105 2842 6,
128 2789 170 2835 3,.
193 2789 326 2842 et-45.

121 2898 173 2934 at
204 2891 393 2936 existat.
453 2886 530 2930 Sic
563 2884 662 2930 edd.
697 2885 815 2944 Spir.
850 2885 953 2930 Put.

63 2949 133 2992 M.
161 2956 202 2991 et
229 2948 279 2989 V.
313 2942 519 2989 Beroalsl.
555 2944 612 2998 (e.
646 2943 788 2987 silent.
814 2944 964 3000 vict.)

63 3006 170 3050 Ald.
198 3014 240 3048 et
265 3019 405 3061 nuper
427 3002 608 3058 Bipont.
632 3025 688 3034 —
731 3003 815 3042 out
849 3004 953 3043 exi-

64 3071 162 3106 stat
186 3060 322 3103 MSS.
346 3059 462 3102 Bud.
482 3057 629 3100 Guelf.
656 3066 698 3100 et
724 3057 952 3102 ed‹1.Rhe·

64 3137 167 3163 nan.
203 3119 322 3176 Lips.
356 3115 478 3160 Pieh.
514 3130 610 3172 sqq.
688 3116 786 3158 Hoc
817 3116 950 3159 etiam

63 3173 536 3236 praetulitErnestius,
567 3173 667 3229 quia
688 3179 771 3214 out
792 3172 950 3216 fortius

62 3234 294 3277 videbatur
317 3247 448 3289 quam
473 3236 536 3273 at.
596 3229 682 3272 Sed
706 3227 832 3272 locus
857 3234 966 3275 non·

93 3292 226 3334 atitur
243 3296 338 3340 ajat.
379 3287 491 3329 Nam
512 3303 592 3344 per
607 3295 688 3328 aut
702 3286 950 3344 Agrippina

62 3308 171 3392 iiaec
195 3348 254 3389 ita
285 3345 486 3396 efferret,
530 3353 576 3386 ut
612 3352 948 3402 opponerentur

60 3405 260 3463 proxime
294 3400 659 3461 praecedentibus
689 3399 762 3442 tali
791 3417 947 3444 sensu:

63 3470 136 3503 aut
152 3459 350 3509 Domitia
375 3491 411 3502 ..
428 3491 438 3501 .
468 3458 702 3500 extollebat
728 3457 789 3510 (h.
813 3474 848 3500 e.
872 3467 945 3501 aut

59 3533 218 3564 verum
245 3526 332 3567 est,
357 3516 479 3574 quod
501 3515 592 3563 dixi
628 3516 679 3557 de
711 3513 944 3568 Domitia),

57 3573 326 3619 aut'exsist'at
343 3582 427 3618 etc.
469 3569 598 3628 Quae
620 3572 732 3614 ratio
755 3571 943 3615 absurda

1045 1230 1126 1265 est.
1204 1220 1350 1264 Immo
1384 1223 1498 1280 Agr.
1531 1221 1620 1266 iam
1660 1221 1945 1281 it-adversus

1045 1279 1406 1332 criminationes,
1447 1288 1488 1323 et
1512 1279 1655 1338 priori
1683 1279 1939 1325 defensioni

1045 1337 1217 1380 maiora
1262 1336 1384 1379 addit
1423 1346 1710 1395 argumenta,
1763 1338 1834 1382 cui
1873 1340 1940 1384 rei

1044 1394 1179 1437 unice
1219 1393 1410 1437 inservit
1449 1402 1503 1436 at
1551 1397 1699 1449 (Aber
1739 1409 1787 1438 es
1827 1411 1940 1452 mog

1042 1451 1290 1519 qusstehen
1316 1455 1443 1502 etc.).
1512 1451 1621 1500 Mox
1649 1444 1754 1496 MS.
1781 1451 1937 1499 Guelf.

1041 1524 1091 1552 m
1116 1511 1254 1561 urbe,
1281 1509 1450 1555 vitiose.
1537 1550 1548 1556 ,

1099 1623 1450 1677 labefactatam.
1529 1624 1607 1670 Sic
1639 1626 1740 1671 MS.
1781 1626 1937 1674 Guelf.

1041 1680 1143 1723 edd.
1169 1680 1268 1724 Put.
1298 1682 1365 1724 M.
1388 1690 1431 1724 et
1452 1681 1509 1726 V.
1531 1683 1738 1728 Beroald.
1765 1686 1826 1741 (c.
1857 1685 1933 1733 sil.

1041 1735 1181 1793 Vict.)
1224 1737 1327 1782 Ale.
1371 1738 1576 1785 Rhenan.
1610 1757 1713 1799 sqq.
1803 1745 1933 1786 labe-

1026 1795 1216 1852 factam
1245 1796 1344 1839 edd.
1367 1796 1485 1855 Spir.
1512 1805 1553 1841 et
1574 1813 1722 1857 nuper
1743 1799 1935 1846 Naud'et.

1039 1851 1100 1896 cf.
1125 1855 1179 1904 .1,
1209 1854 1279 1896 75.
1331 1852 1443 1896 nist.
1477 1853 1519 1906 2,
1552 1854 1623 1898 93.
1701 1856 1936 1916 Frequens

1038 1909 1278 1968 utriusque
1331 1911 1458 1955 verbi
1513 1915 1800 1969 permutatio.
1870 1915 1931 1960 cf.

1038 1965 1339 2026 Oudendorp.
1365 1967 1422 2011 ad
1445 1967 1570 2013 Suet.
1595 1969 1701 2014 Ner.
1727 1988 1768 2016 c.
1793 1971 1864 2041 38.

1093 2082 1170 2123 uel
1194 2082 1405 2127 libertos.
1467 2082 1570 2129 MS.
1597 2084 1680 2130 les.
1717 2093 1761 2129 et
1790 2087 1930 2131 liber-

1036 2145 1123 2183 tos.
1182 2138 1282 2183 MS.
1308 2139 1459 2186 Guelf.
1483 2146 1505 2184 ἴ
1521 2144 1731 2189 libertos.

1090 2254 1246 2296 vivere
1288 2270 1372 2310 ego
1415 2257 1474 2301 Β.
1513 2272 1562 2313 ρ.
1603 2273 1646 2303 r.
1691 2267 1932 2314 poteram.

1032 2308 1095 2353 Ex
1119 2310 1255 2369 Lipsii
1287 2315 1504 2358 sententia
1531 2315 1710 2374 signum
1734 2317 1928 2360 interro-

1032 2368 1164 2426 gandi
1198 2381 1374 2427 ponunt
1406 2380 1507 2428 post
1537 2382 1775 2428 poteram.
1838 2374 1928 2417 Ne-

1031 2440 1118 2482 que
1160 2434 1311 2470 tamen
1352 2432 1575 2487 vulgarem
1614 2431 1926 2489 interrogatio-

1031 2497 1136 2524 nem
1169 2483 1242 2527 hie
1275 2501 1462 2542 quaere3
1501 2489 1604 2536 sed,
1636 2488 1672 2531 si
1706 2497 1796 2540 est,
1831 2490 1932 2539 eius.

1031 2538 1203 2596 generis
1237 2550 1324 2593 est,
1357 2543 1411 2595 de
1445 2545 1762 2601 quo‘diximus
1788 2542 1929 2598 2,,’15Ᾱ

1030 2596 1136 2651 (Ich
1159 2596 1330 2641 konnte
1359 2603 1487 2642 wohl
1511 2604 1667 2651 leben,
1701 2608 1838 2646 wenti
1861 2605 1924 2650 B.

1027 2667 1116 2707 zur
1137 2653 1419 2712 ,Herrschast
1445 2661 1708 2715 gelongte).
1784 2658 1856 2705 lta⁷
1879 2669 1929 2717 eit,

1029 2711 1257 2768 sequentia
1292 2713 1467 2758 ironice
1498 2715 1726 2761 dicuntur.
1803 2718 1921 2764 sunt

1028 2775 1201 2815 tamen,
1254 2770 1329 2828 qui
1368 2773 1498 2815 verba
1533 2773 1629 2816 illa:
1670 2776 1927 2832 vivere...

1022 2833 1269 2880 poteram,
1321 2829 1414 2871 sine
1459 2829 1812 2889 interrogatione
1844 2836 1927 2877 aut

1028 2884 1174 2935 ironia
1222 2884 1338 2927 dicta
1374 2901 1466 2928 non
1501 2887 1604 2930 satis
1645 2895 1765 2933 recte
1803 2887 1918 2935 acci·

1026 2938 1164 3039 Σὶὶεηῑ.
1244 2941 1305 2984 lta
1345 2942 1710 2998 Stronnbeckius:
1761 2939 1929 2992 Lebek'

1050 3002 1198 3041 'omne
1224 2998 1296 3042 ich
1321 3008 1403 3045 etc.
1897 3013 1900 3017 '

1071 3107 1298 3167 ¹potiente.
1358 3113 1435 3157 Sic
1459 3115 1560 3161 edd.
1580 3114 1681 3160 Put.
1706 3117 1774 3161 M.
1799 3121 1842 3171 et
1857 3109 1922 3166 V.

1021 3171 1122 3214 Ber.
1165 3176 1237 3237 (ς...
1265 3171 1412 3214 sitent.
1443 3169 1593 3232 Vict‚)
1629 3173 1740 3235 Ale..
1766 3175 1928 3243 Rbgffi

1021 3245 1117 3287 sqq.
1141 3237 1182 3270 et
1204 3245 1268 3271 sic
1289 3229 1391 3271 MS.
1418 3227 1580 3288 Guelfl,
1597 3231 1638 3286 (a
1658 3247 1725 3289 pr.
1753 3249 1815 3276 m.
1853 3263 1913 3275 ..-

1016 3286 1169 3342 potito
1209 3281 1347 3330 'MSS.
1382 3276 1515 3330 Harl.x
1535 3277 1644 3346 Reg.
1678 3280 1911 3393 Gue‘l'sga

1021 3359 1109 3387 sec.
1145 3345 1231 3398 m.)
1262 3342 1331 3385 ed.
1366 3342 1395 3384 S
1431 3343 1481 3387 ir.
1549 3346 1777 3399 ‚potentie
1804 3346 1858 3390 M

1020 3401 1101 3443 le‘s.
1176 3399 1343 3442 Tacent
1387 3417 1444 3447 (e
1482 3402 1641 3458 ceteris
1682 3403 1816 3449 MSS.
1849 3413 1908 3442 -’-

1018 3457 1221 3499 Potiente
1247 3455 1290 3499 h.
1317 3473 1354 3500 e.
1377 3457 1620 3503 obtinente.
1682 3461 1741 3504 cf.
1766 3461 1909 3513 6,,42.

1017 3514 1057 3565 2,
1078 3516 1178 3563 42„
1218 3530 1349 3571 quem
1379 3516 1498 3562 verbi
1523 3532 1649 3568 usum
1679 3520 1754 3576 qui
1779 3512 1928 3587 ignoe'*

1019 3580 1190 3618 mrem,
1223 3579 1450 3617 mutavere
1472 3573 1707 3631 inpolito.
1838 3582 1859 3593 ²
