<?xml version="1.0" encoding="UTF-8"?>
<!DOCTYPE html PUBLIC "-//W3C//DTD XHTML 1.0 Transitional//EN"
    "http://www.w3.org/TR/xhtml1/DTD/xhtml1-transitional.dtd">
<html xmlns="http://www.w3.org/1999/xhtml" xml:lang="en" lang="en">
 <head>
  <title>
</title>
<meta http-equiv="Content-Type" content="text/html;charset=utf-8" />
  <meta name='ocr-system' content='tesseract 3.04.00' />
  <meta name='ocr-capabilities' content='ocr_page ocr_carea ocr_par ocr_line ocrx_word'/>
</head>
<body>
  <div class='ocr_page' id='page_1' title='image "./operarecensuitet02taciuoft/operarecensuitet02taciuoft_0436.png"; bbox 0 0 2164 3990; ppageno 0'>
   <div class='ocr_carea' id='block_1_1' title="bbox 1979 83 1988 110">
    <p class='ocr_par' dir='ltr' id='par_1_1' title="bbox 1979 83 1988 110">
     <span class='ocr_line' id='line_1_1' title="bbox 1979 83 1988 110; baseline 0 0"><span class='ocrx_word' id='word_1_1' title='bbox 1979 83 1988 110; x_wconf 73' lang='grc' dir='ltr'>ί</span> 
     </span>
    </p>
   </div>
   <div class='ocr_carea' id='block_1_2' title="bbox 1779 238 1999 326">
    <p class='ocr_par' dir='ltr' id='par_1_2' title="bbox 1779 238 1999 326">
     <span class='ocr_line' id='line_1_2' title="bbox 1780 238 1999 282; baseline 0.009 -9"><span class='ocrx_word' id='word_1_2' title='bbox 1780 238 1833 278; x_wconf 79' lang='grc' dir='ltr'>Α.</span> <span class='ocrx_word' id='word_1_3' title='bbox 1850 238 1897 276; x_wconf 83' lang='grc' dir='ltr'>υ.</span> <span class='ocrx_word' id='word_1_4' title='bbox 1916 243 1999 282; x_wconf 67' lang='lat'>⁸1⁹·</span> 
     </span>
     <span class='ocr_line' id='line_1_3' title="bbox 1779 281 1999 326; baseline -0.009 -8"><span class='ocrx_word' id='word_1_5' title='bbox 1779 286 1831 318; x_wconf 76' lang='grc' dir='ltr'>Α.</span> <span class='ocrx_word' id='word_1_6' title='bbox 1851 281 1913 323; x_wconf 77' lang='lat' dir='ltr'>c..</span> <span class='ocrx_word' id='word_1_7' title='bbox 1938 285 1999 326; x_wconf 67' lang='lat' dir='ltr'>(ss.</span> 
     </span>
    </p>
   </div>
   <div class='ocr_carea' id='block_1_3' title="bbox 231 234 1414 325">
    <p class='ocr_par' dir='ltr' id='par_1_3' title="bbox 231 234 1414 325">
     <span class='ocr_line' id='line_1_4' title="bbox 231 234 1414 325; baseline 0 -28"><span class='ocrx_word' id='word_1_8' title='bbox 231 240 356 304; x_wconf 68' lang='lat'>426</span> <span class='ocrx_word' id='word_1_9' title='bbox 914 234 1414 325; x_wconf 66' lang='lat' dir='ltr'><strong>ANNAMUM</strong></span> 
     </span>
    </p>
   </div>
   <div class='ocr_carea' id='block_1_4' title="bbox 188 366 2159 1465">
    <p class='ocr_par' dir='ltr' id='par_1_4' title="bbox 188 366 2159 1465">
     <span class='ocr_line' id='line_1_5' title="bbox 227 366 2159 444; baseline 0.004 -19"><span class='ocrx_word' id='word_1_10' title='bbox 227 372 380 426; x_wconf 82' lang='lat' dir='ltr'>ferre</span> <span class='ocrx_word' id='word_1_11' title='bbox 414 370 578 424; x_wconf 86' lang='lat' dir='ltr'>deos:</span> <span class='ocrx_word' id='word_1_12' title='bbox 634 386 898 444; x_wconf 85' lang='lat' dir='ltr'>quaeque</span> <span class='ocrx_word' id='word_1_13' title='bbox 939 366 1054 421; x_wconf 84' lang='lat' dir='ltr'>alia</span> <span class='ocrx_word' id='word_1_14' title='bbox 1102 369 1653 428; x_wconf 80' lang='lat' dir='ltr'>summa-facundia</span> <span class='ocrx_word' id='word_1_15' title='bbox 1697 391 1806 429; x_wconf 86' lang='lat' dir='ltr'>nec</span> <span class='ocrx_word' id='word_1_16' title='bbox 1853 374 2084 433; x_wconf 85' lang='lat' dir='ltr'>minore</span> <span class='ocrx_word' id='word_1_17' title='bbox 2144 398 2159 410; x_wconf 75' lang='lat'><strong><em>⁴</em></strong></span> 
     </span>
     <span class='ocr_line' id='line_1_6' title="bbox 188 449 2085 534; baseline -0.003 -22"><span class='ocrx_word' id='word_1_18' title='bbox 188 524 201 534; x_wconf 37' lang='grc' dir='ltr'><strong><em>ο</em></strong></span> <span class='ocrx_word' id='word_1_19' title='bbox 228 455 567 512; x_wconf 79' lang='lat' dir='ltr'>adulatione</span> <span class='ocrx_word' id='word_1_20' title='bbox 636 451 868 508; x_wconf 87' lang='lat' dir='ltr'>servilia</span> <span class='ocrx_word' id='word_1_21' title='bbox 925 449 1225 523; x_wconf 84' lang='lat' dir='ltr'>fingebant</span> <span class='ocrx_word' id='word_1_22' title='bbox 1275 453 1466 509; x_wconf 87' lang='lat' dir='ltr'>securi</span> <span class='ocrx_word' id='word_1_23' title='bbox 1511 455 1584 510; x_wconf 86' lang='lat' dir='ltr'>de</span> <span class='ocrx_word' id='word_1_24' title='bbox 1634 457 1910 521; x_wconf 80' lang='lat' dir='ltr'><strong>facilitate</strong></span> <span class='ocrx_word' id='word_1_25' title='bbox 1959 482 2085 519; x_wconf 69' lang='lat' dir='ltr'>cre-</span> 
     </span>
     <span class='ocr_line' id='line_1_7' title="bbox 229 539 692 599; baseline -0.002 -3"><span class='ocrx_word' id='word_1_26' title='bbox 229 539 441 599; x_wconf 78' lang='lat' dir='ltr'>dentis,</span> <span class='ocrx_word' id='word_1_27' title='bbox 687 597 692 599; x_wconf 17' lang='grc' dir='ltr'><strong>Α</strong></span> 
     </span>
     <span class='ocr_line' id='line_1_8' title="bbox 397 617 2085 697; baseline -0.003 -17"><span class='ocrx_word' id='word_1_28' title='bbox 397 622 507 683; x_wconf 91' lang='grc' dir='ltr'><strong>ΙΙΙ.</strong></span> <span class='ocrx_word' id='word_1_29' title='bbox 576 621 878 679; x_wconf 83' lang='lat' dir='ltr'>Gliscebat</span> <span class='ocrx_word' id='word_1_30' title='bbox 904 617 1140 675; x_wconf 84' lang='lat' dir='ltr'>interim</span> <span class='ocrx_word' id='word_1_31' title='bbox 1173 620 1404 677; x_wconf 86' lang='lat' dir='ltr'>luxuria</span> <span class='ocrx_word' id='word_1_32' title='bbox 1439 643 1540 697; x_wconf 91' lang='lat' dir='ltr'>spe</span> <span class='ocrx_word' id='word_1_33' title='bbox 1577 625 1743 682; x_wconf 87' lang='lat' dir='ltr'>inani</span> <span class='ocrx_word' id='word_1_34' title='bbox 1775 647 2085 686; x_wconf 88' lang='lat' dir='ltr'>consume..</span> 
     </span>
     <span class='ocr_line' id='line_1_9' title="bbox 224 705 2085 789; baseline 0.001 -22"><span class='ocrx_word' id='word_1_35' title='bbox 224 713 559 785; x_wconf 83' lang='lat' dir='ltr'>banturque</span> <span class='ocrx_word' id='word_1_36' title='bbox 598 718 821 763; x_wconf 83' lang='lat' dir='ltr'>veteres</span> <span class='ocrx_word' id='word_1_37' title='bbox 862 724 1028 779; x_wconf 85' lang='lat' dir='ltr'>opeS‚</span> <span class='ocrx_word' id='word_1_38' title='bbox 1082 705 1251 780; x_wconf 85' lang='lat' dir='ltr'>quasi</span> <span class='ocrx_word' id='word_1_39' title='bbox 1289 706 1501 763; x_wconf 85' lang='lat' dir='ltr'>oblatis</span> <span class='ocrx_word' id='word_1_40' title='bbox 1542 731 1685 786; x_wconf 90' lang='lat' dir='ltr'>quas</span> <span class='ocrx_word' id='word_1_41' title='bbox 1723 714 1944 770; x_wconf 89' lang='lat' dir='ltr'>multos</span> <span class='ocrx_word' id='word_1_42' title='bbox 1979 735 2085 789; x_wconf 88' lang='lat' dir='ltr'>per</span> 
     </span>
     <span class='ocr_line' id='line_1_10' title="bbox 225 790 2084 869; baseline 0.001 -16"><span class='ocrx_word' id='word_1_43' title='bbox 225 805 416 853; x_wconf 81' lang='lat' dir='ltr'>annos</span> <span class='ocrx_word' id='word_1_44' title='bbox 439 793 790 869; x_wconf 79' lang='lat' dir='ltr'>prodigeret.</span> <span class='ocrx_word' id='word_1_45' title='bbox 879 790 1026 866; x_wconf 91' lang='lat' dir='ltr'>quin</span> <span class='ocrx_word' id='word_1_46' title='bbox 1051 801 1108 847; x_wconf 91' lang='lat' dir='ltr'>et</span> <span class='ocrx_word' id='word_1_47' title='bbox 1133 790 1274 846; x_wconf 89' lang='lat' dir='ltr'>inde</span> <span class='ocrx_word' id='word_1_48' title='bbox 1313 791 1430 847; x_wconf 89' lang='lat' dir='ltr'>iam</span> <span class='ocrx_word' id='word_1_49' title='bbox 1469 793 1852 867; x_wconf 79' lang='lat' dir='ltr'>largiebatur:</span> <span class='ocrx_word' id='word_1_50' title='bbox 1899 810 1956 856; x_wconf 84' lang='lat' dir='ltr'>et</span> <span class='ocrx_word' id='word_1_51' title='bbox 1991 800 2084 856; x_wconf 85' lang='lat' dir='ltr'>di-</span> 
     </span>
     <span class='ocr_line' id='line_1_11' title="bbox 223 875 2084 958; baseline -0.002 -22"><span class='ocrx_word' id='word_1_52' title='bbox 223 882 503 938; x_wconf 84' lang='lat' dir='ltr'>vitiarum</span> <span class='ocrx_word' id='word_1_53' title='bbox 552 876 901 952; x_wconf 86' lang='lat' dir='ltr'>exspectatio</span> <span class='ocrx_word' id='word_1_54' title='bbox 954 875 1110 931; x_wconf 87' lang='lat' dir='ltr'>inter</span> <span class='ocrx_word' id='word_1_55' title='bbox 1158 896 1357 931; x_wconf 85' lang='lat' dir='ltr'>causas</span> <span class='ocrx_word' id='word_1_56' title='bbox 1405 881 1767 953; x_wconf 85' lang='lat' dir='ltr'>paupertatis</span> <span class='ocrx_word' id='word_1_57' title='bbox 1811 885 2084 958; x_wconf 75' lang='lat' dir='ltr'>publicae</span> 
     </span>
     <span class='ocr_line' id='line_1_12' title="bbox 225 960 2083 1041; baseline 0.001 -17"><span class='ocrx_word' id='word_1_58' title='bbox 225 978 365 1026; x_wconf 84' lang='lat' dir='ltr'>erat.</span> <span class='ocrx_word' id='word_1_59' title='bbox 451 963 604 1020; x_wconf 86' lang='lat' dir='ltr'>Nam</span> <span class='ocrx_word' id='word_1_60' title='bbox 632 961 847 1019; x_wconf 87' lang='lat' dir='ltr'>Bassus</span> <span class='ocrx_word' id='word_1_61' title='bbox 879 960 1088 1040; x_wconf 86' lang='lat' dir='ltr'>effosso</span> <span class='ocrx_word' id='word_1_62' title='bbox 1126 979 1263 1033; x_wconf 84' lang='lat' dir='ltr'>agro</span> <span class='ocrx_word' id='word_1_63' title='bbox 1297 980 1403 1018; x_wconf 91' lang='lat' dir='ltr'>suo</span> <span class='ocrx_word' id='word_1_64' title='bbox 1441 963 1689 1041; x_wconf 89' lang='lat' dir='ltr'>latisque</span> <span class='ocrx_word' id='word_1_65' title='bbox 1728 966 1948 1024; x_wconf 88' lang='lat' dir='ltr'>circum</span> <span class='ocrx_word' id='word_1_66' title='bbox 1987 991 2083 1026; x_wconf 80' lang='lat' dir='ltr'>ar-</span> 
     </span>
     <span class='ocr_line' id='line_1_13' title="bbox 219 1045 2084 1126; baseline -0.004 -18"><span class='ocrx_word' id='word_1_67' title='bbox 219 1053 337 1118; x_wconf 82' lang='lat' dir='ltr'>viS,</span> <span class='ocrx_word' id='word_1_68' title='bbox 377 1051 520 1106; x_wconf 87' lang='lat' dir='ltr'>dum</span> <span class='ocrx_word' id='word_1_69' title='bbox 545 1045 706 1104; x_wconf 88' lang='lat' dir='ltr'>hunc</span> <span class='ocrx_word' id='word_1_70' title='bbox 728 1048 822 1102; x_wconf 86' lang='lat' dir='ltr'>vel</span> <span class='ocrx_word' id='word_1_71' title='bbox 853 1046 1025 1102; x_wconf 87' lang='lat' dir='ltr'>illum</span> <span class='ocrx_word' id='word_1_72' title='bbox 1063 1046 1262 1102; x_wconf 88' lang='lat' dir='ltr'>locum</span> <span class='ocrx_word' id='word_1_73' title='bbox 1294 1048 1570 1120; x_wconf 87' lang='lat' dir='ltr'>promissi</span> <span class='ocrx_word' id='word_1_74' title='bbox 1603 1069 1808 1126; x_wconf 90' lang='lat' dir='ltr'>specus</span> <span class='ocrx_word' id='word_1_75' title='bbox 1842 1054 2084 1110; x_wconf 73' lang='lat' dir='ltr'>adseve-</span> 
     </span>
     <span class='ocr_line' id='line_1_14' title="bbox 221 1131 2082 1212; baseline 0 -19"><span class='ocrx_word' id='word_1_76' title='bbox 221 1148 314 1193; x_wconf 85' lang='lat' dir='ltr'>rat</span> <span class='ocrx_word' id='word_1_77' title='bbox 344 1145 786 1212; x_wconf 82' lang='lat' dir='ltr'>sequunturque</span> <span class='ocrx_word' id='word_1_78' title='bbox 821 1152 945 1188; x_wconf 86' lang='lat' dir='ltr'>non</span> <span class='ocrx_word' id='word_1_79' title='bbox 973 1132 1152 1186; x_wconf 87' lang='lat' dir='ltr'>modo</span> <span class='ocrx_word' id='word_1_80' title='bbox 1191 1131 1436 1202; x_wconf 79' lang='lat' dir='ltr'>milites,</span> <span class='ocrx_word' id='word_1_81' title='bbox 1481 1135 1582 1190; x_wconf 92' lang='lat' dir='ltr'>sed</span> <span class='ocrx_word' id='word_1_82' title='bbox 1624 1137 1880 1211; x_wconf 89' lang='lat' dir='ltr'>populus</span> <span class='ocrx_word' id='word_1_83' title='bbox 1915 1158 2082 1212; x_wconf 86' lang='lat' dir='ltr'>agre-</span> 
     </span>
     <span class='ocr_line' id='line_1_15' title="bbox 221 1218 2081 1302; baseline -0.004 -23"><span class='ocrx_word' id='word_1_84' title='bbox 221 1223 409 1302; x_wconf 14' lang='lat' dir='ltr'>stium·</span> <span class='ocrx_word' id='word_1_85' title='bbox 440 1219 747 1276; x_wconf 86' lang='lat' dir='ltr'>efficiendo</span> <span class='ocrx_word' id='word_1_86' title='bbox 781 1218 947 1293; x_wconf 88' lang='lat' dir='ltr'>operi</span> <span class='ocrx_word' id='word_1_87' title='bbox 978 1218 1349 1291; x_wconf 78' lang='lat' dir='ltr'>adsumptu8‚</span> <span class='ocrx_word' id='word_1_88' title='bbox 1393 1220 1629 1275; x_wconf 87' lang='lat' dir='ltr'>tandem</span> <span class='ocrx_word' id='word_1_89' title='bbox 1659 1221 1849 1295; x_wconf 87' lang='lat' dir='ltr'>posita</span> <span class='ocrx_word' id='word_1_90' title='bbox 1876 1243 2081 1280; x_wconf 78' lang='lat' dir='ltr'>vecor-</span> 
     </span>
     <span class='ocr_line' id='line_1_16' title="bbox 221 1302 2080 1381; baseline -0.001 -15"><span class='ocrx_word' id='word_1_91' title='bbox 221 1310 319 1366; x_wconf 88' lang='lat' dir='ltr'>dia</span> <span class='ocrx_word' id='word_1_92' title='bbox 342 1327 467 1364; x_wconf 88' lang='lat' dir='ltr'>non</span> <span class='ocrx_word' id='word_1_93' title='bbox 492 1306 637 1362; x_wconf 87' lang='lat' dir='ltr'>falsa</span> <span class='ocrx_word' id='word_1_94' title='bbox 665 1315 832 1359; x_wconf 82' lang='lat' dir='ltr'>antea</span> <span class='ocrx_word' id='word_1_95' title='bbox 860 1302 1088 1359; x_wconf 86' lang='lat' dir='ltr'>somnia</span> <span class='ocrx_word' id='word_1_96' title='bbox 1126 1322 1228 1358; x_wconf 90' lang='lat' dir='ltr'>sua</span> <span class='ocrx_word' id='word_1_97' title='bbox 1265 1322 1441 1379; x_wconf 90' lang='lat' dir='ltr'>seque</span> <span class='ocrx_word' id='word_1_98' title='bbox 1479 1315 1619 1363; x_wconf 88' lang='lat' dir='ltr'>tunc</span> <span class='ocrx_word' id='word_1_99' title='bbox 1652 1306 1912 1381; x_wconf 92' lang='lat' dir='ltr'>primum</span> <span class='ocrx_word' id='word_1_100' title='bbox 1951 1309 2080 1366; x_wconf 84' lang='lat' dir='ltr'>elu-</span> 
     </span>
     <span class='ocr_line' id='line_1_17' title="bbox 220 1390 2080 1465; baseline -0.001 -14"><span class='ocrx_word' id='word_1_101' title='bbox 220 1415 347 1453; x_wconf 86' lang='lat' dir='ltr'>sum</span> <span class='ocrx_word' id='word_1_102' title='bbox 385 1391 683 1448; x_wconf 85' lang='lat' dir='ltr'>admirans</span> <span class='ocrx_word' id='word_1_103' title='bbox 709 1390 1000 1465; x_wconf 87' lang='lat' dir='ltr'>pudorem</span> <span class='ocrx_word' id='word_1_104' title='bbox 1024 1399 1080 1444; x_wconf 90' lang='lat' dir='ltr'>et</span> <span class='ocrx_word' id='word_1_105' title='bbox 1105 1398 1326 1444; x_wconf 84' lang='lat' dir='ltr'>metum</span> <span class='ocrx_word' id='word_1_106' title='bbox 1350 1400 1540 1446; x_wconf 84' lang='lat' dir='ltr'>morte</span> <span class='ocrx_word' id='word_1_107' title='bbox 1568 1391 1902 1449; x_wconf 87' lang='lat' dir='ltr'>voluntaria</span> <span class='ocrx_word' id='word_1_108' title='bbox 1930 1394 2080 1452; x_wconf 86' lang='lat' dir='ltr'>effu-</span> 
     </span>
    </p>
   </div>
   <div class='ocr_carea' id='block_1_5' title="bbox 211 1633 2078 2322">
    <p class='ocr_par' dir='ltr' id='par_1_5' title="bbox 211 1633 2078 2319">
     <span class='ocr_line' id='line_1_18' title="bbox 218 1633 2076 1690; baseline -0.005 -8"><span class='ocrx_word' id='word_1_109' title='bbox 218 1637 343 1682; x_wconf 73' lang='lat' dir='ltr'>Harl.</span> <span class='ocrx_word' id='word_1_110' title='bbox 368 1637 498 1680; x_wconf 64' lang='lat' dir='ltr'>Rodx.</span> <span class='ocrx_word' id='word_1_111' title='bbox 521 1636 660 1681; x_wconf 82' lang='lat' dir='ltr'>Corb.</span> <span class='ocrx_word' id='word_1_112' title='bbox 685 1633 838 1680; x_wconf 86' lang='lat' dir='ltr'>Guelf.</span> <span class='ocrx_word' id='word_1_113' title='bbox 866 1634 984 1677; x_wconf 82' lang='lat' dir='ltr'><strong>Bnd.</strong></span> <span class='ocrx_word' id='word_1_114' title='bbox 1012 1633 1114 1676; x_wconf 83' lang='lat' dir='ltr'>edd.</span> <span class='ocrx_word' id='word_1_115' title='bbox 1187 1640 1372 1690; x_wconf 76' lang='lat' dir='ltr'>gantur:</span> <span class='ocrx_word' id='word_1_116' title='bbox 1433 1637 1555 1676; x_wconf 75' lang='lat' dir='ltr'>hunc</span> <span class='ocrx_word' id='word_1_117' title='bbox 1606 1637 1683 1677; x_wconf 82' lang='lat' dir='ltr'>vel</span> <span class='ocrx_word' id='word_1_118' title='bbox 1735 1637 1870 1679; x_wconf 83' lang='lat' dir='ltr'>illum</span> <span class='ocrx_word' id='word_1_119' title='bbox 1923 1641 2076 1682; x_wconf 67' lang='lat' dir='ltr'><em>locum</em></span> 
     </span>
     <span class='ocr_line' id='line_1_19' title="bbox 217 1692 2075 1756; baseline 0.001 -18"><span class='ocrx_word' id='word_1_120' title='bbox 217 1699 336 1756; x_wconf 73' lang='lat' dir='ltr'>Spir.</span> <span class='ocrx_word' id='word_1_121' title='bbox 365 1706 406 1739; x_wconf 77' lang='lat' dir='ltr'>et</span> <span class='ocrx_word' id='word_1_122' title='bbox 428 1694 762 1754; x_wconf 68' lang='lat' dir='ltr'>nuper-Ernest.</span> <span class='ocrx_word' id='word_1_123' title='bbox 789 1693 916 1736; x_wconf 74' lang='lat' dir='ltr'>Brot-</span> <span class='ocrx_word' id='word_1_124' title='bbox 938 1709 1033 1748; x_wconf 79' lang='lat' dir='ltr'>sqq.</span> <span class='ocrx_word' id='word_1_125' title='bbox 1057 1722 1114 1727; x_wconf 87' lang='lat'>-—</span> <span class='ocrx_word' id='word_1_126' title='bbox 1182 1692 1345 1744; x_wconf 71' lang='lat' dir='ltr'>promi</span> <span class='ocrx_word' id='word_1_127' title='bbox 1373 1705 1531 1744; x_wconf 79' lang='lat' dir='ltr'>specus</span> <span class='ocrx_word' id='word_1_128' title='bbox 1566 1692 1664 1735; x_wconf 91' lang='lat' dir='ltr'>MS.</span> <span class='ocrx_word' id='word_1_129' title='bbox 1687 1692 1803 1737; x_wconf 87' lang='lat' dir='ltr'>Bud.</span> <span class='ocrx_word' id='word_1_130' title='bbox 1839 1694 1942 1739; x_wconf 89' lang='lat' dir='ltr'>edd.</span> <span class='ocrx_word' id='word_1_131' title='bbox 1971 1697 2075 1740; x_wconf 78' lang='lat' dir='ltr'>Put.</span> 
     </span>
     <span class='ocr_line' id='line_1_20' title="bbox 213 1748 2076 1812; baseline -0.002 -15"><span class='ocrx_word' id='word_1_132' title='bbox 213 1755 467 1812; x_wconf 74' lang='lat' dir='ltr'>provenire</span> <span class='ocrx_word' id='word_1_133' title='bbox 499 1761 657 1794; x_wconf 78' lang='lat' dir='ltr'>terrae</span> <span class='ocrx_word' id='word_1_134' title='bbox 691 1751 790 1795; x_wconf 86' lang='lat' dir='ltr'>edd.</span> <span class='ocrx_word' id='word_1_135' title='bbox 829 1751 929 1793; x_wconf 80' lang='lat' dir='ltr'>Put.</span> <span class='ocrx_word' id='word_1_136' title='bbox 971 1750 1036 1792; x_wconf 91' lang='lat' dir='ltr'>M.</span> <span class='ocrx_word' id='word_1_137' title='bbox 1072 1759 1113 1792; x_wconf 81' lang='lat' dir='ltr'>et</span> <span class='ocrx_word' id='word_1_138' title='bbox 1185 1748 1254 1790; x_wconf 90' lang='lat' dir='ltr'>M.</span> <span class='ocrx_word' id='word_1_139' title='bbox 1279 1757 1322 1789; x_wconf 85' lang='lat' dir='ltr'>et</span> <span class='ocrx_word' id='word_1_140' title='bbox 1350 1748 1404 1791; x_wconf 85' lang='lat' dir='ltr'>V.</span> <span class='ocrx_word' id='word_1_141' title='bbox 1428 1777 1485 1785; x_wconf 85' lang='lat'><em>-</em></span> <span class='ocrx_word' id='word_1_142' title='bbox 1541 1750 1625 1791; x_wconf 78' lang='lat' dir='ltr'>hoc</span> <span class='ocrx_word' id='word_1_143' title='bbox 1653 1753 1727 1792; x_wconf 79' lang='lat' dir='ltr'>vel</span> <span class='ocrx_word' id='word_1_144' title='bbox 1744 1754 1824 1794; x_wconf 82' lang='lat' dir='ltr'>illo</span> <span class='ocrx_word' id='word_1_145' title='bbox 1843 1753 1940 1796; x_wconf 78' lang='lat' dir='ltr'>Ioco</span> <span class='ocrx_word' id='word_1_146' title='bbox 1955 1769 2076 1808; x_wconf 84' lang='lat' dir='ltr'>pro-</span> 
     </span>
     <span class='ocr_line' id='line_1_21' title="bbox 218 1806 2078 1861; baseline -0.001 -6"><span class='ocrx_word' id='word_1_147' title='bbox 218 1813 277 1854; x_wconf 90' lang='lat' dir='ltr'>V.</span> <span class='ocrx_word' id='word_1_148' title='bbox 302 1810 510 1854; x_wconf 76' lang='lat' dir='ltr'>Beroald.</span> <span class='ocrx_word' id='word_1_149' title='bbox 533 1811 629 1853; x_wconf 82' lang='lat' dir='ltr'>Alc.</span> <span class='ocrx_word' id='word_1_150' title='bbox 656 1834 713 1843; x_wconf 95' lang='lat'><strong>—</strong></span> <span class='ocrx_word' id='word_1_151' title='bbox 749 1824 824 1861; x_wconf 85' lang='lat' dir='ltr'>pr.</span> <span class='ocrx_word' id='word_1_152' title='bbox 851 1817 985 1850; x_wconf 78' lang='lat' dir='ltr'>terra</span> <span class='ocrx_word' id='word_1_153' title='bbox 1008 1807 1110 1850; x_wconf 86' lang='lat' dir='ltr'>edd.</span> <span class='ocrx_word' id='word_1_154' title='bbox 1186 1806 1255 1846; x_wconf 87' lang='lat' dir='ltr'>mi</span> <span class='ocrx_word' id='word_1_155' title='bbox 1288 1820 1454 1860; x_wconf 81' lang='lat' dir='ltr'>specus</span> <span class='ocrx_word' id='word_1_156' title='bbox 1488 1806 1623 1849; x_wconf 86' lang='lat' dir='ltr'>MSS.</span> <span class='ocrx_word' id='word_1_157' title='bbox 1660 1807 1789 1852; x_wconf 87' lang='lat' dir='ltr'>Bodl.</span> <span class='ocrx_word' id='word_1_158' title='bbox 1821 1808 1972 1854; x_wconf 83' lang='lat' dir='ltr'>Guelf.</span> <span class='ocrx_word' id='word_1_159' title='bbox 2024 1840 2078 1848; x_wconf 89' lang='lat'><em>-</em></span> 
     </span>
     <span class='ocr_line' id='line_1_22' title="bbox 215 1864 2076 1923; baseline -0.002 -10"><span class='ocrx_word' id='word_1_160' title='bbox 215 1870 360 1914; x_wconf 77' lang='lat' dir='ltr'>Rhea.</span> <span class='ocrx_word' id='word_1_161' title='bbox 385 1867 569 1912; x_wconf 87' lang='lat' dir='ltr'><strong>Ald.—</strong></span> <span class='ocrx_word' id='word_1_162' title='bbox 596 1882 669 1922; x_wconf 78' lang='lat' dir='ltr'>pr.</span> <span class='ocrx_word' id='word_1_163' title='bbox 695 1876 854 1910; x_wconf 78' lang='lat' dir='ltr'>terras</span> <span class='ocrx_word' id='word_1_164' title='bbox 879 1864 1110 1922; x_wconf 85' lang='lat' dir='ltr'>edd.Lips.</span> <span class='ocrx_word' id='word_1_165' title='bbox 1181 1865 1293 1904; x_wconf 75' lang='lat' dir='ltr'>haec</span> <span class='ocrx_word' id='word_1_166' title='bbox 1335 1867 1409 1905; x_wconf 71' lang='lat' dir='ltr'>vel</span> <span class='ocrx_word' id='word_1_167' title='bbox 1449 1866 1528 1906; x_wconf 81' lang='lat' dir='ltr'>illo</span> <span class='ocrx_word' id='word_1_168' title='bbox 1569 1867 1666 1907; x_wconf 81' lang='lat' dir='ltr'>loco</span> <span class='ocrx_word' id='word_1_169' title='bbox 1707 1869 1868 1919; x_wconf 77' lang='lat' dir='ltr'>promi</span> <span class='ocrx_word' id='word_1_170' title='bbox 1909 1883 2076 1923; x_wconf 80' lang='lat' dir='ltr'>specus</span> 
     </span>
     <span class='ocr_line' id='line_1_23' title="bbox 213 1920 2076 1983; baseline 0.004 -22"><span class='ocrx_word' id='word_1_171' title='bbox 213 1928 340 1972; x_wconf 61' lang='lat' dir='ltr'>Pieh,</span> <span class='ocrx_word' id='word_1_172' title='bbox 374 1926 558 1969; x_wconf 76' lang='lat' dir='ltr'>Gruter.</span> <span class='ocrx_word' id='word_1_173' title='bbox 591 1942 688 1983; x_wconf 75' lang='lat' dir='ltr'>sqq.</span> <span class='ocrx_word' id='word_1_174' title='bbox 710 1953 769 1960; x_wconf 89' lang='grc'>--</span> <span class='ocrx_word' id='word_1_175' title='bbox 819 1928 902 1967; x_wconf 84' lang='lat' dir='ltr'>sed</span> <span class='ocrx_word' id='word_1_176' title='bbox 935 1938 1110 1965; x_wconf 79' lang='lat' dir='ltr'>novam</span> <span class='ocrx_word' id='word_1_177' title='bbox 1182 1920 1318 1964; x_wconf 85' lang='lat' dir='ltr'>MSS.</span> <span class='ocrx_word' id='word_1_178' title='bbox 1338 1921 1461 1964; x_wconf 82' lang='lat' dir='ltr'>Harl.</span> <span class='ocrx_word' id='word_1_179' title='bbox 1492 1922 1568 1965; x_wconf 85' lang='lat' dir='ltr'>les.</span> <span class='ocrx_word' id='word_1_180' title='bbox 1643 1921 1695 1965; x_wconf 90' lang='lat' dir='ltr'>In</span> <span class='ocrx_word' id='word_1_181' title='bbox 1719 1923 1842 1968; x_wconf 82' lang='lat' dir='ltr'>Harl.</span> <span class='ocrx_word' id='word_1_182' title='bbox 1871 1941 1959 1969; x_wconf 87' lang='lat' dir='ltr'>sec.</span> <span class='ocrx_word' id='word_1_183' title='bbox 1981 1943 2076 1969; x_wconf 82' lang='lat' dir='ltr'>ma-</span> 
     </span>
     <span class='ocr_line' id='line_1_24' title="bbox 214 1979 1107 2039; baseline -0.008 -10"><span class='ocrx_word' id='word_1_184' title='bbox 214 1989 472 2029; x_wconf 73' lang='lat' dir='ltr'>ubertatem</span> <span class='ocrx_word' id='word_1_185' title='bbox 523 1987 769 2039; x_wconf 79' lang='lat' dir='ltr'>provenire</span> <span class='ocrx_word' id='word_1_186' title='bbox 825 1991 956 2024; x_wconf 80' lang='lat' dir='ltr'>terra</span> <span class='ocrx_word' id='word_1_187' title='bbox 1006 1979 1107 2022; x_wconf 86' lang='lat' dir='ltr'>MS.</span> 
     </span>
     <span class='ocr_line' id='line_1_25' title="bbox 215 2040 1109 2104; baseline -0.009 -16"><span class='ocrx_word' id='word_1_188' title='bbox 215 2046 332 2104; x_wconf 77' lang='lat' dir='ltr'>Agr.</span> <span class='ocrx_word' id='word_1_189' title='bbox 395 2041 525 2096; x_wconf 86' lang='lat' dir='ltr'>Quae</span> <span class='ocrx_word' id='word_1_190' title='bbox 549 2041 773 2085; x_wconf 83' lang='lat' dir='ltr'>scribendi</span> <span class='ocrx_word' id='word_1_191' title='bbox 795 2040 985 2082; x_wconf 66' lang='lat' dir='ltr'>varietas</span> <span class='ocrx_word' id='word_1_192' title='bbox 1009 2047 1109 2080; x_wconf 79' lang='lat' dir='ltr'>orta</span> 
     </span>
     <span class='ocr_line' id='line_1_26' title="bbox 215 2096 1107 2156; baseline -0.01 -11"><span class='ocrx_word' id='word_1_193' title='bbox 215 2111 281 2145; x_wconf 81' lang='lat' dir='ltr'>est</span> <span class='ocrx_word' id='word_1_194' title='bbox 305 2117 351 2143; x_wconf 85' lang='lat' dir='ltr'>ex</span> <span class='ocrx_word' id='word_1_195' title='bbox 371 2099 656 2156; x_wconf 78' lang='lat' dir='ltr'>ignoratione</span> <span class='ocrx_word' id='word_1_196' title='bbox 682 2114 801 2144; x_wconf 82' lang='lat' dir='ltr'>usus,</span> <span class='ocrx_word' id='word_1_197' title='bbox 831 2097 903 2154; x_wconf 84' lang='lat' dir='ltr'>qui</span> <span class='ocrx_word' id='word_1_198' title='bbox 932 2096 1002 2138; x_wconf 86' lang='lat' dir='ltr'>hic</span> <span class='ocrx_word' id='word_1_199' title='bbox 1028 2096 1107 2137; x_wconf 85' lang='lat' dir='ltr'>ob·</span> 
     </span>
     <span class='ocr_line' id='line_1_27' title="bbox 211 2153 1106 2210; baseline -0.009 -7"><span class='ocrx_word' id='word_1_200' title='bbox 211 2161 327 2203; x_wconf 74' lang='lat' dir='ltr'>tinet</span> <span class='ocrx_word' id='word_1_201' title='bbox 380 2157 426 2199; x_wconf 80' lang='lat' dir='ltr'>in</span> <span class='ocrx_word' id='word_1_202' title='bbox 478 2157 619 2203; x_wconf 86' lang='lat' dir='ltr'>verbo</span> <span class='ocrx_word' id='word_1_203' title='bbox 669 2157 922 2210; x_wconf 74' lang='lat' dir='ltr'>provenire</span> <span class='ocrx_word' id='word_1_204' title='bbox 973 2153 1015 2196; x_wconf 90' lang='lat' dir='ltr'>h.</span> <span class='ocrx_word' id='word_1_205' title='bbox 1067 2167 1106 2195; x_wconf 88' lang='lat' dir='ltr'>e.</span> 
     </span>
     <span class='ocr_line' id='line_1_28' title="bbox 212 2210 1103 2319; baseline -0.011 0"><span class='ocrx_word' id='word_1_206' title='bbox 212 2212 691 2319; x_wconf 52' lang='lat' dir='ltr'>ssfflfflssizafflffi</span> <span class='ocrx_word' id='word_1_207' title='bbox 714 2214 984 2312; x_wconf 50' lang='lat' dir='ltr'>&#39;32⁰⁸Z’ff&#39;ff&amp;</span> <span class='ocrx_word' id='word_1_208' title='bbox 1024 2210 1103 2311; x_wconf 56' lang='grc' dir='ltr'>ἐξ·</span> 
     </span>
    </p>

    <p class='ocr_par' dir='ltr' id='par_1_6' title="bbox 350 2299 1107 2322">
     <span class='ocr_line' id='line_1_29' title="bbox 350 2299 1107 2322; baseline -0.008 -6"><span class='ocrx_word' id='word_1_209' title='bbox 350 2306 359 2316; x_wconf 90' lang='grc'><em>,</em></span> <span class='ocrx_word' id='word_1_210' title='bbox 559 2302 569 2313; x_wconf 94' lang='grc'><em>.</em></span> <span class='ocrx_word' id='word_1_211' title='bbox 630 2304 642 2322; x_wconf 84' lang='grc'><em>,</em></span> <span class='ocrx_word' id='word_1_212' title='bbox 693 2302 705 2318; x_wconf 91' lang='grc'><strong>,</strong></span> <span class='ocrx_word' id='word_1_213' title='bbox 792 2303 801 2312; x_wconf 93' lang='grc'><em>.</em></span> <span class='ocrx_word' id='word_1_214' title='bbox 921 2302 931 2318; x_wconf 89' lang='grc'>,</span> <span class='ocrx_word' id='word_1_215' title='bbox 987 2302 998 2319; x_wconf 89' lang='grc'><em>,</em></span> <span class='ocrx_word' id='word_1_216' title='bbox 1023 2299 1032 2310; x_wconf 89' lang='grc'><strong>.</strong></span> <span class='ocrx_word' id='word_1_217' title='bbox 1082 2299 1107 2320; x_wconf 87' lang='grc'>.,</span> 
     </span>
    </p>
   </div>
   <div class='ocr_carea' id='block_1_6' title="bbox 212 2326 1104 2392">
    <p class='ocr_par' dir='ltr' id='par_1_7' title="bbox 212 2326 1104 2392">
     <span class='ocr_line' id='line_1_30' title="bbox 212 2326 1104 2392; baseline -0.008 -17"><span class='ocrx_word' id='word_1_218' title='bbox 212 2334 375 2392; x_wconf 87' lang='lat' dir='ltr'>quibus</span> <span class='ocrx_word' id='word_1_219' title='bbox 396 2330 603 2388; x_wconf 83' lang='lat' dir='ltr'>exemplis</span> <span class='ocrx_word' id='word_1_220' title='bbox 623 2336 781 2371; x_wconf 79' lang='lat' dir='ltr'>contra</span> <span class='ocrx_word' id='word_1_221' title='bbox 796 2326 1104 2369; x_wconf 77' lang='lat' dir='ltr'>Boxbornium</span> 
     </span>
    </p>
   </div>
   <div class='ocr_carea' id='block_1_7' title="bbox 1179 1979 2075 2102">
    <p class='ocr_par' dir='ltr' id='par_1_8' title="bbox 1179 1979 2075 2102">
     <span class='ocr_line' id='line_1_31' title="bbox 1182 1979 2075 2026; baseline 0.008 -7"><span class='ocrx_word' id='word_1_222' title='bbox 1182 1994 1266 2020; x_wconf 90' lang='lat' dir='ltr'>nus</span> <span class='ocrx_word' id='word_1_223' title='bbox 1289 1979 1480 2022; x_wconf 76' lang='lat' dir='ltr'>correxit</span> <span class='ocrx_word' id='word_1_224' title='bbox 1497 1983 1594 2022; x_wconf 75' lang='lat' dir='ltr'>hoc.</span> <span class='ocrx_word' id='word_1_225' title='bbox 1619 2004 1671 2014; x_wconf 93' lang='lat'>-</span> <span class='ocrx_word' id='word_1_226' title='bbox 1701 1982 1822 2025; x_wconf 81' lang='lat' dir='ltr'>hunc</span> <span class='ocrx_word' id='word_1_227' title='bbox 1846 1986 1921 2025; x_wconf 81' lang='lat' dir='ltr'>vel</span> <span class='ocrx_word' id='word_1_228' title='bbox 1937 1984 2075 2026; x_wconf 86' lang='lat' dir='ltr'>illum</span> 
     </span>
     <span class='ocr_line' id='line_1_32' title="bbox 1179 2037 2074 2102; baseline 0.01 -26"><span class='ocrx_word' id='word_1_229' title='bbox 1179 2038 1330 2077; x_wconf 76' lang='lat' dir='ltr'>locum</span> <span class='ocrx_word' id='word_1_230' title='bbox 1351 2037 1546 2089; x_wconf 86' lang='lat' dir='ltr'>(omissis</span> <span class='ocrx_word' id='word_1_231' title='bbox 1562 2037 1746 2102; x_wconf 71' lang='lat' dir='ltr'>reliquis</span> <span class='ocrx_word' id='word_1_232' title='bbox 1764 2040 1925 2097; x_wconf 80' lang='lat' dir='ltr'>verbis)</span> <span class='ocrx_word' id='word_1_233' title='bbox 1939 2039 2074 2085; x_wconf 82' lang='lat' dir='ltr'><strong>MSS.</strong></span> 
     </span>
    </p>
   </div>
   <div class='ocr_carea' id='block_1_8' title="bbox 1179 2092 1681 2152">
    <p class='ocr_par' dir='ltr' id='par_1_9' title="bbox 1179 2092 1681 2152">
     <span class='ocr_line' id='line_1_33' title="bbox 1179 2092 1681 2152; baseline 0.004 -18"><span class='ocrx_word' id='word_1_234' title='bbox 1179 2092 1289 2150; x_wconf 86' lang='lat' dir='ltr'>Reg.</span> <span class='ocrx_word' id='word_1_235' title='bbox 1317 2095 1428 2151; x_wconf 80' lang='lat' dir='ltr'>Agr.</span> <span class='ocrx_word' id='word_1_236' title='bbox 1454 2095 1522 2136; x_wconf 68' lang='lat' dir='ltr'>ed.</span> <span class='ocrx_word' id='word_1_237' title='bbox 1548 2094 1681 2152; x_wconf 74' lang='lat' dir='ltr'>Spir.v</span> 
     </span>
    </p>
   </div>
   <div class='ocr_carea' id='block_1_9' title="bbox 1234 2192 2072 2247">
    <p class='ocr_par' dir='ltr' id='par_1_10' title="bbox 1234 2192 2072 2247">
     <span class='ocr_line' id='line_1_34' title="bbox 1234 2192 2072 2247; baseline 0.011 -13"><span class='ocrx_word' id='word_1_238' title='bbox 1234 2196 1522 2247; x_wconf 81' lang='lat' dir='ltr'>adsumptus.</span> <span class='ocrx_word' id='word_1_239' title='bbox 1584 2192 1662 2236; x_wconf 89' lang='lat' dir='ltr'>Sic</span> <span class='ocrx_word' id='word_1_240' title='bbox 1685 2195 1787 2238; x_wconf 81' lang='lat' dir='ltr'>MS.</span> <span class='ocrx_word' id='word_1_241' title='bbox 1815 2195 1938 2241; x_wconf 77' lang='lat' dir='ltr'>Flor.</span> <span class='ocrx_word' id='word_1_242' title='bbox 1970 2208 2072 2244; x_wconf 75' lang='lat' dir='ltr'>test.</span> 
     </span>
    </p>
   </div>
   <div class='ocr_carea' id='block_1_10' title="bbox 1177 2248 2072 2350">
    <p class='ocr_par' dir='ltr' id='par_1_11' title="bbox 1177 2248 2072 2350">
     <span class='ocr_line' id='line_1_35' title="bbox 1177 2248 2072 2306; baseline 0.011 -17"><span class='ocrx_word' id='word_1_243' title='bbox 1177 2248 1296 2292; x_wconf 83' lang='lat' dir='ltr'>Vict.</span> <span class='ocrx_word' id='word_1_244' title='bbox 1317 2278 1375 2285; x_wconf 91' lang='lat'>—-</span> <span class='ocrx_word' id='word_1_245' title='bbox 1404 2252 1688 2306; x_wconf 78' lang='lat' dir='ltr'>&#39;assumptus</span> <span class='ocrx_word' id='word_1_246' title='bbox 1705 2252 1810 2298; x_wconf 83' lang='lat' dir='ltr'>edd.</span> <span class='ocrx_word' id='word_1_247' title='bbox 1836 2262 1943 2299; x_wconf 77' lang='lat' dir='ltr'>vett.</span> <span class='ocrx_word' id='word_1_248' title='bbox 1968 2272 2072 2300; x_wconf 84' lang='lat' dir='ltr'>cum</span> 
     </span>
     <span class='ocr_line' id='line_1_36' title="bbox 1178 2306 1456 2350; baseline 0 0"><span class='ocrx_word' id='word_1_249' title='bbox 1178 2307 1282 2350; x_wconf 88' lang='lat' dir='ltr'>eod.</span> <span class='ocrx_word' id='word_1_250' title='bbox 1305 2306 1456 2350; x_wconf 84' lang='lat' dir='ltr'>Guelf.</span> 
     </span>
    </p>
   </div>
   <div class='ocr_carea' id='block_1_11' title="bbox 197 2383 1109 2840">
    <p class='ocr_par' dir='ltr' id='par_1_12' title="bbox 197 2383 1109 2840">
     <span class='ocr_line' id='line_1_37' title="bbox 211 2383 1103 2434; baseline -0.009 0"><span class='ocrx_word' id='word_1_251' title='bbox 211 2392 327 2434; x_wconf 80' lang='lat' dir='ltr'>bene</span> <span class='ocrx_word' id='word_1_252' title='bbox 377 2405 483 2432; x_wconf 87' lang='lat' dir='ltr'>usus</span> <span class='ocrx_word' id='word_1_253' title='bbox 527 2395 592 2430; x_wconf 86' lang='lat' dir='ltr'>est</span> <span class='ocrx_word' id='word_1_254' title='bbox 633 2387 664 2428; x_wconf 90' lang='grc' dir='ltr'>Ι.</span> <span class='ocrx_word' id='word_1_255' title='bbox 708 2386 784 2428; x_wconf 75' lang='lat' dir='ltr'>Fr.</span> <span class='ocrx_word' id='word_1_256' title='bbox 821 2383 1103 2427; x_wconf 84' lang='lat' dir='ltr'>Gronovius.</span> 
     </span>
     <span class='ocr_line' id='line_1_38' title="bbox 209 2443 1104 2501; baseline -0.011 -9"><span class='ocrx_word' id='word_1_257' title='bbox 209 2448 348 2492; x_wconf 75' lang='lat' dir='ltr'>Roth.</span> <span class='ocrx_word' id='word_1_258' title='bbox 372 2447 421 2489; x_wconf 91' lang='lat' dir='ltr'>in</span> <span class='ocrx_word' id='word_1_259' title='bbox 446 2446 630 2501; x_wconf 85' lang='lat' dir='ltr'>Quaest.</span> <span class='ocrx_word' id='word_1_260' title='bbox 658 2443 738 2486; x_wconf 82' lang='lat' dir='ltr'>Gr.</span> <span class='ocrx_word' id='word_1_261' title='bbox 770 2443 943 2492; x_wconf 72' lang='lat' dir='ltr'>(Neues</span> <span class='ocrx_word' id='word_1_262' title='bbox 960 2444 1104 2483; x_wconf 79' lang='lat' dir='ltr'>Arch.</span> 
     </span>
     <span class='ocr_line' id='line_1_39' title="bbox 197 2499 1106 2564; baseline -0.012 -14"><span class='ocrx_word' id='word_1_263' title='bbox 197 2506 246 2564; x_wconf 86' lang='lat' dir='ltr'>s.</span> <span class='ocrx_word' id='word_1_264' title='bbox 267 2506 386 2550; x_wconf 73' lang='lat' dir='ltr'>Phil.</span> <span class='ocrx_word' id='word_1_265' title='bbox 419 2519 464 2546; x_wconf 84' lang='lat' dir='ltr'>u.</span> <span class='ocrx_word' id='word_1_266' title='bbox 494 2502 610 2545; x_wconf 66' lang='lat' dir='ltr'>Pdd.</span> <span class='ocrx_word' id='word_1_267' title='bbox 646 2502 769 2544; x_wconf 77' lang='lat'><strong>1830.</strong></span> <span class='ocrx_word' id='word_1_268' title='bbox 804 2517 847 2558; x_wconf 88' lang='lat' dir='ltr'>p.</span> <span class='ocrx_word' id='word_1_269' title='bbox 870 2499 962 2556; x_wconf 77' lang='lat'><strong>39.)</strong></span> <span class='ocrx_word' id='word_1_270' title='bbox 991 2515 1106 2554; x_wconf 84' lang='lat' dir='ltr'>pro-</span> 
     </span>
     <span class='ocr_line' id='line_1_40' title="bbox 211 2559 1107 2620; baseline -0.011 -13"><span class='ocrx_word' id='word_1_271' title='bbox 211 2567 367 2607; x_wconf 78' lang='lat' dir='ltr'>vem&#39;re</span> <span class='ocrx_word' id='word_1_272' title='bbox 392 2578 470 2620; x_wconf 81' lang='lat' dir='ltr'>per</span> <span class='ocrx_word' id='word_1_273' title='bbox 494 2560 812 2618; x_wconf 79' lang='lat' dir='ltr'>cognationem</span> <span class='ocrx_word' id='word_1_274' title='bbox 840 2573 924 2615; x_wconf 83' lang='lat' dir='ltr'>pro</span> <span class='ocrx_word' id='word_1_275' title='bbox 958 2559 1107 2599; x_wconf 78' lang='lat' dir='ltr'>abun-</span> 
     </span>
     <span class='ocr_line' id='line_1_41' title="bbox 209 2615 1108 2673; baseline -0.011 -7"><span class='ocrx_word' id='word_1_276' title='bbox 209 2626 352 2672; x_wconf 79' lang='lat' dir='ltr'>dare,</span> <span class='ocrx_word' id='word_1_277' title='bbox 383 2627 565 2662; x_wconf 82' lang='lat' dir='ltr'>scatere</span> <span class='ocrx_word' id='word_1_278' title='bbox 590 2617 761 2660; x_wconf 72' lang='lat' dir='ltr'>dictum</span> <span class='ocrx_word' id='word_1_279' title='bbox 790 2622 929 2673; x_wconf 81' lang='lat' dir='ltr'>putat.</span> <span class='ocrx_word' id='word_1_280' title='bbox 999 2615 1108 2657; x_wconf 89' lang='lat' dir='ltr'>Mox</span> 
     </span>
     <span class='ocr_line' id='line_1_42' title="bbox 210 2673 1109 2737; baseline -0.011 -13"><span class='ocrx_word' id='word_1_281' title='bbox 210 2680 281 2725; x_wconf 88' lang='lat' dir='ltr'>ed.</span> <span class='ocrx_word' id='word_1_282' title='bbox 318 2678 439 2737; x_wconf 79' lang='lat' dir='ltr'>Spir.</span> <span class='ocrx_word' id='word_1_283' title='bbox 479 2675 569 2718; x_wconf 77' lang='lat' dir='ltr'>alii</span> <span class='ocrx_word' id='word_1_284' title='bbox 600 2690 686 2733; x_wconf 84' lang='lat' dir='ltr'>pro</span> <span class='ocrx_word' id='word_1_285' title='bbox 719 2674 822 2714; x_wconf 81' lang='lat' dir='ltr'>alia</span> <span class='ocrx_word' id='word_1_286' title='bbox 833 2690 849 2724; x_wconf 91' lang='lat'>‚·</span> <span class='ocrx_word' id='word_1_287' title='bbox 901 2673 1109 2714; x_wconf 77' lang='lat' dir='ltr'>minares</span> 
     </span>
     <span class='ocr_line' id='line_1_43' title="bbox 207 2730 1104 2793; baseline -0.007 -13"><span class='ocrx_word' id='word_1_288' title='bbox 207 2754 294 2793; x_wconf 87' lang='lat' dir='ltr'>pro</span> <span class='ocrx_word' id='word_1_289' title='bbox 332 2738 529 2778; x_wconf 82' lang='lat' dir='ltr'>minore.</span> <span class='ocrx_word' id='word_1_290' title='bbox 612 2732 713 2774; x_wconf 89' lang='lat' dir='ltr'>Hoc</span> <span class='ocrx_word' id='word_1_291' title='bbox 744 2734 884 2778; x_wconf 66' lang='lat' dir='ltr'>etiam</span> <span class='ocrx_word' id='word_1_292' title='bbox 922 2730 970 2773; x_wconf 86' lang='lat' dir='ltr'>in</span> <span class='ocrx_word' id='word_1_293' title='bbox 1002 2730 1104 2774; x_wconf 89' lang='lat' dir='ltr'>MS.</span> 
     </span>
     <span class='ocr_line' id='line_1_44' title="bbox 209 2788 804 2840; baseline -0.015 0"><span class='ocrx_word' id='word_1_294' title='bbox 209 2793 335 2840; x_wconf 64' lang='lat' dir='ltr'>Flor.</span> <span class='ocrx_word' id='word_1_295' title='bbox 360 2809 454 2836; x_wconf 88' lang='lat' dir='ltr'>esse</span> <span class='ocrx_word' id='word_1_296' title='bbox 476 2798 662 2834; x_wconf 71' lang='lat' dir='ltr'>testatur</span> <span class='ocrx_word' id='word_1_297' title='bbox 683 2788 804 2832; x_wconf 75' lang='lat' dir='ltr'>Viet.</span> 
     </span>
    </p>
   </div>
   <div class='ocr_carea' id='block_1_12' title="bbox 209 2870 1104 2989">
    <p class='ocr_par' dir='ltr' id='par_1_13' title="bbox 209 2870 1104 2989">
     <span class='ocr_line' id='line_1_45' title="bbox 268 2870 1104 2922; baseline -0.01 0"><span class='ocrx_word' id='word_1_298' title='bbox 268 2877 384 2922; x_wconf 78' lang='lat' dir='ltr'><strong>CAP.</strong></span> <span class='ocrx_word' id='word_1_299' title='bbox 403 2874 446 2918; x_wconf 81' lang='lat'>3.</span> <span class='ocrx_word' id='word_1_300' title='bbox 510 2873 697 2915; x_wconf 85' lang='lat' dir='ltr'>oblatis.</span> <span class='ocrx_word' id='word_1_301' title='bbox 755 2870 855 2914; x_wconf 88' lang='lat' dir='ltr'>Hoc</span> <span class='ocrx_word' id='word_1_302' title='bbox 877 2870 922 2914; x_wconf 89' lang='lat' dir='ltr'>in</span> <span class='ocrx_word' id='word_1_303' title='bbox 947 2871 1104 2916; x_wconf 84' lang='lat' dir='ltr'>codice</span> 
     </span>
     <span class='ocr_line' id='line_1_46' title="bbox 209 2931 701 2989; baseline -0.016 -10"><span class='ocrx_word' id='word_1_304' title='bbox 209 2935 367 2986; x_wconf 85' lang='lat' dir='ltr'>Guelf.</span> <span class='ocrx_word' id='word_1_305' title='bbox 402 2948 497 2977; x_wconf 91' lang='lat' dir='ltr'>non</span> <span class='ocrx_word' id='word_1_306' title='bbox 525 2931 701 2989; x_wconf 82' lang='lat' dir='ltr'>legitur.</span> 
     </span>
    </p>
   </div>
   <div class='ocr_carea' id='block_1_13' title="bbox 206 3022 756 3136">
    <p class='ocr_par' dir='ltr' id='par_1_14' title="bbox 206 3022 756 3136">
     <span class='ocr_line' id='line_1_47' title="bbox 266 3022 756 3071; baseline -0.01 -8"><span class='ocrx_word' id='word_1_307' title='bbox 266 3022 442 3063; x_wconf 77' lang='lat' dir='ltr'>multos</span> <span class='ocrx_word' id='word_1_308' title='bbox 471 3029 558 3071; x_wconf 85' lang='lat' dir='ltr'>per</span> <span class='ocrx_word' id='word_1_309' title='bbox 588 3029 756 3059; x_wconf 80' lang='lat' dir='ltr'>annos.</span> 
     </span>
     <span class='ocr_line' id='line_1_48' title="bbox 206 3079 684 3136; baseline -0.019 -13"><span class='ocrx_word' id='word_1_310' title='bbox 206 3093 297 3136; x_wconf 83' lang='lat' dir='ltr'>per</span> <span class='ocrx_word' id='word_1_311' title='bbox 319 3079 492 3121; x_wconf 83' lang='lat' dir='ltr'>multos</span> <span class='ocrx_word' id='word_1_312' title='bbox 514 3087 684 3117; x_wconf 87' lang='lat' dir='ltr'>annos.</span> 
     </span>
    </p>
   </div>
   <div class='ocr_carea' id='block_1_14' title="bbox 828 3013 1107 3059">
    <p class='ocr_par' dir='ltr' id='par_1_15' title="bbox 828 3013 1107 3059">
     <span class='ocr_line' id='line_1_49' title="bbox 828 3013 1107 3059; baseline 0 -2"><span class='ocrx_word' id='word_1_313' title='bbox 828 3014 929 3059; x_wconf 89' lang='lat' dir='ltr'>MS.</span> <span class='ocrx_word' id='word_1_314' title='bbox 967 3013 1107 3059; x_wconf 81' lang='lat' dir='ltr'>Corb.</span> 
     </span>
    </p>
   </div>
   <div class='ocr_carea' id='block_1_15' title="bbox 210 3155 1106 3277">
    <p class='ocr_par' dir='ltr' id='par_1_16' title="bbox 210 3155 1106 3277">
     <span class='ocr_line' id='line_1_50' title="bbox 269 3155 1106 3217; baseline -0.01 -12"><span class='ocrx_word' id='word_1_315' title='bbox 269 3162 418 3205; x_wconf 80' lang='lat' dir='ltr'>arvis.</span> <span class='ocrx_word' id='word_1_316' title='bbox 478 3157 709 3217; x_wconf 83' lang='lat' dir='ltr'><strong>MS.Agr.</strong></span> <span class='ocrx_word' id='word_1_317' title='bbox 733 3157 888 3212; x_wconf 76' lang='lat' dir='ltr'>agris:</span> <span class='ocrx_word' id='word_1_318' title='bbox 919 3155 967 3198; x_wconf 89' lang='lat' dir='ltr'>in</span> <span class='ocrx_word' id='word_1_319' title='bbox 992 3172 1106 3199; x_wconf 81' lang='lat' dir='ltr'>mar·</span> 
     </span>
     <span class='ocr_line' id='line_1_51' title="bbox 210 3233 476 3277; baseline -0.004 -14"><span class='ocrx_word' id='word_1_320' title='bbox 210 3237 313 3277; x_wconf 71' lang='lat' dir='ltr'>gine</span> <span class='ocrx_word' id='word_1_321' title='bbox 333 3233 476 3262; x_wconf 80' lang='lat' dir='ltr'>arms.</span> 
     </span>
    </p>
   </div>
   <div class='ocr_carea' id='block_1_16' title="bbox 207 3299 1112 3577">
    <p class='ocr_par' dir='ltr' id='par_1_17' title="bbox 207 3299 1112 3577">
     <span class='ocr_line' id='line_1_52' title="bbox 269 3299 1112 3352; baseline -0.009 -5"><span class='ocrx_word' id='word_1_322' title='bbox 269 3308 392 3347; x_wconf 77' lang='lat' dir='ltr'>hunc</span> <span class='ocrx_word' id='word_1_323' title='bbox 424 3305 500 3346; x_wconf 84' lang='lat' dir='ltr'>vel</span> <span class='ocrx_word' id='word_1_324' title='bbox 528 3302 663 3344; x_wconf 82' lang='lat' dir='ltr'>illum</span> <span class='ocrx_word' id='word_1_325' title='bbox 700 3302 852 3341; x_wconf 80' lang='lat' dir='ltr'>locum</span> <span class='ocrx_word' id='word_1_326' title='bbox 890 3299 1112 3352; x_wconf 81' lang='lat' dir='ltr'>promissi</span> 
     </span>
     <span class='ocr_line' id='line_1_53' title="bbox 208 3354 1105 3418; baseline -0.01 -13"><span class='ocrx_word' id='word_1_327' title='bbox 208 3376 388 3418; x_wconf 77' lang='lat' dir='ltr'>specus.</span> <span class='ocrx_word' id='word_1_328' title='bbox 449 3360 526 3404; x_wconf 81' lang='lat' dir='ltr'>Sic</span> <span class='ocrx_word' id='word_1_329' title='bbox 547 3357 647 3402; x_wconf 88' lang='lat' dir='ltr'>MS.</span> <span class='ocrx_word' id='word_1_330' title='bbox 667 3357 791 3400; x_wconf 80' lang='lat' dir='ltr'>Flor.</span> <span class='ocrx_word' id='word_1_331' title='bbox 817 3365 914 3400; x_wconf 73' lang='lat' dir='ltr'>test.</span> <span class='ocrx_word' id='word_1_332' title='bbox 931 3354 1105 3415; x_wconf 67' lang='lat' dir='ltr'>Ryekio</span> 
     </span>
     <span class='ocr_line' id='line_1_54' title="bbox 208 3415 1106 3468; baseline -0.011 -4"><span class='ocrx_word' id='word_1_333' title='bbox 208 3436 259 3465; x_wconf 82' lang='lat' dir='ltr'>ex</span> <span class='ocrx_word' id='word_1_334' title='bbox 293 3417 444 3462; x_wconf 83' lang='lat' dir='ltr'>collat.</span> <span class='ocrx_word' id='word_1_335' title='bbox 484 3418 571 3461; x_wconf 82' lang='lat' dir='ltr'>lac.</span> <span class='ocrx_word' id='word_1_336' title='bbox 597 3415 844 3468; x_wconf 78' lang='lat' dir='ltr'>Gronovii3</span> <span class='ocrx_word' id='word_1_337' title='bbox 884 3420 1106 3456; x_wconf 71' lang='lat' dir='ltr'>testantur</span> 
     </span>
     <span class='ocr_line' id='line_1_55' title="bbox 209 3470 1101 3530; baseline -0.01 -9"><span class='ocrx_word' id='word_1_338' title='bbox 209 3486 256 3521; x_wconf 79' lang='lat' dir='ltr'>et</span> <span class='ocrx_word' id='word_1_339' title='bbox 286 3476 517 3518; x_wconf 77' lang='lat' dir='ltr'>Victorius</span> <span class='ocrx_word' id='word_1_340' title='bbox 550 3483 592 3516; x_wconf 79' lang='lat' dir='ltr'>ct</span> <span class='ocrx_word' id='word_1_341' title='bbox 626 3472 819 3515; x_wconf 75' lang='lat' dir='ltr'>Pichena</span> <span class='ocrx_word' id='word_1_342' title='bbox 855 3488 936 3530; x_wconf 86' lang='lat' dir='ltr'>per·</span> <span class='ocrx_word' id='word_1_343' title='bbox 971 3470 1101 3513; x_wconf 86' lang='lat' dir='ltr'>silen-</span> 
     </span>
     <span class='ocr_line' id='line_1_56' title="bbox 207 3528 1102 3577; baseline -0.008 0"><span class='ocrx_word' id='word_1_344' title='bbox 207 3535 338 3577; x_wconf 68' lang='lat' dir='ltr'>tium.</span> <span class='ocrx_word' id='word_1_345' title='bbox 408 3533 522 3575; x_wconf 87' lang='lat' dir='ltr'>Nam</span> <span class='ocrx_word' id='word_1_346' title='bbox 553 3531 616 3575; x_wconf 78' lang='lat' dir='ltr'>sic</span> <span class='ocrx_word' id='word_1_347' title='bbox 641 3530 743 3573; x_wconf 83' lang='lat' dir='ltr'>edd.</span> <span class='ocrx_word' id='word_1_348' title='bbox 770 3529 976 3572; x_wconf 77' lang='lat' dir='ltr'>Beroald.</span> <span class='ocrx_word' id='word_1_349' title='bbox 1003 3528 1102 3570; x_wconf 74' lang='lat' dir='ltr'>Alc.</span> 
     </span>
    </p>
   </div>
   <div class='ocr_carea' id='block_1_17' title="bbox 209 3587 1102 3649">
    <p class='ocr_par' dir='ltr' id='par_1_18' title="bbox 209 3587 1102 3649">
     <span class='ocr_line' id='line_1_57' title="bbox 209 3587 1102 3649; baseline -0.009 -13"><span class='ocrx_word' id='word_1_350' title='bbox 209 3591 355 3648; x_wconf 69' lang='lat' dir='ltr'>Bhen-</span> <span class='ocrx_word' id='word_1_351' title='bbox 390 3605 486 3649; x_wconf 84' lang='lat' dir='ltr'>sqq.</span> <span class='ocrx_word' id='word_1_352' title='bbox 561 3588 707 3635; x_wconf 79' lang='lat' dir='ltr'>Ceteri</span> <span class='ocrx_word' id='word_1_353' title='bbox 745 3587 848 3632; x_wconf 83' lang='lat' dir='ltr'>libri</span> <span class='ocrx_word' id='word_1_354' title='bbox 881 3594 987 3635; x_wconf 77' lang='lat' dir='ltr'>vett.</span> <span class='ocrx_word' id='word_1_355' title='bbox 1022 3600 1102 3628; x_wconf 87' lang='lat' dir='ltr'>nu-</span> 
     </span>
    </p>
   </div>
   <div class='ocr_carea' id='block_1_18' title="bbox 1175 2407 2071 3042">
    <p class='ocr_par' dir='ltr' id='par_1_19' title="bbox 1178 2407 2071 2626">
     <span class='ocr_line' id='line_1_58' title="bbox 1234 2407 2070 2464; baseline 0.01 -15"><span class='ocrx_word' id='word_1_356' title='bbox 1234 2422 1329 2449; x_wconf 84' lang='lat' dir='ltr'>non</span> <span class='ocrx_word' id='word_1_357' title='bbox 1338 2407 1476 2464; x_wconf 81' lang='lat' dir='ltr'>falsa</span> <span class='ocrx_word' id='word_1_358' title='bbox 1498 2416 1657 2451; x_wconf 82' lang='lat' dir='ltr'>antea.</span> <span class='ocrx_word' id='word_1_359' title='bbox 1717 2408 1795 2453; x_wconf 86' lang='lat' dir='ltr'>Sic</span> <span class='ocrx_word' id='word_1_360' title='bbox 1816 2409 1917 2454; x_wconf 87' lang='lat' dir='ltr'>MS.</span> <span class='ocrx_word' id='word_1_361' title='bbox 1946 2410 2070 2457; x_wconf 81' lang='lat' dir='ltr'>Flor.</span> 
     </span>
     <span class='ocr_line' id='line_1_59' title="bbox 1179 2465 2071 2526; baseline 0.006 -18"><span class='ocrx_word' id='word_1_362' title='bbox 1179 2466 1297 2520; x_wconf 83' lang='lat' dir='ltr'>(test.</span> <span class='ocrx_word' id='word_1_363' title='bbox 1325 2466 1440 2508; x_wconf 81' lang='lat' dir='ltr'>vict.</span> <span class='ocrx_word' id='word_1_364' title='bbox 1467 2482 1506 2509; x_wconf 91' lang='lat' dir='ltr'>c.</span> <span class='ocrx_word' id='word_1_365' title='bbox 1531 2465 1676 2517; x_wconf 80' lang='lat' dir='ltr'>Pieh.)</span> <span class='ocrx_word' id='word_1_366' title='bbox 1699 2466 1799 2509; x_wconf 85' lang='lat' dir='ltr'>edd.</span> <span class='ocrx_word' id='word_1_367' title='bbox 1823 2467 1950 2511; x_wconf 84' lang='lat' dir='ltr'><strong>Pieh.</strong></span> <span class='ocrx_word' id='word_1_368' title='bbox 1974 2485 2023 2526; x_wconf 85' lang='lat' dir='ltr'>sq</span> <span class='ocrx_word' id='word_1_369' title='bbox 2061 2503 2071 2513; x_wconf 93' lang='lat'><strong>.</strong></span> 
     </span>
     <span class='ocr_line' id='line_1_60' title="bbox 1178 2487 2071 2626; baseline 0.008 -61"><span class='ocrx_word' id='word_1_370' title='bbox 1178 2538 1321 2623; x_wconf 51' lang='lat' dir='ltr'>Esqdue</span> <span class='ocrx_word' id='word_1_371' title='bbox 1336 2524 1407 2624; x_wconf 70' lang='grc' dir='ltr'>(Ξά</span> <span class='ocrx_word' id='word_1_372' title='bbox 1440 2522 1750 2624; x_wconf 45' lang='lat' dir='ltr'>ffrnefitciiunsh·</span> <span class='ocrx_word' id='word_1_373' title='bbox 1769 2526 1903 2626; x_wconf 41' lang='lat' dir='ltr'>qube</span> <span class='ocrx_word' id='word_1_374' title='bbox 1937 2487 2071 2572; x_wconf 70' lang='lat' dir='ltr'><strong>MSS.</strong></span> 
     </span>
    </p>

    <p class='ocr_par' dir='ltr' id='par_1_20' title="bbox 1175 2585 2071 3042">
     <span class='ocr_line' id='line_1_61' title="bbox 1222 2597 2068 2628; baseline 0.007 -6"><span class='ocrx_word' id='word_1_375' title='bbox 1222 2598 1247 2622; x_wconf 89' lang='lat' dir='ltr'>u</span> <span class='ocrx_word' id='word_1_376' title='bbox 1284 2613 1296 2625; x_wconf 90' lang='lat'><strong>.</strong></span> <span class='ocrx_word' id='word_1_377' title='bbox 1384 2597 1434 2623; x_wconf 83' lang='lat' dir='ltr'>ue</span> <span class='ocrx_word' id='word_1_378' title='bbox 1481 2616 1486 2621; x_wconf 88' lang='lat'><strong>.</strong></span> <span class='ocrx_word' id='word_1_379' title='bbox 1537 2598 1559 2624; x_wconf 91' lang='lat' dir='ltr'>e</span> <span class='ocrx_word' id='word_1_380' title='bbox 1628 2614 1639 2624; x_wconf 87' lang='lat'><strong>.</strong></span> <span class='ocrx_word' id='word_1_381' title='bbox 1740 2597 1792 2626; x_wconf 77' lang='lat' dir='ltr'>ir.</span> <span class='ocrx_word' id='word_1_382' title='bbox 1921 2616 1929 2626; x_wconf 93' lang='lat'><strong>.</strong></span> <span class='ocrx_word' id='word_1_383' title='bbox 2042 2602 2068 2628; x_wconf 79' lang='lat'>·.</span> 
     </span>
     <span class='ocr_line' id='line_1_62' title="bbox 1178 2585 2071 2696; baseline 0.006 -16"><span class='ocrx_word' id='word_1_384' title='bbox 1178 2638 1381 2681; x_wconf 85' lang='lat' dir='ltr'>Rhenan.</span> <span class='ocrx_word' id='word_1_385' title='bbox 1422 2638 1540 2695; x_wconf 88' lang='lat' dir='ltr'>Lips.</span> <span class='ocrx_word' id='word_1_386' title='bbox 1584 2597 1785 2696; x_wconf 50' lang='lat' dir='ltr'>repos‘isit</span> <span class='ocrx_word' id='word_1_387' title='bbox 1827 2592 1939 2683; x_wconf 49' lang='grc' dir='ltr'>ανιιιὲε</span> <span class='ocrx_word' id='word_1_388' title='bbox 1963 2585 2071 2685; x_wconf 50' lang='lat' dir='ltr'>Belin</span> 
     </span>
     <span class='ocr_line' id='line_1_63' title="bbox 1177 2675 2069 2754; baseline 0.003 -15"><span class='ocrx_word' id='word_1_389' title='bbox 1177 2695 1421 2740; x_wconf 79' lang='lat' dir='ltr'>multitudo</span> <span class='ocrx_word' id='word_1_390' title='bbox 1474 2692 1790 2754; x_wconf 74' lang='grc' dir='ltr'><em>ὁμοτελεύτων</em></span> <span class='ocrx_word' id='word_1_391' title='bbox 1846 2675 2069 2744; x_wconf 54' lang='lat' dir='ltr'>vinu-’etun</span> 
     </span>
     <span class='ocr_line' id='line_1_64' title="bbox 1177 2751 2070 2820; baseline 0.003 -23"><span class='ocrx_word' id='word_1_392' title='bbox 1177 2753 1269 2797; x_wconf 88' lang='lat' dir='ltr'>Sed</span> <span class='ocrx_word' id='word_1_393' title='bbox 1293 2769 1340 2820; x_wconf 73' lang='lat' dir='ltr'>ea</span> <span class='ocrx_word' id='word_1_394' title='bbox 1367 2753 1477 2796; x_wconf 77' lang='lat' dir='ltr'>ratio</span> <span class='ocrx_word' id='word_1_395' title='bbox 1502 2770 1605 2819; x_wconf 32' lang='lat' dir='ltr'>‘non</span> <span class='ocrx_word' id='word_1_396' title='bbox 1622 2751 1814 2797; x_wconf 75' lang='lat' dir='ltr'>&#39;videtur</span> <span class='ocrx_word' id='word_1_397' title='bbox 1848 2754 2070 2808; x_wconf 75' lang='lat' dir='ltr'>sufficere,</span> 
     </span>
     <span class='ocr_line' id='line_1_65' title="bbox 1177 2810 2068 2867; baseline 0.006 -15"><span class='ocrx_word' id='word_1_398' title='bbox 1177 2819 1227 2853; x_wconf 89' lang='lat' dir='ltr'>ut</span> <span class='ocrx_word' id='word_1_399' title='bbox 1258 2810 1365 2867; x_wconf 74' lang='lat' dir='ltr'>quid</span> <span class='ocrx_word' id='word_1_400' title='bbox 1401 2810 1645 2854; x_wconf 75' lang='lat' dir='ltr'>moliamur</span> <span class='ocrx_word' id='word_1_401' title='bbox 1674 2820 1832 2855; x_wconf 80' lang='lat' dir='ltr'>eontra</span> <span class='ocrx_word' id='word_1_402' title='bbox 1863 2812 2068 2857; x_wconf 86' lang='lat' dir='ltr'>codicem</span> 
     </span>
     <span class='ocr_line' id='line_1_66' title="bbox 1175 2868 2070 2937; baseline 0.003 -26"><span class='ocrx_word' id='word_1_403' title='bbox 1175 2868 1299 2934; x_wconf 60' lang='lat' dir='ltr'>Floq.</span> <span class='ocrx_word' id='word_1_404' title='bbox 1337 2875 1390 2937; x_wconf 66' lang='grc' dir='ltr'>εἰἸ</span> <span class='ocrx_word' id='word_1_405' title='bbox 1411 2876 1615 2912; x_wconf 79' lang='lat' dir='ltr'>accurate</span> <span class='ocrx_word' id='word_1_406' title='bbox 1656 2868 1879 2936; x_wconf 54' lang='lat' dir='ltr'>seribengii</span> <span class='ocrx_word' id='word_1_407' title='bbox 1915 2885 2070 2926; x_wconf 75' lang='lat' dir='ltr'>genus.</span> 
     </span>
     <span class='ocr_line' id='line_1_67' title="bbox 1176 2925 2069 2995; baseline 0.003 -27"><span class='ocrx_word' id='word_1_408' title='bbox 1176 2925 1234 2968; x_wconf 80' lang='lat' dir='ltr'>Et</span> <span class='ocrx_word' id='word_1_409' title='bbox 1276 2941 1322 2968; x_wconf 85' lang='lat' dir='ltr'>m</span> <span class='ocrx_word' id='word_1_410' title='bbox 1357 2925 1504 2992; x_wconf 72' lang='lat' dir='ltr'>(³.¹¹elf‘</span> <span class='ocrx_word' id='word_1_411' title='bbox 1537 2942 1631 2969; x_wconf 91' lang='lat' dir='ltr'>non</span> <span class='ocrx_word' id='word_1_412' title='bbox 1657 2941 1879 2995; x_wconf 52' lang='lat' dir='ltr'>ffpressls</span> <span class='ocrx_word' id='word_1_413' title='bbox 1913 2927 2069 2979; x_wconf 60' lang='lat' dir='ltr'>linei-,is</span> 
     </span>
     <span class='ocr_line' id='line_1_68' title="bbox 1178 2982 2065 3042; baseline 0.005 -18"><span class='ocrx_word' id='word_1_414' title='bbox 1178 2990 1292 3024; x_wconf 80' lang='lat' dir='ltr'>ante</span> <span class='ocrx_word' id='word_1_415' title='bbox 1324 2982 1507 3039; x_wconf 74' lang='lat' dir='ltr'>legitur,</span> <span class='ocrx_word' id='word_1_416' title='bbox 1541 2984 1618 3026; x_wconf 80' lang='lat' dir='ltr'>sed</span> <span class='ocrx_word' id='word_1_417' title='bbox 1650 2999 1715 3027; x_wconf 85' lang='lat' dir='ltr'>an</span> <span class='ocrx_word' id='word_1_418' title='bbox 1748 3000 1829 3042; x_wconf 77' lang='lat' dir='ltr'>per</span> <span class='ocrx_word' id='word_1_419' title='bbox 1857 3000 2065 3042; x_wconf 84' lang='lat' dir='ltr'>compen·</span> 
     </span>
    </p>
   </div>
   <div class='ocr_carea' id='block_1_19' title="bbox 1164 3040 2068 3154">
    <p class='ocr_par' dir='ltr' id='par_1_21' title="bbox 1164 3040 2068 3154">
     <span class='ocr_line' id='line_1_69' title="bbox 1164 3040 2068 3154; baseline 0.004 -72"><span class='ocrx_word' id='word_1_420' title='bbox 1164 3040 1318 3154; x_wconf 49' lang='grc' dir='ltr'>λεέἰιίηι.</span> <span class='ocrx_word' id='word_1_421' title='bbox 1378 3040 1470 3083; x_wconf 86' lang='lat' dir='ltr'>Pro</span> <span class='ocrx_word' id='word_1_422' title='bbox 1490 3041 1629 3098; x_wconf 84' lang='lat' dir='ltr'>falsa</span> <span class='ocrx_word' id='word_1_423' title='bbox 1651 3041 1754 3085; x_wconf 91' lang='lat' dir='ltr'>MS.</span> <span class='ocrx_word' id='word_1_424' title='bbox 1780 3041 1907 3086; x_wconf 77' lang='lat' dir='ltr'>Harl.</span> <span class='ocrx_word' id='word_1_425' title='bbox 1936 3043 2068 3086; x_wconf 74' lang='lat' dir='ltr'>habet</span> 
     </span>
     <span class='ocr_line' id='line_1_70' title="bbox 1200 3112 1319 3140; baseline -0.008 0"><span class='ocrx_word' id='word_1_426' title='bbox 1200 3114 1229 3140; x_wconf 86' lang='grc' dir='ltr'><em>α</em></span> <span class='ocrx_word' id='word_1_427' title='bbox 1252 3112 1319 3140; x_wconf 82' lang='lat' dir='ltr'>so.</span> 
     </span>
    </p>
   </div>
   <div class='ocr_carea' id='block_1_20' title="bbox 1178 3199 2064 3472">
    <p class='ocr_par' dir='ltr' id='par_1_22' title="bbox 1178 3199 2064 3472">
     <span class='ocr_line' id='line_1_71' title="bbox 1237 3199 2063 3259; baseline 0.007 -20"><span class='ocrx_word' id='word_1_428' title='bbox 1237 3205 1343 3240; x_wconf 83' lang='lat' dir='ltr'>tunc</span> <span class='ocrx_word' id='word_1_429' title='bbox 1378 3199 1605 3253; x_wconf 81' lang='lat' dir='ltr'>primum.</span> <span class='ocrx_word' id='word_1_430' title='bbox 1689 3199 1790 3243; x_wconf 88' lang='lat' dir='ltr'>MS.</span> <span class='ocrx_word' id='word_1_431' title='bbox 1835 3199 1946 3259; x_wconf 85' lang='lat' dir='ltr'>Reg.</span> <span class='ocrx_word' id='word_1_432' title='bbox 1991 3202 2063 3245; x_wconf 86' lang='lat' dir='ltr'>ed.</span> 
     </span>
     <span class='ocr_line' id='line_1_72' title="bbox 1178 3255 2063 3314; baseline 0.001 -15"><span class='ocrx_word' id='word_1_433' title='bbox 1178 3255 1298 3314; x_wconf 80' lang='lat' dir='ltr'>Spir.</span> <span class='ocrx_word' id='word_1_434' title='bbox 1332 3265 1440 3299; x_wconf 80' lang='lat' dir='ltr'>tunc</span> <span class='ocrx_word' id='word_1_435' title='bbox 1463 3257 1633 3312; x_wconf 82' lang='lat' dir='ltr'>primo.</span> <span class='ocrx_word' id='word_1_436' title='bbox 1672 3284 1678 3287; x_wconf 92' lang='lat'><em>-</em></span> <span class='ocrx_word' id='word_1_437' title='bbox 1716 3257 1808 3300; x_wconf 84' lang='lat' dir='ltr'>Pro</span> <span class='ocrx_word' id='word_1_438' title='bbox 1839 3265 1946 3300; x_wconf 82' lang='lat' dir='ltr'>tunc</span> <span class='ocrx_word' id='word_1_439' title='bbox 1978 3258 2063 3301; x_wconf 84' lang='lat' dir='ltr'>Er-</span> 
     </span>
     <span class='ocr_line' id='line_1_73' title="bbox 1179 3313 2064 3361; baseline 0.005 -6"><span class='ocrx_word' id='word_1_440' title='bbox 1179 3313 1347 3356; x_wconf 79' lang='lat' dir='ltr'>nestius</span> <span class='ocrx_word' id='word_1_441' title='bbox 1391 3314 1585 3357; x_wconf 83' lang='lat' dir='ltr'>malebat</span> <span class='ocrx_word' id='word_1_442' title='bbox 1621 3329 1755 3358; x_wconf 82' lang='lat' dir='ltr'>nunc.</span> <span class='ocrx_word' id='word_1_443' title='bbox 1842 3315 1929 3359; x_wconf 88' lang='lat' dir='ltr'>Sed</span> <span class='ocrx_word' id='word_1_444' title='bbox 1974 3317 2064 3361; x_wconf 85' lang='lat' dir='ltr'>vid.</span> 
     </span>
     <span class='ocr_line' id='line_1_74' title="bbox 1178 3371 2063 3420; baseline 0.003 -7"><span class='ocrx_word' id='word_1_445' title='bbox 1178 3378 1272 3413; x_wconf 83' lang='lat' dir='ltr'>not.</span> <span class='ocrx_word' id='word_1_446' title='bbox 1308 3372 1362 3414; x_wconf 82' lang='lat' dir='ltr'>ad</span> <span class='ocrx_word' id='word_1_447' title='bbox 1399 3373 1440 3420; x_wconf 69' lang='lat' dir='ltr'>i),</span> <span class='ocrx_word' id='word_1_448' title='bbox 1476 3371 1547 3416; x_wconf 76' lang='lat'>26.</span> <span class='ocrx_word' id='word_1_449' title='bbox 1588 3374 1670 3415; x_wconf 83' lang='lat' dir='ltr'>sub</span> <span class='ocrx_word' id='word_1_450' title='bbox 1700 3389 1765 3416; x_wconf 85' lang='lat' dir='ltr'>vv.</span> <span class='ocrx_word' id='word_1_451' title='bbox 1795 3375 1925 3416; x_wconf 82' lang='lat' dir='ltr'>nullo</span> <span class='ocrx_word' id='word_1_452' title='bbox 1962 3381 2063 3417; x_wconf 78' lang='lat' dir='ltr'>lum</span> 
     </span>
     <span class='ocr_line' id='line_1_75' title="bbox 1179 3429 1443 3472; baseline 0.011 -4"><span class='ocrx_word' id='word_1_453' title='bbox 1179 3429 1273 3469; x_wconf 75' lang='lat' dir='ltr'>alio</span> <span class='ocrx_word' id='word_1_454' title='bbox 1298 3431 1443 3472; x_wconf 76' lang='lat' dir='ltr'>hoste.</span> 
     </span>
    </p>
   </div>
   <div class='ocr_carea' id='block_1_21' title="bbox 1175 3530 2060 3631">
    <p class='ocr_par' dir='ltr' id='par_1_23' title="bbox 1175 3530 2060 3631">
     <span class='ocr_line' id='line_1_76' title="bbox 1233 3530 2060 3598; baseline 0.011 -29"><span class='ocrx_word' id='word_1_455' title='bbox 1233 3531 1494 3598; x_wconf 56' lang='lat' dir='ltr'>admit-(ms.</span> <span class='ocrx_word' id='word_1_456' title='bbox 1559 3530 1657 3575; x_wconf 81' lang='lat' dir='ltr'>MS.</span> <span class='ocrx_word' id='word_1_457' title='bbox 1682 3530 1805 3575; x_wconf 80' lang='lat' dir='ltr'>Flor.</span> <span class='ocrx_word' id='word_1_458' title='bbox 1827 3539 1925 3577; x_wconf 63' lang='lat' dir='ltr'>test.</span> <span class='ocrx_word' id='word_1_459' title='bbox 1943 3532 2060 3579; x_wconf 79' lang='lat' dir='ltr'>Vict.</span> 
     </span>
     <span class='ocr_line' id='line_1_77' title="bbox 1175 3600 1453 3631; baseline -0.007 0"><span class='ocrx_word' id='word_1_460' title='bbox 1175 3600 1453 3631; x_wconf 79' lang='lat' dir='ltr'>amtmrans.</span> 
     </span>
    </p>
   </div>
  </div>
 </body>
</html>
