2164 3990
1788 238 2008 322 ,tt-⁸²⁷..

250 247 369 305 132
912 236 1423 303 ANNALIUM

189 386 194 391 '
243 388 416 433 natus
436 371 595 432 Nero
619 369 931 431 Octaviam
951 369 1214 428 Caesaris
1236 371 1421 429 filiam
1443 371 1509 428 in
1528 371 1983 433 matrimonium·
1996 396 2093 435 ac—

246 462 416 537 cepit.
502 472 685 537 utque
724 457 934 515 studiis
972 452 1234 512 honestis
1270 470 1328 516 et
1361 458 1732 534 eloquentiae
1770 461 1956 534 gloria
1994 463 2091 526 ni-

244 557 515 615 tesceret,
559 565 730 601 causa
764 540 1073 598 Iliensium
1109 555 1372 618 suscepta
1397 541 1746 602 Romanum·
1771 543 1955 602 Troia
1987 548 2097 604 de-
2149 567 2164 582 ’

233 633 490 688 'missum
518 641 574 686 et
598 629 782 686 Iuliae
813 626 1010 700 stirpis
1044 637 1340 683 auctorem
1366 622 1629 684 Aeneam
1664 623 2093 706 aliaque-'haud

243 716 452 793 procul
497 715 714 771 fabulis
761 722 957 767 vetera
1002 711 1252 768 facunde
1296 724 1593 770 exsecutus
1640 727 1964 791 perpetrat,
2025 729 2094 775 ut

245 801 490 859 Ilienses
517 799 683 857 omni
705 796 945 872 publico
970 815 1215 852 munere
1239 797 1621 857 solverentur.
1706 798 1936 857 Eodem
1960 821 2095 858 ora-

244 900 369 944 tore
395 883 764 942 Bononiensi
791 882 1054 938 coloniae
1083 881 1207 955 igni
1234 878 1475 938 haustae
1499 884 1852 942 subventum
1877 887 2102 944 centies

247 972 497 1030 sestertii
530 968 859 1041 largitione.
957 965 1255 1024 Redditur
1280 963 1538 1025 Rhodiis
1560 968 1801 1026 libertas
1826 973 2094 1047 adempta

246 1077 414 1132 saepe
455 1067 554 1112 aut
589 1055 847 1120 firmata,
901 1063 1081 1126 prout
1119 1053 1292 1108 bellis
1330 1051 1582 1108 externis
1617 1067 1955 1113 meruerant
1993 1068 2094 1114 aut

247 1132 412 1203 domi
458 1139 745 1196 sed-itione
787 1137 1175 1213 deliquerant.
1271 1136 1711 1214 Tributumque
1743 1134 2097 1214 APamensi-

245 1230 355 1286 bus
379 1238 564 1283 terrae
588 1234 754 1280 motu
779 1223 1075 1280 convulsis
1094 1215 1162 1278 'in
1189 1223 1665 1299 quinquennium
1685 1224 2013 1286 remissum.

412 1346 573 1407 LIX.
640 1342 723 1404 At
777 1343 1061 1402 Claudius
1119 1346 1454 1409 saevissima
1508 1366 1772 1422 quaeque
1827 1368 2097 1423 promere
2139 1420 2142 1424 ι

243 1432 885 1507 adigebatur‘eiusdem
909 1427 1275 1506 Agrippinae
1314 1431 1569 1500 artibUS,
1613 1450 1762 1508 quae
1796 1431 2096 1491 Statilium

244 1518 514 1575 Taurum
550 1519 762 1594 opibus
801 1516 1112 1582 inlustrem
1147 1513 1334 1572 hortis
1373 1517 1496 1572 eius
1535 1513 1774 1572 inhians
1814 1520 2096 1593 pervertit

244 1614 548 1661 accusante
597 1601 912 1678 Tarquitio
947 1599 1170 1661 PriscO.

243 1819 317 1847 an.
341 1818 387 1846 n.
409 1802 514 1854 806,
552 1816 689 1859 quum
714 1800 771 1844 sit
795 1799 893 1844 807.
955 1797 1074 1841 Hinc
1096 1803 1138 1840 et

242 1863 337 1918 ipse
357 1868 481 1917 putat
500 1858 663 1902 initum
686 1874 792 1901 eum
816 1857 1012 1901 Octavia
1035 1871 1137 1898 ma·-

242 1918 507 1962 trimonium
531 1916 752 1972 pertinere
774 1916 827 1958 ad
848 1914 1027 1957 initium
1060 1929 1136 1957 an.

247 1976 314 2019 16.
342 1974 495 2018 aetatis
516 1973 728 2016 Neronis.

304 2032 534 2076 Caesaris.
608 2031 708 2074 MS.
744 2027 900 2072 Guelf.
935 2026 983 2071 C.
1017 2026 1137 2070 Cae·

245 2090 385 2134 saris.

300 2146 513 2190 honestis
559 2153 618 2190 et.
695 2144 779 2189 Ed.
823 2143 945 2202 Spir.
999 2139 1140 2185 omit-

244 2204 384 2249 fite&

304 2274 565 2317 nitesceret.
626 2272 703 2318 Sic
732 2272 869 2317 MSS.
890 2271 999 2329 Reg.
1019 2271 1137 2314 Bud.

247 2332 349 2375 edd.
389 2331 509 2390 Spir.
548 2331 653 2375 Put.
686 2347 785 2432 sqq.
819 2346 925 2374 cum
959 2327 1139 2372 silentio

244 2389 452 2443 Victorii.
523 2389 613 2432 Sed
644 2390 717 2433 eol
736 2389 824 2432 atio
853 2386 1141 2431 Gronoviana

248 2463 272 2489 e
292 2444 394 2489 MS.
423 2447 457 2488 F
462 2446 547 2489 lor.
573 2445 660 2489 fert
684 2449 978 2495 enitesceret,
1018 2442 1141 2500 quod

243 2520 454 2605 {eleceypere
489 2502 804 2547 Lallemandus
845 2511 888 2546 et
923 2501 1022 2560 Bip.
1083 2500 1142 2544 cf.

304 2639 463 2674 vetera
482 2633 712 2688 facunde.
781 2631 858 2675 Sic
887 2629 988 2674 MS.
1023 2629 1138 2672 Bud.

247 2689 349 2732 edd.
386 2689 530 2732 Rhen.
564 2706 664 2747 sqq.
695 2717 754 2726 --
794 2704 910 2731 vera
928 2688 1141 2743 facunde

244 2746 380 2790 MSS.
412 2747 535 2790 Flor.
575 2747 694 2802 (test.
729 2746 768 2789 R
803 2745 871 2790 ck.
920 2761 943 2788 e
986 2745 1137 2787 collat.

247 2803 474 2860 Gronov.)
493 2803 601 2846 Rem
620 2804 742 2848 Harl.
785 2819 845 2847 es.
862 2801 1012 2846 Guelf.
1033 2801 1136 2845 edd.

245 2860 363 2919 Spir.
393 2838 598 2904 Beroalff.
640 2862 762 2916 (cum
792 2861 970 2904 silentio
1001 2857 1140 2914 Viet.)

247 2919 348 2961 Alc.
374 2934 512 2976 eaque
537 2918 758 2977 scriptura
781 2917 949 2976 placuit
980 2915 1141 2959 editori

245 2975 519 3035 Bipontino,
562 2984 611 3018 ut
632 2974 761 3019 haud
784 2977 950 3029 procul
963 2973 1143 3030 sabulis

247 3049 361 3076 vera
394 3033 482 3076 sint
513 3032 677 3076 fabulis
703 3032 969 3081 commixta,
1005 3047 1140 3089 quan·

280 3107 383 3133 uam
413 3092 546 3133 rebus
571 3090 695 3134 sactis
724 3090 937 3134 nitantur.
1006 3087 1141 3131 MSS.

249 3107 358 3203 ligr.
371 3156 413 3191 et
425 3148 556 3190 Bodl.
575 3147 638 3202 (in
655 3164 752 3190 mar
783 3147 871 3202 ine)
886 3147 1049 3188 verum
1060 3146 1140 3200 sa·

251 3195 419 3259 winde,
449 3204 573 3263 quod
601 3204 739 3248 edidit
754 3163 974 3262 ffiyckius.
1036 3202 1139 3246 MS.

250 3260 381 3304 Bodl.
422 3262 467 3304 in
501 3269 709 3305 contextu
741 3263 856 3305 verti
882 3260 1144 3316 sacundie;

250 3317 370 3359 unde
391 3318 569 3362 videtur
592 3320 765 3363 fluxisse
787 3335 899 3362 vera
909 3317 1138 3375 facundi-

253 3381 352 3416 tate
374 3374 421 3415 in
442 3376 540 3420 edd.
563 3376 665 3420 Put.
689 3377 757 3420 Μ.
784 3386 828 3420 et
850 3375 908 3420 V.

307 3453 566 3488 exsecutus.
626 3447 708 3494 Ed.
732 3447 837 3506 Spir
856 3447 1078 3490 executis.

303 3523 563 3580 perpetrat.
624 3516 699 3560 Sic
720 3517 854 3562 MSS.
872 3517 996 3561 Flor.
1021 3517 1136 3573 (test.

255 3572 375 3617 Vnet.
396 3587 438 3616 c.
462 3571 539 3627 al.)
572 3572 682 3630 Reg.
714 3573 834 3619 Harl.
874 3574 955 3620 les.
981 3572 1134 3619 Guelf.

1260 1601 1479 1674 legatus
1523 1600 1574 1656 is
1609 1600 1798 1659 Tauri
1833 1603 2098 1682 Africam

1210 1796 1324 1842 Bud.
1338 1797 1438 1842 edd.
1451 1798 1570 1857 Spir.
1585 1797 1817 1843 et‘Ernest.
1830 1814 1925 1858 sqq.
1939 1824 1996 1856 -,
2013 1800 2099 1844 im·

1206 1862 1365 1911 petrat
1396 1856 1496 1900 MS.
1527 1857 1659 1901 Bodl.
1693 1872 1762 1916 pr.
1798 1873 1860 1901 m.
1893 1859 2004 1912 (rec.
2038 1874 2102 1904 m.

1211 1913 1464 1958 emendavit
1482 1916 1740 1970 perpetrat)
1775 1914 1875 1958 edd.
1906 1915 2010 1959 Put.
2031 1915 2100 1961 M.

1211 1979 1253 2014 et
1276 1970 1333 2013 V.
1357 1970 1564 2014 Beroald.
1587 1971 1690 2021 Alc.
1715 1970 1857 2016 Rhen.
1879 1988 1979 2032 sqq.

1267 2041 1561 2085 Bononiensi
1588 2042 1815 2087 coloniae.
1872 2040 1958 2088 Ed.
1981 2043 2100 2103 Spir-

1214 2097 1270 2142 G.
1293 2101 1518 2144 colomae.

1267 2170 1477 2213 Rhodiis.
1537 2169 1598 2215 cf.
1620 2169 1711 2213 Dio
1734 2171 1804 2223 60,
1823 2169 1900 2215 24.

1268 2240 1626 2296 Apamensibus.
1699 2240 1778 2287 Sic
1805 2239 1941 2286 MSS.
1973 2241 2100 2289 Flor.
2163 2282 2164 2294 ἰ

1769 2298 1870 2345 edd.
1905 2299 1938 2344 S
1971 2299 2028 2346 ir.
2059 2309 2102 2346 et
2162 2303 2164 2330 ²

1210 2300 1328 2354 (test.
1364 2298 1400 2342 I.
1426 2297 1591 2352 Gron.)
1625 2298 1690 2341 Re
1725 2329 1735 2340 .

1210 2356 1384 2401 Ernest.
1414 2371 1510 2414 sqq.
1567 2355 1639 2399 De
1719 2356 1768 2401 S.
1787 2354 1914 2400 Flor.
1985 2358 2103 2403 icto-

1210 2413 1304 2458 rius
1345 2421 1461 2457 tacet
1501 2413 1697 2471 sinitque
1727 2414 2103 2469 Apamensibus,

1213 2470 1336 2530 quod
1358 2480 1424 2514 est
1447 2470 1494 2512 in
1520 2470 1621 2514 edd.
1646 2470 1749 2514 Put.
1776 2471 1846 2515 M.
1871 2481 1914 2516 et
1933 2473 1992 2518 V.
2012 2475 2102 2518 Be-

1212 2527 1360 2573 roald.
1385 2528 1482 2572 Ale.
1506 2527 1652 2573 Rhen.
1673 2545 1771 2587 sqq.
1803 2552 1858 2563 —
1901 2530 2100 2588 Ryckius
2163 2528 2164 2532 ¹

1214 2603 1236 2629 e
1271 2586 1374 2633 MS.
1411 2586 1519 2642 Agr.
1563 2586 1684 2629 dedit
1717 2588 2098 2640 Apamensibus.

1211 2642 1314 2686 MS.
1337 2643 1453 2686 Bud.
1485 2658 1516 2684 α
1543 2643 1886 2696 parmensibus.
1949 2643 2101 2690 Guelf.

1206 2700 1537 2755 parmensibus
1553 2715 1656 2742 cum
1679 2715 1832 2744 rasura
1853 2699 1956 2747 loeo
1977 2718 2103 2761 prae·

1209 2756 1461 2815 positionis.
1522 2756 1677 2801 Falsus
1699 2757 1836 2816 igitur
1859 2759 2020 2804 Kiessl.
2045 2761 2102 2805 de

1211 2814 1313 2858 cod.
1347 2811 1502 2857 Guelf.
1563 2813 1766 2858 Fuerunt
1798 2815 1949 2874 plures
1970 2818 2105 2873 Apa-

1211 2886 1345 2914 meae
1355 2889 1370 2923 ;
1405 2871 1478 2914 hic
1507 2873 1665 2916 urbem
1694 2871 1787 2916 Phr
1819 2875 1915 2928 aiae
1938 2875 2104 2919 intelli-

1212 2929 1403 2987 gendam
1425 2945 1520 2972 esse
1543 2930 1676 2974 docet
1697 2930 1796 2989 Ryc
1828 2931 1895 2975 ius
1913 2932 1968 2976 ad
1986 2932 2078 2984 hd,

1250 3000 1515 3067 'convulsim
1582 3000 1684 3045 MS.
1719 3000 1870 3047 Guelf.
1909 3005 2097 3046 convol-

1211 3071 1383 3159 SlSSAP.
1407 3114 1477 3159 59.
1519 3115 1818 3160 saevissima.
1878 3116 1966 3162 Ed.
1979 3117 2098 3177 Spir.

1210 3173 1475 3217 senissima.
1534 3172 1701 3216 Eadem
1721 3174 1996 3229 praevertit.

1257 3229 1526 3298 Statilium.
1608 3230 1710 3275 MS.
1753 3230 1902 3275 Guelf.
1954 3234 2100 3276 stati...

1209 3302 1525 3401 nlti'rgrquitio.
1583 3346 1659 3389 Sic
1685 3344 1787 3388 MS.
1821 3344 1946 3391 Flor.
1980 3345 2099 3404 (test.

1210 3403 1348 3458 Vici.)
1369 3402 1474 3446 edd.
1502 3403 1617 3462 Spir.
1644 3410 1686 3445 et
1717 3410 1903 3447 reeentt.
1938 3404 2044 3449 inde
2076 3421 2102 3449 a

1209 3460 1342 3519 Lipsii
1365 3459 1529 3557 pli-ima.
1592 3460 1847 3516 Tarquinio
1871 3461 1972 3506 edd.
1993 3461 2097 3505 Put.

1208 3518 1275 3561 M.
1301 3527 1341 3562 et
1410 3547 1422 3560 .
1456 3516 1664 3560 Beroald.
1697 3517 1797 3560 Ale.
1824 3517 1966 3563 Rhen.
1990 3519 2093 3563 ΑΜ.

1208 3591 1313 3620 cum
1343 3574 1445 3619 MS.
1478 3573 1645 3623 Guelf..
1719 3574 1826 3618 Mox
1871 3576 1937 3619 ed.
1973 3574 2097 3635 Spir.
