2164 3990
19 3072 21 3074 q
79 3022 176 3062 sqq.

149 286 152 289 1
192 258 245 294 A.
264 255 318 291 15.
338 254 425 290 808.

191 303 244 336 A.
262 299 310 335 C.
359 296 420 333 5³.

611 259 663 316 L
678 257 787 318 IB.
819 250 988 318 XIII.

1070 255 1262 319 cAP.
1299 259 1356 318 4.
1393 256 1451 320 5.
1837 240 1951 321 151

108 388 538 449 accusatoribus
580 399 657 444 ,et
713 387 836 442 -reis
890 407 1214 461 paucorum
1258 388 1528 464 potentia
1581 403 1953 462 grassaretur.

106 465 273 533 nihil
305 474 370 529 in
410 472 722 549 penatibus
759 472 878 527 suis
919 474 1124 529 venale
1163 485 1263 531 aut
1299 473 1613 529 ambitioni
1647 476 1951 549 pervium:

106 561 416 617 discretam
460 558 706 613 domum
749 568 807 612 et
846 577 970 611 rem
1014 559 1343 631 publicam.

1443 569 1669 614 teneret
1711 561 1950 636 antiqua

26 640 29 645 ¹
102 645 306 702 munia
333 655 592 699 senatus:
636 641 943 697 consulum
968 643 1364 699 tribunalibus
1395 641 1563 700 Italia
1598 654 1655 699 et
1685 645 1952 717 publicae

102 728 440 805 provinciae
473 726 836 785 adsisterent.

924 727 1016 781 illi
1054 740 1286 802 patrum
1321 728 1546 784 aditum
1578 730 1949 802 praeberent:
1998 746 2000 750 ’

68 883 71 885 1
105 834 164 871 se
187 812 480 890 man-datis
509 811 855 868 exercitibus
881 814 1304 872 consulturum.
1348 815 1353 818 ’

99 1021 115 1027 μ
191 1026 195 1033 A
269 958 353 1020 V..
385 958 508 1017 Nec
531 959 717 1015 defuit
738 959 908 1027 fides,
953 960 1254 1034 multaque
1277 958 1520 1018 arbitrio
1545 972 1780 1043 senatu-s
1807 983 1950 1019 con-

98 1037 297 1123 stituta
311 1055 468 1101 sunt:
494 1065 569 1100 ne
588 1045 718 1120 quis
733 1047 803 1100 ad
822 1064 1055 1100 causam
1069 1045 1351 1100 orandam
1372 1047 1637 1102 mer-cede
1652 1059 1753 1105 aut
1775 1048 1950 1104 donis

99 1141 413 1194 emeretur:
455 1149 530 1184 ne
567 1129 882 1202 designatis
920 1129 1326 1204 quaestoribus
1360 1130 1575 1186 edendi
1599 1132 1947 1205 gladiatores

98 1215 406 1273 necessitas
422 1225 586 1272 esset.
632 1212 810 1284 Quod
828 1213 1068 1288 quidem
1085 1214 1427 1275 adversante
1440 1210 1783 1291 Agrippina,
1814 1228 1947 1276 tan-

96 1321 271 1377 quam
298 1310 422 1356 acta
446 1295 682 1355 Claudii
705 1298 1211 1369 subverterentur,
1247 1299 1557 1355 obtinuere
1582 1314 1819 1375 patres²¹
1841 1303 1945 1378 qui

93 1386 158 1442 in
169 1383 464 1461 'palatium
490 1383 566 1439 ob
590 1383 653 1439 id
672 1383 1062 1452 vocabantur,
1099 1395 1166 1441 ut
1197 1385 1449 1442 adstaret
1480 1379 1698 1443 abditis
1721 1408 1754 1445 a
1778 1399 1940 1461 tergo

142 1531 153 1551 )

90 1631 374 1693 perspicienti
397 1630 568 1689 vulgata
591 1628 809 1688 scriptura
830 1630 979 1689 potior

92 1692 279 1735 videtur.
323 1690 431 1732 Una
450 1692 618 1730 domus
635 1688 879 1745 opponitur
895 1689 976 1731 toti

90 1747 251 1792 civitati
269 1769 281 1797 ,¹
317 1745 431 1803 apud
488 1762 590 1788 uaul
617 1746 764 1787 omnis
789 1760 882 1788 esse
905 1746 976 1788 de-

89 1807 164 1849 bet
190 1805 403 1862 potentia.
506 1804 580 1845 inc
601 1803 730 1844 etiam
755 1818 854 1844 mox
879 1819 976 1860 per-

89 1864 175 1921 git:
200 1862 456 1904 discretam
477 1864 672 1901 domum
695 1867 742 1901 et
762 1874 863 1900 rem
883 1875 975 1912 pu-

88 1922 256 1963 blicam
282 1925 365 1961 etc.
424 1917 442 1959 1
476 1917 564 1959 itur
586 1917 683 1958 ima
709 1915 869 1958 domus
901 1915 976 1960 hic

87 1976 196 2021 nihil
219 1973 391 2018 faciunt
412 1932 472 2016 ag
491 1988 610 2024 rem3
641 1969 696 2015 de
716 1987 813 2014 una
835 1972 975 2016 domo

87 2033 291 2077 omnium
321 2039 585 2088 potestatem
614 2028 697 2074 sibi
731 2030 974 2089 adrogaute

85 2106 235 2135 sermo
258 2098 335 2133 est.

138 2211 461 2259 grassaretur.
531 2202 616 2246 Ed.
647 2201 677 2244 S
712 2200 763 2244 ir.
793 2218 834 2245 c.
868 2200 970 2244 MS.

84 2261 240 2308 Guelf.
283 2267 593 2303 crassantur.
680 2217 852 2302 1{ssadem
899 2259 969 2301 ed.

82 2319 202 2377 Spir.
247 2318 409 2360 italiae
452 2334 535 2376 pro
573 2317 748 2368 Italia,
792 2317 972 2371 publice

82 2391 165 2435 pro
182 2377 407 2430 publicae.

139 2490 252 2534 (ΞΜ).
284 2488 324 2532 5.
380 2489 573 2530 arbitrio
604 2495 817 2530 senatus.
884 2486 967 2530 Ed.

82 2548 200 2608 Spir.
223 2554 418 2590 senatus
439 2546 648 2588 arbitrio.

134 2678 193 2705 ne
204 2661 460 2716 designatis
475 2660 810 2716 quaestoribus.
850 2657 966 2700 Vett.

0 2724 3 2727 ’
83 2720 185 2763 libri
216 2735 372 2762 omnes
409 2732 466 2760 ne
495 2718 748 2769 designatis
782 2717 966 2771 quidem

82 2776 399 2834 quaestoribus
425 2774 544 2828 (MS.
559 2773 708 2816 Guelf.
733 2775 966 2828 dessigna-

82 2836 178 2890 tis).
237 2832 324 2876 Sed
355 2833 440 2874 iam
469 2831 641 2890 pridem
664 2830 894 2874 Acidalius
921 2838 965 2871 et

80 2891 276 2935 Ursinus
303 2889 569 2936 ,delendum
629 2903 722 2930 esse
776 2889 965 2943 quidem

81 2955 378 2998 censuerunt;
431 2945 639 2988 delevere
672 2944 771 3003 Bip.
804 2944 964 2987 Oberl.

251 3003 482 3046 Ernestius
512 3002 565 3044 ad
601 3003 644 3045 h.
678 3002 707 3045 l.
733 3034 765 3054 -„
779 3003 811 3044 si
842 3011 906 3045 est
941 3017 964 3042 a

77 3062 258 3111 Tacito,
316 3061 488 3117 inquit,
552 3075 704 3102 sensus
758 3068 848 3110 est,
908 3074 963 3100 ne

77 3118 390 3179 quaestoribus
420 3117 612 3168 saltem‚>
634 3117 754 3173 quod
788 3124 962 3159 tantum

78 3176 294 3233 designati
355 3181 527 3221 essent,
595 3189 774 3217 necesse
837 3183 962 3224 essct,

77 3236 206 3279 edere
246 3230 569 3290 gladiatores.”
650 3230 780 3285 Quae
813 3240 958 3275 tamen

77 3290 385 3348 interpretatio
430 3289 532 3330 satis
562 3287 794 3330 claudicat.
865 3287 961 3329 Ma·

76 3349 236 3393 luerim
270 3349 449 3401 quidem
483 3343 639 3386 referri
684 3345 736 3387 ad
779 3360 958 3388 sensum

11 3409 13 3411 ’
75 3405 330 3462 scriptoris,
369 3411 417 3445 ut
444 3402 583 3451 dicat,
624 3417 680 3443 ne
710 3401 755 3443 in
789 3419 837 3444 ea
863 3401 957 3459 qui-

78 3464 180 3505 dem
219 3476 268 3504 re
301 3459 472 3502 Claudii
514 3467 606 3502 aeta
646 3460 856 3502 mansisse
890 3460 954 3501 in-

77 3527 205 3563 tacta.
279 3517 368 3560 Sed
406 3516 533 3559 facile
566 3516 710 3573 potuit
741 3533 791 3557 ea
824 3531 958 3562 rocu-

79 3577 120 3620 ta
165 3591 190 3618 e
245 3573 533 3631 sequentibus
593 3572 684 3617 hue
735 3574 956 3631 inrepere.

1049 1632 1148 1675 Alia
1171 1632 1284 1675 ratio
1308 1639 1372 1674 est
1396 1631 1484 1675 loci
1511 1631 1578 1680 15,
1600 1634 1668 1676 19.
1701 1648 1762 1675 ne
1791 1634 1938 1677 simu-

1049 1693 1151 1732 lata
1175 1692 1364 1744 adoptio
1393 1689 1441 1730 in
1474 1691 1573 1731 ulla
1598 1699 1735 1743 parte
1766 1707 1936 1734 mune·-

1048 1749 1117 1789 νίς
1133 1748 1307 1802 publici
1327 1749 1516 1794 iuvaret,
1549 1763 1602 1789 ac
1620 1763 1680 1790 ne
1701 1764 1937 1803 usurpan-

1048 1807 1119 1846 dis
1150 1806 1332 1861 quidem
1365 1805 1703 1846 hereditatibus
1737 1809 1934 1860 prodes—

1047 1868 1130 1904 set.
1190 1860 1487 1916 Kiesslingius
1518 1861 1719 1918 reposuit
1756 1864 1938 1917 quidem

1047 1927 1150 1962 ante
1192 1918 1527 1974 quaestoribus.
1614 1916 1828 1962 Ceterum
1868 1935 1935 1963 re-

1043 1975 1166 2034 spice
1190 1975 1245 2019 ad
1269 1977 1336 2024 11,
1357 1975 1400 2018 7.
1425 1981 1468 2017 et
1487 1974 1558 2018 22.

1109 2090 1277 2132 abditis
1327 2105 1358 2131 a
1410 2096 1539 2143 tergo
1584 2089 1781 2144 foribus
1834 2094 1935 2133 velo

1042 2148 1258 2190 discreta.
1318 2147 1396 2190 Sic
1427 2145 1529 2188 libri
1555 2155 1660 2190 vett.
1695 2148 1778 2190 nisi
1810 2150 1931 2204 quod

1043 2205 1145 2248 MS.
1178 2204 1292 2246 Bud.
1336 2221 1386 2246 ex
1419 2204 1588 2246 mendo
1634 2204 1722 2247 fert
1763 2206 1934 2248 additis

1043 2277 1126 2320 pro
1163 2263 1345 2304 obditis.
1424 2261 1461 2303 E
1491 2261 1541 2303 Li
1578 2261 1630 2304 sii
1660 2271 1809 2305 tamen
1841 2262 1931 2319 opi·

1043 2320 1179 2361 nione
1202 2319 1302 2376 Bip.
1326 2317 1487 2361 Oberl.
1520 2335 1542 2361 a
1563 2319 1681 2377 iique
1706 2320 1819 2362 male
1842 2319 1929 2362 edi·

1042 2377 1204 2419 derunt
1234 2375 1418 2418 obditis.
1500 2375 1678 2418 obdere
1709 2376 1848 2418 enim'
1865 2383 1928 2419 est

1042 2449 1290 2490 opponere.
1350 2433 1442 2475 Iam
1466 2448 1704 2490 possumus
1728 2433 1825 2476 vela
1851 2433 1940 2475 obt
1963 2476 1966 2480 ,

1039 2489 1144 2532 dere
1172 2489 1372 2537 foribus,
1424 2506 1570 2546 neque
1605 2506 1715 2534 vero
1752 2490 1928 2533 obditae

1038 2547 1158 2588 fores
1201 2547 1288 2589 dici
1320 2555 1530 2604 possunt,
1582 2546 1744 2604 quibus
1773 2547 1945 2590 velum:
1985 2552 1989 2555 ’

1041 2604 1243 2646 obditum
1279 2611 1357 2647 est.
1416 2603 1531 2647 Sunt
1560 2604 1708 2661 potius
1737 2602 1925 2646 abdit-ae

1037 2662 1083 2703 h.
1118 2677 1156 2703 e.
1191 2661 1459 2709 occultatae,
1508 2660 1682 2704 clausae
1717 2662 1812 2704 velo
1846 2661 1927 2703 ob-

1040 2719 1146 2760 dito.
1207 2718 1372 2760 Melius
1395 2718 1489 2760 sine
1513 2718 1649 2760 dubio
1677 2718 1869 2761 coniecit
1891 2718 1924 2766 l.

1038 2776 1112 2818 Fr.
1138 2774 1423 2818 Gronovius:
1461 2776 1613 2816 obdito
1645 2792 1676 2817 a
1699 2774 1922 2831 tergofo-

1036 2835 1162 2875 ribus
1203 2835 1299 2874 uelo
1340 2832 1563 2873 discreta.
1640 2831 1727 2875 Sed
1770 2849 1826 2874 ne
1875 2848 1924 2874 ea

1039 2890 1217 2945 quidem
1263 2889 1516 2932 immutatio
1558 2897 1623 2931 est
1658 2889 1921 2932 necessaria.

1036 2949 1145 3002 Agr.
1174 2946 1340 2989 adstitit
1360 2946 1569 3002 foribus,
1616 2962 1711 2988 non
1744 2946 1921 3004 apertis,

1036 3004 1113 3046 sed
1139 3005 1320 3045 abditis.
1383 3004 1477 3044 lam
1503 3010 1552 3045 ut
1585 3011 1781 3054 constet,
1812 3018 1920 3060 quo-

1038 3061 1174 3103 modo
1206 3061 1323 3102 sores
1356 3060 1454 3102 abdi
1505 3076 1528 3101 e
1560 3059 1648 3102 sint
1675 3060 1812 3102 intelli
1848 3075 1919 3102 en-

1036 3119 1140 3166 dae,
1168 3119 1369 3159 additur:
1400 3120 1472 3158 vel
1522 3118 1740 3158 discreta.
1851 3119 1920 3159 be·

1032 3177 1124 3217 rius
1154 3184 1310 3218 auctor
1338 3174 1535 3216 dixisset:
1567 3173 1750 3215 Adstitit
1772 3173 1829 3218 A.
1855 3174 1920 3216 so-

1034 3234 1178 3279 ribus,
1222 3247 1332 3288 quae
1366 3232 1534 3273 senatui
1572 3239 1697 3272 erant
1730 3247 1752 3272 a
1780 3241 1919 3286 tergO,

1033 3306 1176 3346 neque
1209 3297 1355 3330 tamen
1394 3297 1591 3344 apertae,
1627 3287 1700 3329 sed
1735 3289 1945 3339 abditaes

1034 3356 1080 3387 ut.
1118 3347 1175 3387 ita
1205 3346 1301 3387 velo
1324 3344 1399 3385 itta
1425 3345 1614 3386 discreta
1637 3353 1786 3388 staret.
1849 3344 1918 3387 Cf.

1030 3404 1147 3445 Ptin.
1175 3419 1273 3459 epp.
1297 3403 1339 3450 4,
1363 3403 1425 3444 19.
1449 3403 1646 3451 Eadem,
1666 3403 1709 3444 si
1729 3406 1918 3458 quando

1030 3462 1194 3509 recita,
1223 3463 1271 3500 ιή
1296 3461 1546 3513 proximo,
1578 3459 1789 3502 discreta<
1806 3465 1917 3507 velo,

1028 3521 1155 3559 sedec
1184 3525 1268 3561 ete,
1340 3516 1447 3559 Mox
1474 3516 1544 3560 ed.
1566 3516 1684 3575 Spir.
1713 3525 1761 3559 ut
1794 3519 1916 3573 quod

1033 3589 1194 3618 visum.
