2164 3990
183 227 412 265 Αιΰςειεὶ.

185 271 312 308 ,ικα-
332 271 427 306 ωψ
482 273 487 281 ·

566 227 760 289 LIB.
795 227 962 289 XIV.
1017 225 1211 291 CAP.
1253 229 1348 290 17.
1393 229 1487 289 18.
1833 238 1961 300 257

97 365 550 422 denearannos
604 357 900 415 eiusmodi
958 369 1127 415 coetu
1174 356 1523 433 Pompeiani
1580 362 1958 444 collegiaque,

100 469 248 526 quae
283 459 487 504 contra
520 446 678 519 leges
706 443 1115 517 instituerant,
1164 444 1477 501 dissoluta:
1516 443 1857 522 Livineius,
1901 467 1958 512 et

26 544 29 548 ’
93 533 206 612 qui
228 533 334 602 alii
357 530 710 601 seditionem
735 528 1141 599 conciverant,
1187 530 1389 595 exsilio
1414 530 1650 600 multati
1671 544 1831 596 sunt.

98 662 102 672 ,.
137 642 210 687 x3:2-
267 635 520 702 XVHI.⁴
541 639 746 699 Motus
780 650 982 697 senatu
1020 651 1075 697 et
1103 638 1324 697 Pedius
1346 635 1589 719 Blaesus
1627 650 1956 704 accusanti-

96 730 209 813 hus
232 722 672 806 Cyrenensibus
704 726 994 782 violatum
1031 727 1106 782 ab
1145 745 1211 782 eo
1250 722 1591 784 thesaurum
1616 726 1957 808 Aesculapii

96 810 504 890 delectumque
540 812 861 869 militarem
904 811 1094 886 pretio
1137 813 1552 870 etambitione
1592 828 1954 891 corruptum.

97 897 286 964 Iidem
315 933 317 935 ·
341 891 706 976 Cyrenenses
758 916 928 954 reum
981 897 1229 970 agebant
1283 892 1544 955 Acilium
1598 898 1955 959 Strabonem

93 983 388 1060 praetoria
410 994 693 1059 potestate
714 1002 888 1038 usum
914 993 969 1038 et
987 982 1232 1037 missum
1256 982 1703 1058 disceptatorem
1728 986 1954 1045 aClau-

78 1069 197 1126 'dio
227 1088 532 1142 agrorum,
562 1088 724 1145 ’quos
749 1068 902 1140 regis
926 1062 1180 1141 Apionis
1209 1070 1510 1142 quondam
1536 1070 1723 1127 avitos
1759 1085 1814 1129 et
1845 1091 1977 1149 poa

93 1155 237 1230 pulo
262 1152 540 1221 Romano
578 1174 714 1210 cum
749 1171 930 1225 regno
956 1152 1190 1208 relictos
1215 1153 1517 1225 proximus
1543 1156 1791 1232 quisque
1815 1179 1954 1233 pos-

95 1259 284 1318 sessor
306 1239 644 1296 invaserant
672 1238 1019 1323 diutinaque
1046 1236 1281 1293 licentia
1309 1249 1363 1293 et
1392 1238 1611 1296 iniuria
1637 1244 1804 1317 quasi
1826 1245 1954 1300 iure

96 1336 154 1381 et
174 1345 362 1400 aequo
388 1324 752 1382 nitebantur.
824 1320 1014 1395 Igitur
1035 1321 1386 1378 abiudicatis
1411 1326 1564 1397 agris
1589 1339 1716 1383 orta
1745 1329 1955 1385 adver-

80 1429 190 1465 ,sus
216 1409 476 1466 iudicem
501 1408 758 1464 invidia:
815 1418 871 1463 et
899 1407 1360 1481 senatus=ignota
1394 1409 1507 1465 sibi
1533 1431 1652 1467 esse
1676 1415 1956 1471 mandata

90 1491 330 1552 Claudii
353 1505 410 1552 et
431 1494 863 1552 consulendum
883 1493 1213 1568 principem
1237 1494 1558 1569 respondit.
1625 1494 1783 1554 Nero
1814 1520 1956 1574 pro-

92 1708 244 1753 Guelf.
261 1708 384 1754 Harl.
410 1707 542 1752 Bodl.
570 1709 651 1752 Ies.
673 1708 772 1753 edd.
792 1708 895 1753 Put.
912 1709 981 1753 M.

91 1775 137 1810 et·
155 1766 339 1812 V.rBer.
363 1767 464 1812 Alc.
487 1766 632 1809 Rhen.
656 1782 753 1824 sqq.

108 1824 381 1868 „eiusmodi
416 1831 551 1868 coetu
592 1823 644 1867 P.
733 1824 818 1869 Ed.
860 1825 981 1882 Spir-

91 1882 303 1930 eiusdem,
345 1881 627 1939 pompeiani
673 1891 788 1926 cetu.
877 1883 982 1927 MS.

91 1938 243 1984 Guelf.
267 1956 352 1998 pro
369 1940 605 1983 eiusmodi
625 1938 697 1981 dat
722 1941 835 1984 eius,

1056 1711 1158 1764 regi
1174 1710 1363 1764 Apz'oni.
1424 1709 1517 1753 Sed
1540 1711 1678 1755 malui
1701 1714 1853 1756 avitos
1872 1730 1954 1772 pro

1056 1768 1244 1811 habitos
1282 1784 1388 1812 cum
1420 1768 1622 1813 Heinsio.
1707 1769 1821 1812 Nam
1867 1774 1951 1815 ite·-

1054 1838 1159 1869 rum
1208 1825 1396 1882 legimus
1424 1828 1598 1868 ,avitos
1651 1842 1795 1880 agros
1846 1828 1954 1872 infr.

1056 1899 1096 1926 c.
1121 1883 1190 1924 22.
1232 1883 1288 1930 cf.
1313 1882 1473 1926 Senec.
1500 1899 1570 1940 ep.
1597 1884 1668 1926 88.
1693 1892 1735 1926 et
1758 1885 1955 1943 vulgaris

1054 1947 1121 1982 est
1158 1939 1319 1982 horum
1360 1940 1689 1983 vocabulorum
1732 1942 1954 1985 confusio.

143 1996 398 2041 Livinems.
455 1995 542 2039 Hic
570 1995 672 2039 MS.
703 1996 816 2041 Bud.
848 1997 981 2040 Livi-

87 2055 300 2108 dinetus;
331 2053 406 2100 sie,
419 2061 463 2096 et
487 2052 663 2105 Guelf.,
692 2070 788 2096 non
810 2053 985 2097 Livi'di-

86 2115 274 2166 notius,
316 2120 366 2155 ut
398 2110 472 2155 alii
511 2110 825 2168 prodiderunt.
879 2111 982 2159 ,Ce-

87 2170 170 2214 teri
191 2169 296 2215 libri
318 2176 369 2212 ut
392 2184 541 2228 supra.

94 2243 98 2248 ’
143 2229 453 2271 conciverant.
498 2224 574 2269 Sic
588 2225 854 2270 MS.Gue1f.
877 2228 982 2271 edd.

86 2286 191 2330 Put.
214 2301 312 2342 sqq.
338 2284 400 2340 (e.
421 2281 494 2327 sil.
519 2282 657 2339 Viet.)
686 2306 741 2316 —
775 2286 980 2327 concita—

85 2349 258 2387 verant
281 2341 350 2384 ed.
375 2341 495 2399 Spir.

145 2398 339 2443 multati
369 2404 496 2442 sunt.
564 2397 679 2441 Edd.
711 2404 818 2442 vett.
855 2400 980 2450 (cum

88 2455 391 2509 sileanviet.)
407 2463 450 2498 et
473 2453 572 2499 cod.
587 2454 738 2498 Guelf.
765 2456 986 2498 mulctati

86 2520 218 2559 suhtss
272 2513 362 2558 Sed
394 2511 453 2557 cf.
486 2521 586 2555 not.
618 2511 671 2555 ad
697 2515 736 2563 1,
755 2512 827 2555 77.
871 2512 916 2563 6,
939 2512 982 2556 9.

89 2574 158 2624 13,
170 2572 242 2615 28.
302 2568 406 2614 MS.
422 2570 539 2626 Agr.
565 2569 732 2613 omittit
751 2577 881 2612 sunt.

147 2628 262 2674 CAP.
325 2628 394 2671 18.
477 2627 642 2670 iidem..
681 2629 982 2684 Cyrenenses.

86 2688 171 2732 Ed.
212 2686 332 2746 Spir.
377 2687 503 2728 idem
543 2685 862 2742 Cyrenenses-,²
903 2700 983 2742 per

86 2744 461 2792 conluuionem.

144 2803 367 2846 Acilium.
437 2800 515 2844 Sic
548 2799 650 2843 MS.
685 2800 808 2843 Flor.
861 2803 982 2852 (test.

85 2861 237 2916 Vici.)
265 2868 308 2902 et
331 2857 441 2901 edd.
472 2857 589 2914 Spir.
622 2858 982 2913 recentioresque

85 2919 191 2962 inde
214 2934 237 2960 a
264 2914 577 2974 Lips.:prima.
632 2915 850 2957 Attilium
883 2914 982 2956 edd.

84 2974 284 3020 PnuM.
305 2982 348 3016 et
368 2973 423 3015 V.
450 2971 658 3014 Beroald.
696 2972 797 3016 Ale.
834 2971 980 3014 Rhen.

86 3032 195 3078 Ald.
236 3031 421 3074 atilium
453 3029 559 3072 MS.
595 3028 744 3072 Guelf.
813 3029 981 3072 Eadem

85 3090 215 3150 plane
257 3088 480 3131 librorum
526 3086 710 3129 varietas
753 3095 817 3130 est
863 3085 980 3143 apud

87 3150 275 3191 Sueton-
299 3145 383 3188 Iul.
409 3160 453 3188 e.
472 3144 541 3186 68.
559 3174 571 3192 ,
605 3144 779 3201 vulgari
806 3143 977 3188 littera—

87 3209 189 3253 rum
211 3220 234 3247 ο
253 3209 297 3246 et
319 3208 337 3244 t
362 3200 708 3260 permutatione.

75 3253 981 3373 112¹3⁶¹'52225232²0qu3ss

88 3387 192 3422 cum
215 3374 440 3418 molestias
463 3382 631 3415 crearet
650 3383 835 3430 propter
852 3371 979 3430 geni-

89 3431 379 3486 tivumrcgis
399 3431 624 3485 Apionis,
669 3430 871 3487 plerique
900 3446 981 3471 re-

87 3489 337 3534 centiorum
403 3487 629 3531 editorum
694 3486 982 3530 suadentibus

86 3545 266 3604 Lipsim
311 3543 489 3603 Ryclcio
527 3544 714 3600 aliisque
747 3552 981 3591 mutavere

166 3611 412 3662 Tacl'rus
439 3610 506 3660 Π.

1058 1994 1162 2039 Vid.
1189 2005 1281 2041 not.
1306 1997 1359 2039 ad
1386 1999 1451 2047 11,
1471 1997 1525 2039 35
1550 2006 1592 2040 et
1617 1997 1682 2049 13,
1701 1997 1772 2042 34.
1805 2009 1846 2042 et
1879 2000 1952 2041 in-

1057 2062 1261 2111 terprett.
1309 2054 1363 2096 ad
1403 2053 1552 2097 Valer.
1595 2055 1714 2098 Max.
1756 2057 1797 2109 6,
1830 2059 1870 2108 2,
1905 2056 1949 2100 3.

1059 2111 1214 2154 lustin.
1254 2113 1292 2162 1,
1324 2113 1361 2155 1.
1420 2111 1623 2154 Habito-s
1651 2113 1777 2156 nullo
1811 2115 1953 2156 modo

1054 2167 1163 2211 ferri
1186 2177 1355 2226 potest,
1393 2168 1477 2211 nisi
1503 2170 1619 2227 legas
1642 2173 1746 2223 regi
1762 2173 1949 2225 Αρίοηί.

1055 2226 1225 2268 Verum
1267 2242 1358 2268 non
1393 2227 1528 2268 credo
1565 2237 1654 2269 tam
1693 2229 1822 2271 facile
1858 2231 1962 2283 regi

1054 2283 1229 2335 Apioni
1245 2283 1441 2340 potuisse
1462 2283 1584 2326 abire
1604 2284 1651 2326 in
1675 2288 1797 2338 regis
1807 2287 1953 2339 Apio-

1053 2341 1127 2382 nis
1150 2357 1281 2399 quarn
1306 2342 1459 2382 avitos
1483 2340 1529 2382 in
1551 2343 1750 2383 habitos.
1819 2344 1955 2385 Aviti

1053 2405 1200 2440 autem
1229 2398 1347 2452 regis
1373 2398 1569 2451 Apionis
1597 2398 1710 2452 agri
1735 2415 1828 2441 non
1862 2400 1955 2442 mi-

1054 2470 1137 2497 nus
1172 2463 1294 2497 recte
1332 2454 1554 2496 dicuntur
1597 2470 1731 2511 quam
1773 2457 1953 2499 auitum

1051 2513 1396 2554 Arsacidarum
1437 2513 1605 2553 solium
1647 2511 1758 2555 Hist.
1802 2515 1841 2564 1,
1877 2514 1950 2558 40.

1052 2568 1169 2611 Nam
1207 2568 1255 2610 in
1293 2568 1448 2610 avitos
1472 2568 1583 2610 nihil
1621 2577 1683 2610 est
1716 2571 1837 2625 quod
1871 2572 1953 2614 da'-

1052 2626 1192 2669 tivum
1217 2623 1432 2682 requirat.
1495 2627 1693 2679 Apionis
1709 2627 1808 2670 MS.
1824 2628 1950 2672 Flor.

1054 2686 1173 2739 (test.
1213 2681 1351 2737 Vict.)
1397 2681 1499 2724 edd.
1539 2691 1732 2726 recentt.
1779 2685 1885 2728 inde
1928 2703 1951 2728 a

1051 2739 1170 2797 Lips.
1207 2740 1364 2798 prima.
1435 2741 1664 2794 Appianis
1703 2741 1811 2786 edd.
1847 2752 1951 2786 vett.

1054 2813 1093 2841 c.
1117 2799 1218 2840 cod.
1245 2795 1396 2839 Guelf.
1877 2837 1892 2851 ,

1112 2870 1215 2896 cum
1255 2868 1399 2907 regno
1438 2856 1637 2897 relictos.
1705 2854 1769 2898 Ex
1812 2864 1950 2900 testa-

1053 2919 1206 2954 mento
1255 2911 1387 2967 regis·
1464 2911 1520 2954 ef.
1561 2911 1753 2970 Eutrop.
1795 2914 1848 2965 6‚·
1876 2916 1948 2958 11.

1054 2970 1207 3011 lustin.
1229 2968 1299 3016 39,
1325 2967 1365 3009 5.
1427 2967 1618 3026 Appiam.
1643 2968 1696 3012 Β.
1721 2970 1834 3020 C.-1,
1851 2971 1948 3014 111.

1052 3025 1150 3069 Liv.
1178 3027 1280 3083 epit.
1306 3026 1374 3067 70.
1587 3056 1590 3059 «

1111 3085 1394 3126 invaserant.
1474 3081 1557 3125 Ed.
1600 3082 1718 3139 Spir.
1762 3100 1801 3127 c.
1847 3085 1949 3128 cod.

1053 3136 1209 3184 Guelf.
1233 3143 1486 3182 invaserat.
1546 3139 1712 3182 Eadem
1739 3141 1808 3183 ed.
1831 3142 1949 3198 Spir.

1052 3215 1155 3241 mox
1189 3213 1269 3254 pro
1306 3200 1636 3238 consulendum
1669 3198 1743 3239 dat
1775 3203 1944 3242 conswss

1054 3259 1148 3298 lem
1169 3258 1301 3296 dum.
1523 3289 1526 3291 Α
1822 3263 1824 3268 '
1914 3302 1915 3305 Ἴ

1110 3313 1233 3355 Nero
1270 3312 1486 3365 probata.
1570 3309 1646 3352 sie
1688 3309 1883 3354 Pichena
1923 3329 1946 3354 e

1054 3368 1248 3424 vestigiis
1274 3367 1374 3411 MS.
1400 3367 1525 3410 Flor.
1542 3400 1554 3419 ,
1586 3369 1632 3410 in
1655 3383 1746 3424 quo
1767 3368 1841 3412 ille
1871 3369 1944 3411 in-

1053 3426 1177 3472 venit
1213 3441 1272 3468 ne
1305 3427 1524 3478 probata.
1594 3426 1827 3469 consentit
1860 3426 1949 3468 Vi-

1052 3483 1236 3527 ctorius.
1314 3481 1534 3524 Pichenae
1584 3482 1943 3526 emendationem

1054 3541 1154 3583 dein
1183 3555 1338 3582 omnes
1364 3538 1503 3581 secuti
1531 3547 1654 3582 sunt.
1712 3540 1797 3583 Ed.
1822 3542 1944 3598 Spir.

1253 3600 1304 3655 R
