2164 3990
146 228 199 263 A.
212 226 267 262 U.
284 222 370 260 803.

148 274 197 307 A.
217 269 269 306 Cr
309 265 370 302 5⁶).

616 227 668 284 L
682 225 708 283 I
720 220 791 287 B.
825 223 964 285 XII.

1050 221 1245 286 CAP.
1288 225 1385 285 13.
1838 226 1931 284 771

63 383 165 419 rex
209 358 395 416 Izates
440 356 776 413 societatem
816 350 1183 411 Meherdatis
1236 344 1432 428 palam
1479 353 1781 426 ind-uerat,
1855 358 1922 414 in

68 446 382 505 Gotarzem
423 462 531 518 per
571 441 800 498 occulta
843 451 900 497 et
940 440 1126 513 magis
1177 438 1296 495 fida
1344 438 1689 506 inclinabat.

1801 440 1923 499 Sed

67 541 234 606 ‘capta
269 530 336 585 in
372 527 622 584 transitu
662 526 806 583 urbs
843 523 1063 594 Ninos,
1114 522 1508 582 vetustissima
1545 525 1712 580 sedes
1739 520 1923 604 Assy-

63 617 216 672 riae:
245 613 548 671 castellum
561 611 791 685 insigne
811 609 1167 686 fama,quod
1186 620 1481 686 postremo
1507 609 1662 679 inter
1672 607 1925 668 Darium

66 713 243 777 atque
250 696 654 756 Alexandrum
669 696 895 772 proelio
906 694 1220 752 Persarum
1235 695 1511 771 illieopes
1524 695 1923 758 conciderant.

68 785 298 842 Interea
333 781 616 840 Gotarzes
649 783 807 857 apud
844 792 1132 851 montem,
1200 781 1295 837 cui
1332 800 1553 837 nomen
1589 779 1925 852 Sanbulos,

67 882 203 927 vota
240 869 355 928 diis
393 868 511 925 loci
546 868 922 944 suscipiebat,
977 864 1291 943 praecipua
1339 866 1627 940 religione
1660 863 1927 937 Herculi,

125 1114 299 1158 Izates.
357 1114 420 1156 Ex
447 1110 761 1157 emendatione
782 1109 960 1154 Freins-

70 1171 202 1216 hemii
242 1181 285 1215 et
315 1171 364 1214 Li
399 1170 455 1214 sii
497 1170 746 1214 secundum
783 1168 962 1225 Ioseph.

68 1233 149 1280 20,
179 1230 229 1280 2,
261 1225 304 1272 8.
380 1237 502 1279 acta,
561 1242 696 1283 quam
749 1231 963 1282 recepere

69 1289 290 1344 Bernegg.
323 1301 424 1343 sqq.
484 1282 631 1336 MSS.
670 1281 794 1325 Flor.
841 1283 960 1335 (test.

70 1345 210 1400 Vici.)
225 1343 395 1386 Vaticc.
414 1341 522 1385 1863
536 1350 577 1384 et
591 1340 715 1383 1864.
726 1340 829 1383 edd.
841 1337 961 1396 Spir,

67 1402 187 1459 Lips.
208 1399 333 1443 Pieh.
356 1398 488 1443 Grut.
512 1399 727 1441 Iuliates.
751 1425 811 1433 --
858 1395 962 1439 MS.

71 1457 226 1502 Guelf.
245 1457 426 1501 Iliates.
450 1480 510 1490 —
559 1454 659 1498 MS.
680 1454 798 1497 Bud.
827 1453 875 1496 Y
868 1455 961 1495 lia-

71 1522 156 1560 tes.
188 1543 247 1551 -
293 1513 397 1558 MS.
415 1514 557 1558 Vatic.
584 1513 706 1556 1958.
730 1511 834 1554 edd.
858 1511 961 1555 Pui.

70 1574 140 1616 Μ’.
166 1580 208 1616 et
230 1572 285 1615 V.
315 1570 526 1615 Beroald.
553 1571 653 1614 Ale.
679 1569 822 1612 Rhen.
854 1568 959 1611 Ald.

69 1632 301 1688 Hyliates.
385 1627 476 1671 Sed
506 1627 626 1670 infra
665 1638 823 1670 omnes
857 1624 961 1668 libri

72 1689 266 1739 Ezates,
308 1701 421 1743 quae
459 1684 648 1727 sortasse
678 1699 787 1730 vera
815 1680 963 1725 Taciti

75 1753 140 1788 est
162 1743 397 1803 scriptura.

132 1813 404 1856 Gotarzem.
476 1810 558 1854 Ed.
593 1809 711 1870 Spir.
753 1810 962 1853 Gomar-

75 1886 182 1971 ἢεῖ..
239 1869 341 1915 MS.
363 1867 516 1914 Guelf.
535 1865 785 1924 gothart-3.
823 1862 899 1911 hie
920 1875 965 1910 et

78 1945 134 1973 ai
170 1944 199 1971 1.

129 2012 218 2054 per
250 1999 429 2041 occulta
456 2004 502 2039 ec
529 1998 685 2050 magis
699 1997 825 2053 fida.
887 1994 967 2039 Sic

74 2057 177 2102 edd.
205 2054 322 2113 Spir.
348 2054 492 2098 Rhen.
521 2054 563 2109 (e
583 2053 686 2097 MS.
704 2052 841 2110 Bud.)
865 2069 966 2111 sqq.

73 2137 134 2149 -
166 2127 251 2169 per
290 2115 519 2155 occultam
556 2119 603 2154 et
634 2113 786 2166 magis
807 2113 967 2169 fidam

74 2177 169 2230 (sc.
205 2170 490 2225 societatem)
528 2168 632 2213 MS.
668 2168 820 2213 Guelf.
864 2169 967 2212 edd.

74 2231 179 2274 Put.
201 2227 271 2271 M.
293 2235 334 2271 et
347 2227 402 2271 V.
435 2226 643 2270 Beroald.
666 2228 726 2284 (e.
742 2226 813 2270 sil.
827 2226 966 2282 Vict.)

74 2287 177 2332 Alc.
203 2284 356 2329 nescio
381 2300 438 2327 an
458 2284 642 2328 rectius.

132 2345 246 2387 urbs
283 2343 447 2386 Ninos.
508 2340 610 2385 MS.
647 2340 803 2386 Guelf.
837 2343 967 2386 urbis

74 2415 224 2446 nanos.

132 2456 455 2501 vetustissima
514 2460 652 2499 sedes
711 2457 967 2513 Assyriae.-

74 2516 320 2561 castellum
353 2514 535 2568 insigne
552 2513 702 2569 sama
733 2521 818 2557 etc.
892 2512 969 2557 Sic

73 2571 210 2618 MSS.
239 2579 282 2615 et
305 2578 410 2614 vett.
436 2571 536 2613 edd.
555 2579 730 2628 praeter
744 2570 968 2629 MS.Agr.

75 2632 153 2690 qui
191 2629 347 2672 habet:
399 2629 645 2684 Assyriae,
696 2635 742 2671 et
775 2630 967 2678 Arbela,

75 2689 322 2734 castellum
344 2685 525 2728 illustre
535 2686 686 2741 fama
707 2693 793 2729 etc.
854 2686 966 2729 Eam

77 2745 344 2803 scripturam
382 2742 524 2798 (salvo
555 2750 704 2786 tamen
740 2743 967 2789 vocabulo

76 2802 275 2858 insigne)
309 2816 334 2843 a
361 2799 536 2855 Ryckio
570 2809 796 2859 receptam
832 2800 967 2843 hodie

77 2861 216 2919 vulgo
264 2856 421 2901 edunt.
503 2856 592 2900 Sed
635 2858 803 2902 codicis
845 2857 968 2901 illius

80 2915 321 2963 auctoritas
359 2914 409 2957 in
448 2913 531 2958 hac
573 2930 625 2958 re
668 2915 859 2958 minima
901 2923 969 2958 est

76 2973 260 3034 reliquis
282 2971 641 3016 dissentientibus
670 2973 893 3024 omnibus,
925 2980 969 3015 et

79 3033 213 3076 verba
231 3029 379 3073 addita
399 3028 462 3071 ihi
482 3028 602 3072 haud
623 3030 802 3073 dubiam
816 3045 967 3072 emen-

79 3087 272 3134 dationis
305 3087 496 3145 speciem
530 3087 808 3144 praeferunt.
878 3087 967 3130 Ac·

77 3146 218 3196 cedit,
277 3143 401 3201 quod
433 3143 601 3187 Arbela
640 3144 814 3187 nemini
856 3144 967 3187 anti·

79 3218 274 3262 quorum
309 3200 579 3255 scriptorum
612 3202 779 3245 dicitur
813 3201 970 3246 castel·

78 3262 196 3311 lum,
257 3259 334 3302 sed
366 3253 512 3306 πόλις.
598 3259 656 3301 cf.
700 3258 881 3302 Arrian.
924 3258 968 3308 6,

78 3333 124 3377 p.
162 3316 261 3360 899.
344 3315 478 3372 Apud
524 3314 792 3359 Strabonem
844 3315 968 3358 audit

82 3378 285 3418 κατοικία
306 3371 559 3428 ἀξιόλογος.
622 3372 841 3416 Arrianus
862 3389 966 3416 vero

36 3439 38 3442 '
82 3431 112 3475 l.
143 3433 174 3475 l.
215 3432 375 3475 diserte
416 3430 575 3481 refert,
633 3445 829 3487 pugnam
873 3446 967 3473 esse

81 3489 240 3533 factam
285 3488 402 3544 apud
455 3486 726 3544 Gaugamela
778 3484 967 3545 (κώμην

82 3544 165 3589 οὐκ
197 3543 459 3605 μεγάλην),
503 3543 673 3588 Arbela
703 3552 878 3594 autem,
918 3554 967 3588 ut

1033 1109 1258 1154 civitatem
1294 1109 1517 1168 potiorem
1557 1110 1678 1155 illius
1718 1111 1928 1170 regionis,

1033 1166 1225 1224 gloriam
1254 1182 1430 1225 pugnae
1465 1168 1711 1214 abstulisse.
1785 1168 1804 1213 I
1837 1171 1929 1214 itur

1033 1224 1070 1267 si
1101 1223 1212 1286 quid
1240 1223 1619 1283 interponendum
1644 1186 1928 1284 eratffiffiebe-

1033 1282 1110 1327 bat
1149 1282 1314 1325 scribit
1356 1291 1401 1324 ec
1433 1283 1755 1338 Gaugamela.
1835 1284 1930 1329 Sed

1034 1339 1236 1383 contenti
1270 1339 1410 1382 simus
1435 1341 1646 1398 antiquae
1677 1337 1929 1400 scripturae

1036 1396 1213 1446 verbis,
1251 1411 1347 1438 non
1372 1405 1422 1439 ut
1443 1398 1550 1440 urbs
1572 1399 1716 1443 Ninos
1741 1399 1756 1442 i
1790 1417 1838 1443 sa
1863 1400 1928 1444 di·

1036 1462 1164 1497 catur
1214 1456 1485 1506 castellum,
1534 1455 1611 1499 sed
1649 1456 1760 1501 intel
1782 1457 1929 1525 igatur

1034 1513 1281 1554 castellum
1322 1511 1414 1554 eius
1446 1511 1573 1556 urbis
1606 1512 1679 1560 vel
1711 1514 1928 1573 regionis.

1032 1568 1150 1611 Nam
1193 1567 1426 1612 castellum
1465 1569 1580 1613 illud
1620 1571 1810 1615 nomine
1844 1587 1930 1616 suo

1035 1624 1334 1683 Gaugamela,
1387 1625 1485 1671 sive
1527 1627 1587 1671 ita
1621 1630 1771 1672 audiat
1801 1629 1931 1676 vicus

1034 1697 1178 1741 prope
1212 1682 1447 1726 castellum
1490 1686 1626 1738 situs,
1678 1687 1726 1730 in
1756 1677 1933 1731 ea-fuit

1034 1741 1159 1783 urbis
1181 1739 1287 1783 Nini
1320 1738 1572 1790 vicinitate,
1602 1750 1652 1786 ut
1688 1744 1933 1788 commode

1035 1806 1186 1897 posset
1214 1797 1359 1855 accipi
1394 1813 1480 1856 pro
1515 1799 1697 1843 castello
1719 1800 1836 1844 illius
1857 1817 1932 1844 ur-

1067 1854 1120 1897 is.
1178 1853 1432 1899 Converte:
1458 1856 1588 1898 Aber
1609 1871 1661 1899 es
1680 1861 1845 1901 warde
1865 1860 1934 1902 im

1035 1911 1310 1966 Durchzuge
1330 1912 1406 1953 die
1416 1913 1560 1957 Stadt
1570 1915 1716 1959 Ninos
1733 1930 1930 1969 genom-

1036 1984 1169 2022 men,
1205 1972 1291 2011 der
1320 1971 1491 2012 c'z'lteste
1514 1969 1618 2014 Sitz
1648 1973 1932 2029 Assyriens:

1037 2030 1128 2070 das
1148 2027 1327 2071 Castell
1343 2028 1570 2071 beric'hmt
1587 2033 1804 2075 dadan-72
1823 2031 1935 2090 dass

1039 2092 1122 2128 etc.

1094 2169 1365 2213 Sambulos.
1424 2167 1503 2213 Sic
1515 2168 1619 2215 MS.
1636 2169 1793 2216 Guelf.
1829 2174 1934 2220 edd.

1037 2227 1157 2286 Spir.
1174 2226 1277 2271 Put.
1294 2242 1394 2285 sqq.
1420 2228 1478 2282 (c.
1498 2226 1648 2285 silent.
1664 2230 1814 2288 Vict.).
1871 2233 1935 2277 At

1037 2286 1128 2342 lac.
1155 2283 1359 2328 Gronov.
1383 2293 1568 2329 testatur
1597 2285 1646 2330 in
1677 2285 1780 2331 MS.
1804 2288 1842 2332 F
1845 2288 1932 2336 lor.

1039 2359 1133 2386 esse
1156 2341 1408 2385 Sanbulos.

1096 2426 1205 2469 diis.
1273 2425 1374 2470 MS.
1396 2427 1433 2470 F
1434 2427 1520 2471 lor.
1551 2428 1667 2483 (test.
1691 2427 1834 2486 Viet.)
1863 2431 1936 2474 dis

1039 2499 1122 2542 per
1147 2485 1521 2536 contractionem,
1545 2493 1596 2528 ut
1618 2499 1766 2544 saepe.

1091 2569 1345 2621 praecipua
1366 2569 1590 2623 religione
1603 2569 1812 2616 Herculi.
1857 2570 1935 2618 Sic

1038 2622 1174 2667 MSS.
1206 2624 1330 2668 Flor.
1371 2627 1495 2680 (test.
1532 2628 1622 2670 lae.
1661 2626 1934 2686 Gronovio)

1041 2680 1191 2725 oxon.
1224 2683 1350 2737 (test.
1383 2682 1510 2739 eod.)
1546 2683 1662 2728 Bud.
1699 2684 1854 2731 Guelf.
1890 2695 1935 2731 et

1038 2739 1156 2798 apud
1201 2739 1458 2783 Broterium
1500 2739 1626 2786 Harl.
1667 2742 1801 2787 Bodl.
1846 2745 1932 2789 Ies.

1039 2798 1139 2840 edd.
1172 2796 1275 2841 Put.
1296 2796 1363 2850 M.
1388 2805 1432 2839 et
1460 2798 1514 2840 V.
1555 2798 1732 2844 Broter.
1769 2800 1933 2846 Oberl.

1039 2871 1137 2912 sqq.
1212 2854 1283 2898 De
1312 2853 1411 2897 MS.
1442 2853 1565 2898 Flor.
1598 2863 1746 2901 tamen
1779 2860 1933 2903 Victo-

1038 2913 1132 2956 rius
1153 2920 1268 2956 tacet
1291 2911 1507 2955 intactum
1546 2923 1600 2956 ue
1622 2915 1728 2959 sinit
1744 2916 1932 2960 Hercu-

1037 2972 1123 3018 lis,
1189 2969 1278 3012 uod
1302 2977 1366 3012 est
1387 2969 1434 3011 in
1456 2969 1511 3012 ed
1547 3002 1557 3013 .
1581 2971 1700 3029 Spir.
1722 2973 1933 3018 Beroald.

1039 3029 1144 3072 Alo.
1195 3026 1322 3070 then.
1360 3042 1458 3084 sqq.
1528 3027 1697 3071 Parum
1728 3031 1947 3080 interest„

1039 3085 1156 3128 Nam
1181 3084 1438 3139 praecipua
1467 3086 1693 3138 religione
1722 3095 1828 3131 sunt
1855 3089 1930 3133 ab·

1039 3141 1165 3188 lativi
1187 3140 1402 3192 absoluti,
1432 3140 1664 3186 intellecto
1691 3143 1852 3203 partici
1886 3140 1932 3190 io

1038 3200 1169 3245 verbi
1209 3197 1500 3247 substantivi,
1552 3207 1602 3242 ut
1631 3199 1745 3246 Hist.
1782 3201 1826 3251 4,
1854 3161 1929 3248 EO.

1038 3260 1227 3301 diversa
1243 3255 1389 3311 fama
1418 3256 1680 3302 Demetrio.
1742 3257 1929 3305 Senten-

1040 3315 1126 3359 tia:
1157 3322 1257 3356 vota
1277 3312 1360 3355 diis
1383 3313 1471 3357 loci
1491 3313 1781 3372 suscipiebat,
1808 3316 1932 3362 inter

1040 3387 1153 3430 quos
1175 3369 1416 3428 praecipua
1438 3371 1518 3414 reli
1552 3371 1595 3415 io
1619 3381 1711 3416 erat
1730 3373 1931 3420 Herculi.

1037 3428 1268 3472 Ernestius
1303 3442 1456 3471 casum
1529 3430 1677 3472 erculi
1705 3431 1822 3475 male
1859 3449 1928 3475 re·

1038 3487 1126 3529 fert
1146 3484 1201 3527 ad
1222 3490 1334 3526 vota
1363 3487 1651 3542 suscipiebat.
1711 3488 1793 3534 Ed.
1811 3488 1929 3549 Spir.

1034 3543 1298 3597 praecipue.
