2164 3990
0 2420 8 2430 ”
83 2409 251 2451 Eadem
286 2422 410 2449 moxt
465 2408 581 2450 Cum
615 2407 738 2447 enim
775 2420 856 2463 pro
889 2417 975 2446 cur

167 253 216 287 A.
236 251 289 287 U.
309 249 392 283 812.

166 297 217 329 A.
238 294 284 330 C.
333 294 393 326 59.

616 248 789 309 LIB.
812 247 980 308 XIII.
1059 246 1252 310 CAP.
1285 247 1386 308 43.
1801 246 1928 314 205

77 387 527 445 circumventos:
571 380 691 437 iam
711 377 974 454 equitum
986 374 1398 436 Romanorum
1421 377 1654 451 agmina
1683 379 1930 436 damna-

76 484 134 530 ta
157 486 509 543 omnemque
532 463 771 522 Claudii
809 463 1108 519 saevitiam
1133 462 1323 543 Suilio
1351 463 1740 522 obiectabant.
1819 463 1930 520 Ille

76 552 230 612 nihil
258 574 326 609 ex
349 549 441 607 his
466 561 670 626 sponte
698 559 1055 622 susceptum,
1100 550 1195 603 sed
1233 547 1492 623 principi
1521 548 1784 622 paruisse
1823 550 1931 605 de-

74 639 380 706 fendebat,
437 638 624 692 donec
657 654 786 690 eam
819 633 1144 690 orationem
1173 631 1386 690 Caesar
1426 629 1719 702 cohibuit,
1766 652 1931 689 com-

52 736 310 801 pertum
346 722 460 778 sibi
493 722 750 777 referens
787 739 855 774 ex
886 719 1321 775 commentariis
1356 718 1536 792 patris
1573 718 1666 774 sui
1699 718 1930 775 nullam

79 810 424 884 cuiusquam
478 806 907 863 accusationem
955 804 1029 859 ab
1075 823 1142 858 eo
1190 815 1467 863 coactam.
1577 802 1739 860 Tum
1772 804 1930 860 iussa

76 893 454 952 Messallinae
495 890 803 967 praetendi
837 888 1113 954 etaelabare
1141 889 1422 948 defensio,
1508 909 1614 945 cur
1637 888 1796 944 enim
1823 908 1932 944 ne-

77 980 299 1036 minem
337 978 520 1034 alium
561 974 879 1044 delectum,
935 973 1039 1049 qui
1073 973 1382 1042 saevienti,
1423 973 1783 1049 impudicae,
1823 995 1934 1030 vo·-

81 1086 206 1121 cem
239 1062 583 1139 praeberet?
654 1060 988 1136 puniendos
1031 1078 1234 1114 rerum
1280 1059 1566 1116 atrocium
1608 1059 1934 1131 ministrOS,

81 1150 189 1206 ubi
241 1149 428 1224 pretia
478 1147 761 1203 scelerum
786 1143 1001 1217 adepti
1052 1143 1267 1199 scelera
1309 1144 1435 1218 ipsa
1479 1144 1610 1200 aliis
1647 1145 1934 1219 delegent.
1988 1215 1996 1224 ,ἢ

80 1233 269 1307 Igitur
297 1235 564 1306 adempta
603 1232 899 1286 bonorum
941 1239 1105 1302 parte
1142 1224 1308 1305 (nam
1345 1229 1467 1285 filio
1508 1241 1563 1286 et
1597 1231 1761 1306 nepti
1797 1249 1935 1306 pars

81 1318 538 1386 concedebatur,
603 1315 1126 1390 eximebanturque
1176 1313 1352 1369 etiam
1399 1334 1546 1390 quae
1582 1325 1930 1373 testamento

77 1403 280 1459 matris
307 1413 408 1463 aut
433 1401 594 1458 aviae
623 1396 989 1476 acceperant)
1028 1399 1094 1454 in
1129 1398 1351 1454 insulas
1374 1397 1646 1456 Baleares
1677 1400 1939 1476 pellitur,

80 1509 205 1544 non
228 1489 292 1543 in
327 1488 453 1562 ipso
489 1486 857 1554 discrimine,
909 1503 1034 1540 non
1069 1495 1202 1559 post
1237 1484 1675 1542 damnationem
1717 1486 1937 1543 fractus

82 1573 306 1630 animo:
350 1573 763 1647 ferebaturque
791 1570 1025 1645 copiosa
1050 1581 1105 1626 et
1127 1569 1296 1625 molli
1317 1570 1438 1626 vita
1463 1582 1763 1647 secretum,
1783 1571 1948 1628 illud·

81 1657 437 1717 toleravisse.
525 1655 745 1713 Filium
776 1656 899 1710 eius
924 1653 1281 1711 Nerulinum
1313 1656 1599 1728 adgressis
1637 1662 1937 1714 accusato-

83 1744 247 1799 ribus
270 1762 374 1817 per
399 1741 686 1797 invidiam
710 1741 890 1815 patris
917 1751 972 1796 et
999 1739 1244 1795 crimina
1269 1742 1729 1814 repetundarum
1751 1741 1938 1800 inter-

86 1828 256 1886 cessit
280 1827 554 1902 princeps
579 1837 861 1902 tanquam
889 1824 1026 1881 satis
1049 1825 1275 1900 expleta
1301 1825 1548 1886 ultione.

137 2093 431 2151 defendebat.
489 2091 545 2137 H.
568 2110 606 2136 e.
633 2093 679 2136 in
709 2090 972 2135 defensione

84 2153 271 2196 dicebat.
330 2151 387 2196 cf.
422 2159 517 2194 not.
552 2150 608 2194 ad
645 2153 680 2200 1,
707 2149 775 2192 39.
807 2151 889 2192 sub
925 2165 971 2194 v.

82 2211 345 2278 increpans.
422 2207 513 2251 Pro
539 2223 602 2251 ex
625 2208 702 2251 his
729 2206 828 2251 MS.
853 2206 969 2250 Bud.

83 2283 147 2310 ex
170 2281 240 2310 ns.

1100 2091 1271 2134 matris
1317 2098 1404 2134 aut
1453 2092 1591 2136 aviae
1641 2103 1935 2149 acceperant.

1041 2148 1126 2192 Ed.
1148 2148 1267 2206 Spir.
1283 2150 1441 2203 patris·
1471 2157 1516 2192 et
1546 2150 1628 2193 αυί
1644 2159 1937 2207 acceperant.

1043 2207 1098 2250 In
1150 2206 1233 2248 avi
1280 2207 1573 2250 consentiunt
1625 2208 1762 2252 MSS.
1786 2208 1789 2212 ’
1814 2209 1934 2255 Bud.

1045 2261 1197 2306 Guelf.
1222 2261 1385 2321 aliique
1411 2264 1605 2316 codices,
1635 2266 1958 2314 edd.Put.M.>

1045 2329 1088 2364 et
1107 2320 1166 2364 V.
1191 2320 1399 2364 Beroald.
1428 2321 1485 2375 (c.
1511 2322 1660 2366 silent.
1674 2323 1811 2380 Vict.)
1832 2325 1936 2370 Alc.

1044 2377 1187 2421 Rhea.
1217 2393 1315 2434 sqq.
1378 2378 1465 2421 Iac.
1492 2378 1757 2434 Gronovius
1781 2391 1934 2426 tamen

1044 2442 1231 2478 testatur
1265 2435 1312 2477 in
1346 2435 1447 2478 MS.
1482 2435 1607 2480 Flor.
1652 2453 1746 2481 esse
1783 2441 1937 2492 auiae,

1046 2491 1168 2550 quod
1202 2507 1413 2549 recepere
1440 2493 1693 2544 Broterius,
1725 2494 1935 2542 oberlin.

1044 2565 1143 2606 sqq.
1185 2546 1518 2593 Freinshemius
1535 2552 1788 2596 coniecerat
1803 2555 1940 2598 aviae

1043 2613 1284 2661 ceperant,
1339 2607 1462 2664 quod
1506 2607 1645 2653 edidit
1686 2609 1936 2656 Lalleman-
1976 2661 1978 2664 ἵ

136 2350 400 2405 praetendi.
471 2347 556 2392 Ed.
593 2347 711 2406 Spir.
739 2346 970 2402 protendi.

85 2467 226 2510 enim.
288 2464 339 2506 ln
366 2466 596 2518 protendi
623 2462 755 2505 etiam
786 2477 973 2505 consen·

0 2503 5 2583 g
84 2524 138 2567 tit
158 2521 243 2566 Ms
281 2521 401 2564 Bud.

4 2603 7 2614 Ἰ,
141 2604 390 2665 άεῖεείυῆι.
450 2619 526 2663 Sic
548 2618 684 2663 MSS.
709 2617 834 2662 Flor.
855 2618 973 2673 (test.

86 2679 204 2724 Vict.
238 2696 277 2722 c.
308 2679 384 2734 al.)
419 2676 533 2735 Agr.
558 2676 668 2734 Reg.
695 2675 832 2719 Corb.
866 2675 972 2719 edd.

83 2735 201 2795 spir.
237 2734 377 2795 Ryck.
422 2734 507 2778 lac.
540 2733 742 2777 Gronov.
785 2749 975 2834 &3qu

0 2788 5 2844 ‡
87 2798 284 2838 electum
309 2790 441 2835 MSS.
463 2791 593 2835 Bodl.
617 2791 730 2834 Bud.
757 2792 807 2834 ed

87 2851 155 2896 M.
179 2859 223 2896 et
250 2851 305 2894 V.
337 2849 541 2892 Beroald.
573 2847 672 2892 Alc.
699 2847 842 2892 Rhen.
877 2863 975 2905 sqq.

2 2947 4 2950 ,
87 2923 228 2966 usque
248 2907 300 2950 ad
326 2905 661 2949 l-Gronovium
680 2915 721 2948 et
736 2905 974 2963 Ryckium.

88 2988 145 2999 —
173 2964 274 3008 MS.
295 2963 445 3006 Guelf.
477 2964 712 3005 neminem
741 2965 976 3014 allectum,

14 3066 20 3086 ,
89 3023 254 3066 omisso
270 3018 444 3063 aliam:
467 3021 586 3064 unde
607 3020 824 3063 varietatis
843 3019 973 3076 origo

88 3080 190 3124 satis
218 3077 500 3136 intelligitur.

141 3161 308 3217 pretia.
367 3160 488 3203 Haec
515 3169 580 3204 est
611 3161 831 3216 scriptura
854 3159 976 3203 Msti

78 3218 211 3272 ‘Flon
243 3225 342 3261 test.
370 3216 590 3262 Victorio.
682 3218 758 3260 Sic
797 3226 838 3258 et
871 3218 973 3260 edd.

90 3275 194 3318 Put.
221 3275 288 3321 M.
316 3284 358 3318 et
383 3274 436 3317 V.
459 3275 576 3332 Lips.
600 3291 696 3332 sqq.
780 3275 839 3317 At
861 3290 972 3329 pre·-

91 3334 161 3374 οἱα
181 3333 280 3375 MS.
304 3331 452 3375 Guelf.
487 3332 587 3375 edd.
620 3331 736 3388 Spir.
768 3331 973 3375 Beroald.

93 3388 191 3432 Ale.
225 3388 365 3432 Rhen.
397 3388 523 3438 Ald„
575 3389 696 3446 quod
727 3388 863 3431 semel
901 3390 973 3431 ad·

93 3452 266 3487 notasse
317 3445 504 3498 sufficit,
565 3461 815 3502 quanquam
870 3445 971 3488 libri

92 3510 191 3544 vett.
222 3502 264 3543 in
296 3502 453 3546 talibus
480 3504 614 3548 rebus
639 3503 722 3547 sibi
745 3518 840 3546 non
864 3519 971 3546 con·

93 3566 219 3602 stant.

1049 2664 1147 2707 dus.

1102 2776 1349 2820 Baleares.
1406 2776 1493 2822 Ed.
1515 2777 1636 2837 Spir,
1657 2781 1908 2829 balle-ares.

1102 2906 1197 2933 non
1217 2891 1265 2933 in
1283 2892 1384 2943 ipso
1403 2892 1683 2938 discrimine.
1742 2895 1818 2938 Sic
1831 2895 1936 2942 MS.

1048 2947 1199 2992 Guetf.
1233 2949 1331 2992 edd.
1354 2948 1560 2992 Beroald.
1598 2951 1720 3006 (cum
1756 2953 1934 2998 silentio

1047 3007 1186 3061 Vict.)
1221 3005 1424 3049 Rhenan.
1453 3021 1550 3063 sqq.
1581 3031 1640 3040 -—
1697 3022 1796 3051 non
1833 3011 1935 3065 ι’ρεο

1046 3064 1311 3107 discrimine
1331 3063 1429 3106 edd.
1455 3063 1570 3120 Spir.
1593 3065 1695 3109 Put.
1719 3065 1785 3115 M,
1811 3075 1854 3112 et
1876 3066 1934 3112 V.

1046 3121 1151 3165 Alc.
1223 3119 1310 3163 Sed
1340 3120 1393 3163 de
1426 3128 1632 3178 tempore
1662 3122 1933 3169 discriminis

1045 3178 1120 3245 hic
1141 3194 1288 3221 sermo
1316 3186 1405 3226 est,
1437 3194 1530 3221 non
1556 3179 1611 3223 de
1633 3178 1680 3227 vi
1712 3178 1933 3226 discrimi-

1046 3251 1130 3278 nis.

1103 3336 1400 3377 Nerulinum.
1458 3334 1591 3379 MSS.
1609 3336 1778 3383 Vaticc.
1806 3339 1931 3385 1863.

1045 3400 1086 3433 et
1112 3392 1233 3433 1864.
1256 3392 1334 3434 les.
1354 3391 1490 3435 Corb.
1509 3393 1617 3450 Agr.
1635 3395 1930 3443 Verulinum.

1044 3448 1179 3491 MSS.
1207 3448 1325 3491 Flor.
1364 3450 1503 3492 Vatic.
1532 3452 1656 3495 1958.
1688 3453 1788 3495 edd.
1824 3465 1931 3499 vett.

1045 3515 1086 3548 et
1113 3505 1177 3547 uti
1207 3505 1380 3547 videtur
1402 3507 1556 3556 MSS„
1593 3509 1646 3552 de
1682 3509 1846 3567 quihus
1868 3520 1929 3556 ta-

1044 3570 1170 3611 cent,
1202 3571 1382 3606 tuentur
1402 3562 1622 3623 vulgatam
1642 3566 1929 3626 scripturam.
