2164 3990
160 265 383 349 ἵξῃ
455 319 457 321 ,
525 259 1042 327 ANNA‘LIUM
1114 265 1466 329 121ss.le
1831 268 1919 343 63,

232 395 301 441 52.
341 392 504 437 Furius
533 391 860 439 Scribonianus
893 389 1130 449 relegatus.
1188 390 1234 435 S.
1265 390 1317 435 C.
1349 391 1405 434 de
1439 390 1779 436 mathematicis.
1838 393 1910 443 53.

67 457 114 500 S.
139 453 188 500 C.
213 451 510 497 Claudianum
538 450 592 493 de
614 448 816 501 feminis,
848 465 962 505 quae
983 449 1124 494 servis
1146 450 1548 506 coniungerentur.
1610 449 1826 493 Adulatio
1862 450 1911 494 in

65 512 327 556 Pallantem.
385 507 456 553 54.
489 507 609 552 Felix
631 515 674 549 et
698 507 932 550 Ventidius
953 507 1135 550 turbant
1154 505 1377 550 Iudaeam.
1437 505 1696 562 Quadratus
1717 507 1911 566 quietem

65 568 226 616 reddit.
285 566 355 618 55.
386 565 544 608 Motus
567 565 612 606 in
638 563 792 608 Cilicia
815 565 939 607 sedat
964 579 1039 607 rex
1065 562 1330 607 Antiochus.

228 623 299 668 56.
329 621 472 667 Lacus
496 621 692 664 Fucinus
714 621 900 664 emissus
926 629 969 664 et
994 621 1040 662 in
1063 636 1114 663 eo
1139 620 1294 662 navale
1316 620 1624 678 spectaculum
1645 621 1715 664 57.
1737 629 1780 664 et
1803 637 1910 665 con·

63 682 233 729 vivium
268 697 371 726 cum
405 678 622 737 periculo.
684 678 754 720 58.
787 677 905 722 Nero
940 678 1063 722 ducit
1094 676 1344 721 Octaviam.
1406 679 1479 721 59.
1512 678 1712 721 Statilius
1733 678 1911 722 Taurus

62 756 257 786 eversus.
316 738 386 781 60.
415 737 769 781 procuratorum
791 735 838 779 in
859 734 1098 795 provinciis
1119 734 1358 778 auctoritas
1379 742 1524 778 aucta.
1575 735 1644 779 61.
1671 735 1778 779 Cois
1801 751 1911 780 con-

61 814 182 844 cessa
203 795 476 840 immunitas.
532 794 606 837 62.
628 792 698 836 63.
730 793 957 853 Byzantiis
980 793 1199 835 tributum
1225 790 1281 835 ad
1303 799 1483 851 tempus
1507 791 1762 837 remissum.
1813 791 1911 837 eius

61 856 183 900 urbis
206 853 332 897 situs.

224 909 295 954 64.
330 908 539 967 Prodigia
567 907 835 952 Claudianae
863 906 1000 952 necis.
1062 906 1133 948 65.
1171 904 1364 964 Lepidae
1398 923 1520 952 mors
1553 906 1737 951 indicta.
1799 907 1913 968 Nar-⁸

62 969 161 1013 cissi
183 967 350 1011 liberae
373 982 526 1012 voces.
585 966 656 1009 66.
669 966 738 1008 67.
777 965 1016 1008 Claudium
1030 963 1277 1021 Agrippina
1301 980 1480 1008 veneno
1501 965 1633 1009 tollit.
1694 966 1764 1010 68.
1787 965 1909 1009 Nero

59 1025 302 1084 primordia
334 1023 514 1082 imperii
537 1024 667 1081 capit.
725 1023 798 1065 69.
831 1023 985 1066 Funus
1012 1031 1056 1065 et
1079 1022 1362 1065 consecratio
1384 1021 1578 1068 Claudii.
1640 1020 1775 1069 Gesta
1799 1023 1915 1068 haec»

58 1084 186 1128 annis
208 1099 283 1127 sex

232 1152 273 1182 c.
317 1149 593 1193 POMPEIO
647 1151 705 1180 ET
751 1147 796 1189 Q.
840 1147 1112 1178 VERAruo

230 1209 271 1240 C.
313 1207 603 1239 ANTISTIO
656 1207 714 1237 ET
762 1206 816 1237 M.
857 1205 1058 1236 SU1L10
1101 1205 1254 1236 RUFO

225 1268 302 1299 τι.
347 1264 610 1295 omnmo
655 1268 699 1297 v.
741 1262 800 1293 Er
847 1263 970 1303 san.
1014 1262 1325 1294 consano
1370 1263 1599 1298 onrrro

226 1325 269 1354 P.
310 1321 615 1353 CORNELIO
657 1319 834 1352 SULLA
878 1321 938 1352 m·
981 1322 1023 1351 L.
1067 1319 1284 1352 SALVIO
1327 1320 1571 1352 OTHONE

220 1383 268 1411 D.
313 1379 486 1410 IUNIO
525 1377 740 1412 SILANO
783 1379 843 1408 ET
887 1379 935 1420 Q.
975 1377 1248 1410 HATERIO

226 1439 278 1468 Μ.
313 1436 525 1469 Asuuo
568 1436 885 1469 MARCELLO
927 1437 987 1469 ET
1029 1426 1094 1469 Μ’.
1133 1435 1344 1468 ammo
1389 1436 1618 1469 umora
1658 1438 1819 1471 COSS.

223 1670 268 1731 I.
329 1637 541 1728 Caede
582 1669 962 1728 Messallinae
1012 1670 1294 1727 convulsa
1340 1669 1628 1746 principis
1677 1670 1908 1739 (10111118,

55 1768 185 1814 orto
210 1758 368 1831 apud
389 1757 633 1813 libertos
654 1756 971 1812 certamine
998 1755 1128 1831 quis
1153 1755 1435 1828 deligeret
1457 1774 1706 1813 uxorem
1723 1746 1908 1812 Clau--¹

55 1842 153 1898 dio
191 1842 427 1899 caelibis
469 1841 623 1897 vitae
663 1839 1007 1897 intoleranti
1046 1851 1102 1897 et
1138 1840 1456 1912 coniugum
1493 1838 1756 1915 imperiis
1793 1839 1906 1895 oh-

52 1926 248 1985 noxiO.
334 1947 442 1982 nec
485 1925 715 1981 minore
756 1926 983 1982 ambitu
1025 1925 1278 1981 feminae
1316 1933 1674 1981 exarserant:
1737 1942 1906 1980 suam

51 2030 314 2088 quaeque
337 2010 735 2080 nobilitatem,
775 2010 1056 2080 formam,
1093 2029 1233 2085 opes
1258 2010 1612 2068 contendere
1635 2016 1702 2067 ac
1724 2009 1904 2084 digna

557 2173 1404 2219 COMMENTARIUS.

107 2271 219 2316 CAP.
259 2273 298 2314 1.
367 2270 553 2314 caelibis
586 2270 713 2321 vitae
759 2270 931 2312 intole-

47 2331 193 2374 ranti.
260 2327 324 2371 Ex
355 2327 666 2373 emendatione
697 2326 934 2380 Picbenae,

79 2403 181 2430 uam
213 2402 315 2430 cum
338 2384 534 2428 Pichena
563 2400 772 2442 recepere
800 2385 834 2428 I.
858 2386 934 2429 Fr.

40 2404 251 2488 &ronow
303 2440 445 2500 Ryck.
494 2441 672 2485 Ernest.
727 2457 823 2498 sqq.
879 2470 938 2478 ..-

46 2501 181 2545 MSS.
213 2500 250 2543 F
253 2501 335 2544 lor.
369 2500 483 2554 (test.
509 2497 628 2543 Viet.
654 2515 695 2543 c.
723 2499 798 2555 al.)
825 2499 935 2556 Reg.

46 2559 190 2602 Vatic.
228 2556 352 2600 1863.
390 2556 458 2598 ed.
493 2556 614 2613 Spir.
656 2558 842 2598 caelibis
883 2557 935 2611 (s.

44 2616 209 2670 celibis)
267 2616 389 2657 vitae
453 2613 702 2656 intonanti.
796 2614 935 2657 MSS.

47 2671 196 2714 Guelf.
232 2669 404 2716 Vaticc.
441 2670 551 2714 1864
581 2677 623 2713 et
658 2669 768 2715 1958
808 2671 932 2714 Harl.

45 2728 175 2774 Bodl.
207 2729 289 2772 les.
325 2727 425 2771 edd.
457 2728 559 2772 Put.
594 2727 661 2771 M.
692 2737 735 2770 et
760 2726 815 2771 V.
849 2730 934 2772 Be-

46 2786 187 2830 roald.
222 2787 318 2829 Alc.
351 2784 494 2828 Rhen.
530 2802 626 2843 sqq.
668 2786 834 2829 caelibi
875 2792 932 2841 (s.

46 2844 186 2896 celibi)
210 2845 328 2885 vitae
350 2843 606 2886 intonanti.
648 2843 765 2897 (MS.
783 2842 933 2888 Guelf.

45 2900 316 2959 interpungit
347 2908 448 2942 ante
486 2901 759 2954 intonanti.)
832 2901 934 2945 MS.

48 2957 156 3014 Agr.
179 2957 359 2999 caelibis
381 2958 502 3000 vitae
520 2959 753 3001 insolenti.
788 2956 930 3016 Spero

47 3013 270 3057 neminem
294 3015 417 3070 sore,
461 3014 537 3072 qui
562 3015 705 3059 adhuc
727 3016 782 3059 de
807 3015 930 3060 veri-

45 3080 131 3115 tate
151 3071 466 3114 emendationis
489 3072 674 3115 dubitet.
732 3072 848 3115 Nam
868 3075 933 3115 in-v

45 3128 255 3181 tonanti,
287 3128 502 3185 quidquid
530 3129 752 3173 disserunt
771 3146 856 3188 pro
880 3146 931 3172 ea

43 3200 156 3229 voce
188 3184 357 3242 Lipsius
398 3196 440 3228 et
473 3187 740 3239 Salinerius‚
784 3188 929 3231 invito

46 3251 162 3287 certe
183 3241 336 3284 'l'acito
360 3242 494 3285 adest.

98 3299 337 3353 coniugum
358 3301 586 3354 imperiis.
645 3300 746 3343 MS.
773 3300 925 3345 Guelf.

44 3356 267 3420 coniugia-1.
353 3350 437 3400 Ed.
486 3357 606 3415 Spir.
661 3360 924 3412 coniugibus·

45 3414 366 3462 imperatoriis.

102 3483 222 3522 opes.
290 3469 373 3513 Ed.
417 3471 535 3530 Spir.
587 3487 747 3527 opem,
801 3473 921 3530 quod

43 3523 185 3581 placet
220 3525 427 3570 Broterio
471 3531 528 3571 ob
572 3529 722 3573 locum
767 3539 921 3586 poetae

42 3575 160 3638 apud
190 3582 282 3640 Cic.
306 3579 484 3630 Tuscul.
506 3585 547 3639 3,
573 3587 639 3630 19.
678 3588 772 3641 Ope
805 3587 916 3630 bar-

1006 2271 1166 2314 barica
1193 2269 1326 2313 tectis
1346 2269 1542 2313 caelatis
1571 2276 1658 2314 etc.
1718 2269 1808 2314 Sed
1837 2269 1900 2314 ibi

1007 2327 1284 2377 vocabulum
1307 2342 1393 2383 ope
1414 2327 1501 2371 alio
1523 2343 1656 2370 sensu
1677 2326 1866 2377 dicitur.

1091 2388 1383 2428 contendere.
1503 2385 1863 2443 Interpretantur
1885 2399 1901 2428 ε

1008 2459 1171 2493 „suam
1203 2441 1484 2486 nobilitatem
1521 2450 1606 2484 ete.
1646 2457 1753 2486 cum
1781 2441 1902 2485 alio-

1007 2516 1110 2544 rum
1134 2499 1412 2544 conferendo
1444 2499 1652 2542 extollere
1684 2515 1738 2543 ac
1765 2514 1902 2557 prae-

1006 2559 1141 2600 ferre.
1166 2557 1194 2576 '’
1301 2556 1587 2601 Convertunt
1608 2569 1624 2600 τ
1702 2558 1899 2600 erheben

1009 2613 1272 2670 (Stromb.),
1311 2613 1432 2673 quod
1464 2613 1601 2657 verbo
1631 2629 1726 2657 non
1759 2613 1902 2669 inest;

1006 2671 1298 2728 wetteisernd
1361 2669 1611 2726 aufstellen
1669 2669 1847 2726 (Rickl.
1862 2676 1898 2730 ).

1006 2727 1271 2772 Maluerim:
1322 2730 1787 2781 zusammenscellen‚
1831 2747 1898 2776 sc.

1004 2796 1054 2830 ut
1079 2785 1309 2836 nobilitas,
1336 2784 1510 2837 forma,
1539 2800 1646 2852 opes
1667 2785 1804 2830 simul
1825 2788 1897 2832 ef-

1004 2845 1216 2892 ficerent,
1247 2842 1374 2900 quod
1393 2857 1535 2885 unum
1556 2859 1651 2886 sme
1672 2843 1810 2887 altero
1834 2845 1898 2888 ef-

1002 2901 1137 2945 ficere
1170 2900 1389 2957 nequiret·
1449 2898 1526 2944 Sic
1557 2899 1625 2948 18,
1657 2899 1700 2944 3.
1731 2909 1897 2944 vetera

1003 2966 1049 3001 et
1064 2960 1338 3014 praesentia
1359 2959 1659 3006 contendere,
1689 2958 1734 3001 h.
1757 2974 1795 3001 e.
1819 2959 1895 3002 in-

1002 3025 1070 3059 ter
1101 3032 1147 3058 se
1169 3029 1472 3073 comparare-
1490 3030 1547 3058 an
1572 3015 1682 3060 haec
1703 3014 1790 3058 illis
1815 3033 1895 3060 re-

1001 3073 1266 3131 spondeant.
1326 3070 1480 3114 Germ.
1507 3087 1547 3115 c.
1565 3072 1637 3114 26.
1668 3087 1751 3115 nec
1770 3077 1893 3122 enim

1002 3147 1107 3172 cum
1145 3132 1356 3172 ubertate
1390 3135 1435 3170 et
1469 3130 1772 3183 amplitudine
1802 3132 1898 3174 soli

999 3189 1160 3229 labore
1181 3189 1477 3229 contendunt.
1535 3185 1593 3230 cf.
1622 3186 1683 3230 ih.
1704 3195 1801 3230 not.

1058 3260 1112 3286 ac
1146 3244 1301 3299 digna.
1370 3243 1445 3285 Sic
1480 3242 1578 3286 edd.
1610 3242 1729 3293 Sir.
1765 3242 1887 3304 Lips-

998 3301 1125 3346 Pieh.
1146 3317 1244 3359 sqq.
1304 3299 1542 3343 Testantur
1569 3300 1615 3344 in
1638 3260 1739 3345 leis.
1762 3301 1885 3347 Flor.

997 3359 1112 3402 sicut
1142 3358 1188 3400 in
1222 3357 1357 3401 MSS.
1390 3355 1541 3401 Guelf.
1574 3359 1756 3416 aliisque
1792 3376 1885 3403 esse

994 3416 1214 3471 dignam,
1265 3413 1387 3473 quod
1431 3412 1594 3458 habent
1635 3416 1736 3459 edd.
1778 3416 1882 3460 Put.

995 3474 1063 3517 M.
1091 3482 1133 3515 et
1161 3470 1213 3515 V.
1236 3471 1442 3515 Beroald.
1479 3472 1537 3526 (c.
1567 3472 1717 3516 silent.
1746 3473 1883 3530 Vict.)

999 3530 1090 3573 Alc.
1113 3529 1258 3573 Rhen.
1279 3530 1384 3573 Ald.
1442 3529 1559 3573 Hinc
1582 3530 1882 3574 recentiorum

994 3587 1215 3630 editorum
1247 3586 1317 3632 alii
1347 3603 1387 3632 c.
1409 3586 1589 3646 Bipont.
1621 3587 1880 3647 praeferunt
