<?xml version="1.0" encoding="UTF-8"?>
<!DOCTYPE html PUBLIC "-//W3C//DTD XHTML 1.0 Transitional//EN"
    "http://www.w3.org/TR/xhtml1/DTD/xhtml1-transitional.dtd">
<html xmlns="http://www.w3.org/1999/xhtml" xml:lang="en" lang="en">
 <head>
  <title>
</title>
<meta http-equiv="Content-Type" content="text/html;charset=utf-8" />
  <meta name='ocr-system' content='tesseract 3.04.00' />
  <meta name='ocr-capabilities' content='ocr_page ocr_carea ocr_par ocr_line ocrx_word'/>
</head>
<body>
  <div class='ocr_page' id='page_1' title='image "./operarecensuitet02taciuoft/operarecensuitet02taciuoft_0284.png"; bbox 0 0 2164 3990; ppageno 0'>
   <div class='ocr_carea' id='block_1_1' title="bbox 180 215 310 277">
    <p class='ocr_par' dir='ltr' id='par_1_1' title="bbox 180 215 310 277">
     <span class='ocr_line' id='line_1_1' title="bbox 180 215 310 277; baseline -0.023 -1"><span class='ocrx_word' id='word_1_1' title='bbox 180 215 310 277; x_wconf 66' lang='lat'><strong>274</strong></span> 
     </span>
    </p>
   </div>
   <div class='ocr_carea' id='block_1_2' title="bbox 857 207 1375 271">
    <p class='ocr_par' dir='ltr' id='par_1_2' title="bbox 857 207 1375 271">
     <span class='ocr_line' id='line_1_2' title="bbox 857 207 1375 271; baseline 0.004 -2"><span class='ocrx_word' id='word_1_2' title='bbox 857 207 1375 271; x_wconf 79' lang='lat' dir='ltr'><strong>ANNALIUM</strong></span> 
     </span>
    </p>
   </div>
   <div class='ocr_carea' id='block_1_3' title="bbox 1728 208 1962 288">
    <p class='ocr_par' dir='ltr' id='par_1_3' title="bbox 1728 208 1962 288">
     <span class='ocr_line' id='line_1_3' title="bbox 1728 208 1962 288; baseline -0.004 -1"><span class='ocrx_word' id='word_1_3' title='bbox 1728 210 1780 287; x_wconf 48' lang='grc' dir='ltr'><strong>ς’</strong></span> <span class='ocrx_word' id='word_1_4' title='bbox 1804 208 1857 288; x_wconf 62' lang='grc' dir='ltr'><strong>ε·</strong></span> <span class='ocrx_word' id='word_1_5' title='bbox 1876 209 1962 287; x_wconf 62' lang='lat'><strong>⁸22·</strong></span> 
     </span>
    </p>
   </div>
   <div class='ocr_carea' id='block_1_4' title="bbox 194 339 2140 847">
    <p class='ocr_par' dir='ltr' id='par_1_4' title="bbox 194 339 2140 847">
     <span class='ocr_line' id='line_1_4' title="bbox 358 339 2051 415; baseline 0.002 -16"><span class='ocrx_word' id='word_1_6' title='bbox 358 339 552 400; x_wconf 64' lang='lat' dir='ltr'><strong>XXX..</strong></span> <span class='ocrx_word' id='word_1_7' title='bbox 619 340 825 399; x_wconf 81' lang='lat' dir='ltr'>Stabat</span> <span class='ocrx_word' id='word_1_8' title='bbox 849 360 958 415; x_wconf 89' lang='lat' dir='ltr'><strong>pro</strong></span> <span class='ocrx_word' id='word_1_9' title='bbox 987 339 1162 396; x_wconf 88' lang='lat' dir='ltr'><strong>litore</strong></span> <span class='ocrx_word' id='word_1_10' title='bbox 1199 341 1430 399; x_wconf 85' lang='lat' dir='ltr'><strong>diversa</strong></span> <span class='ocrx_word' id='word_1_11' title='bbox 1463 342 1616 400; x_wconf 78' lang='lat' dir='ltr'><strong>acies</strong></span> <span class='ocrx_word' id='word_1_12' title='bbox 1651 345 1834 402; x_wconf 88' lang='lat' dir='ltr'><strong>densa</strong></span> <span class='ocrx_word' id='word_1_13' title='bbox 1871 346 2051 404; x_wconf 81' lang='lat' dir='ltr'><strong>armis</strong></span> 
     </span>
     <span class='ocr_line' id='line_1_5' title="bbox 196 424 2052 504; baseline 0.001 -18"><span class='ocrx_word' id='word_1_14' title='bbox 196 428 482 504; x_wconf 84' lang='lat' dir='ltr'><strong>virisque,</strong></span> <span class='ocrx_word' id='word_1_15' title='bbox 524 425 1054 483; x_wconf 77' lang='lat' dir='ltr'><strong>intercursantibus</strong></span> <span class='ocrx_word' id='word_1_16' title='bbox 1085 424 1323 482; x_wconf 80' lang='lat' dir='ltr'><strong>feminis</strong></span> <span class='ocrx_word' id='word_1_17' title='bbox 1357 428 1423 484; x_wconf 90' lang='lat' dir='ltr'><strong>in</strong></span> <span class='ocrx_word' id='word_1_18' title='bbox 1445 430 1693 485; x_wconf 88' lang='lat' dir='ltr'><strong>modum</strong></span> <span class='ocrx_word' id='word_1_19' title='bbox 1718 428 2052 501; x_wconf 81' lang='lat' dir='ltr'>Furiarum,</span> 
     </span>
     <span class='ocr_line' id='line_1_6' title="bbox 196 509 2140 591; baseline 0.002 -21"><span class='ocrx_word' id='word_1_20' title='bbox 196 534 347 591; x_wconf 89' lang='lat' dir='ltr'><strong>quae</strong></span> <span class='ocrx_word' id='word_1_21' title='bbox 395 524 552 569; x_wconf 88' lang='lat' dir='ltr'><strong>veste</strong></span> <span class='ocrx_word' id='word_1_22' title='bbox 601 510 801 579; x_wconf 83' lang='lat' dir='ltr'><strong>ferali,</strong></span> <span class='ocrx_word' id='word_1_23' title='bbox 855 509 1118 566; x_wconf 87' lang='lat' dir='ltr'>crinibus</span> <span class='ocrx_word' id='word_1_24' title='bbox 1166 511 1403 568; x_wconf 83' lang='lat' dir='ltr'><strong>deiectis</strong></span> <span class='ocrx_word' id='word_1_25' title='bbox 1435 514 1588 570; x_wconf 90' lang='lat' dir='ltr'><strong>faces</strong></span> <span class='ocrx_word' id='word_1_26' title='bbox 1624 517 2051 589; x_wconf 79' lang='lat' dir='ltr'><strong>praeferebant.</strong></span> <span class='ocrx_word' id='word_1_27' title='bbox 2133 537 2140 546; x_wconf 82' lang='grc'>’</span> 
     </span>
     <span class='ocr_line' id='line_1_7' title="bbox 194 595 2055 674; baseline 0.001 -18"><span class='ocrx_word' id='word_1_28' title='bbox 194 598 572 674; x_wconf 83' lang='lat' dir='ltr'><strong>Druidaeque</strong></span> <span class='ocrx_word' id='word_1_29' title='bbox 600 597 820 652; x_wconf 89' lang='lat' dir='ltr'><strong>circum</strong></span> <span class='ocrx_word' id='word_1_30' title='bbox 853 615 1052 670; x_wconf 85' lang='lat' dir='ltr'><strong>preces</strong></span> <span class='ocrx_word' id='word_1_31' title='bbox 1091 595 1251 652; x_wconf 89' lang='lat' dir='ltr'><strong>diras</strong></span> <span class='ocrx_word' id='word_1_32' title='bbox 1285 598 1528 654; x_wconf 88' lang='lat' dir='ltr'><strong>sublatis</strong></span> <span class='ocrx_word' id='word_1_33' title='bbox 1565 601 1639 655; x_wconf 89' lang='lat' dir='ltr'><strong>ad</strong></span> <span class='ocrx_word' id='word_1_34' title='bbox 1674 602 1903 657; x_wconf 89' lang='lat' dir='ltr'><strong>coelum</strong></span> <span class='ocrx_word' id='word_1_35' title='bbox 1925 621 2055 658; x_wconf 90' lang='lat' dir='ltr'><strong>ma-</strong></span> 
     </span>
     <span class='ocr_line' id='line_1_8' title="bbox 199 680 2059 757; baseline 0.001 -16"><span class='ocrx_word' id='word_1_36' title='bbox 199 685 378 741; x_wconf 88' lang='lat' dir='ltr'><strong>nibus</strong></span> <span class='ocrx_word' id='word_1_37' title='bbox 418 684 732 739; x_wconf 88' lang='lat' dir='ltr'><strong>fundentes</strong></span> <span class='ocrx_word' id='word_1_38' title='bbox 770 680 1030 736; x_wconf 86' lang='lat' dir='ltr'><strong>novitate</strong></span> <span class='ocrx_word' id='word_1_39' title='bbox 1064 692 1326 755; x_wconf 88' lang='lat' dir='ltr'><strong>aspectus</strong></span> <span class='ocrx_word' id='word_1_40' title='bbox 1357 684 1656 757; x_wconf 90' lang='lat' dir='ltr'><strong>perculere</strong></span> <span class='ocrx_word' id='word_1_41' title='bbox 1693 686 1939 756; x_wconf 81' lang='lat' dir='ltr'><strong>militeS,</strong></span> <span class='ocrx_word' id='word_1_42' title='bbox 1989 697 2059 745; x_wconf 85' lang='lat' dir='ltr'><strong>ut</strong></span> 
     </span>
     <span class='ocr_line' id='line_1_9' title="bbox 201 764 2134 847; baseline -0.001 -21"><span class='ocrx_word' id='word_1_43' title='bbox 201 770 371 847; x_wconf 84' lang='lat' dir='ltr'><strong>quasi</strong></span> <span class='ocrx_word' id='word_1_44' title='bbox 403 764 783 824; x_wconf 77' lang='lat' dir='ltr'><strong>haerentibus</strong></span> <span class='ocrx_word' id='word_1_45' title='bbox 814 765 1097 821; x_wconf 86' lang='lat' dir='ltr'><strong>membris</strong></span> <span class='ocrx_word' id='word_1_46' title='bbox 1132 766 1435 822; x_wconf 89' lang='lat' dir='ltr'><strong>immobile</strong></span> <span class='ocrx_word' id='word_1_47' title='bbox 1474 789 1684 844; x_wconf 90' lang='lat' dir='ltr'><strong>corpus</strong></span> <span class='ocrx_word' id='word_1_48' title='bbox 1711 766 2058 828; x_wconf 87' lang='lat' dir='ltr'><strong>vulneribus</strong></span> <span class='ocrx_word' id='word_1_49' title='bbox 2115 801 2134 845; x_wconf 76' lang='lat'><strong>.³</strong></span> 
     </span>
    </p>
   </div>
   <div class='ocr_carea' id='block_1_5' title="bbox 199 856 567 931">
    <p class='ocr_par' dir='ltr' id='par_1_5' title="bbox 199 856 567 931">
     <span class='ocr_line' id='line_1_10' title="bbox 199 856 567 931; baseline -0.003 -20"><span class='ocrx_word' id='word_1_50' title='bbox 199 856 567 931; x_wconf 83' lang='lat' dir='ltr'><strong>praeberent.</strong></span> 
     </span>
    </p>
   </div>
   <div class='ocr_carea' id='block_1_6' title="bbox 665 847 2140 931">
    <p class='ocr_par' dir='ltr' id='par_1_6' title="bbox 665 847 2140 931">
     <span class='ocr_line' id='line_1_11' title="bbox 665 847 2140 931; baseline 0.005 -26"><span class='ocrx_word' id='word_1_51' title='bbox 665 851 807 906; x_wconf 90' lang='lat' dir='ltr'><strong>dein</strong></span> <span class='ocrx_word' id='word_1_52' title='bbox 847 847 1357 908; x_wconf 83' lang='lat' dir='ltr'><strong>cohortationibus</strong></span> <span class='ocrx_word' id='word_1_53' title='bbox 1402 853 1572 909; x_wconf 85' lang='lat' dir='ltr'><strong>ducis.</strong></span> <span class='ocrx_word' id='word_1_54' title='bbox 1600 867 1657 912; x_wconf 87' lang='lat' dir='ltr'><strong>et</strong></span> <span class='ocrx_word' id='word_1_55' title='bbox 1691 874 1752 910; x_wconf 88' lang='lat' dir='ltr'><strong>se</strong></span> <span class='ocrx_word' id='word_1_56' title='bbox 1794 857 1907 931; x_wconf 91' lang='lat' dir='ltr'><strong>ipsi</strong></span> <span class='ocrx_word' id='word_1_57' title='bbox 1955 857 2060 913; x_wconf 90' lang='lat' dir='ltr'><strong>sti-</strong></span> <span class='ocrx_word' id='word_1_58' title='bbox 2124 873 2140 884; x_wconf 69' lang='grc'><strong>·“</strong></span> 
     </span>
    </p>
   </div>
   <div class='ocr_carea' id='block_1_7' title="bbox 201 936 2068 1185">
    <p class='ocr_par' dir='ltr' id='par_1_7' title="bbox 201 936 2068 1185">
     <span class='ocr_line' id='line_1_12' title="bbox 201 936 2060 1014; baseline 0.001 -17"><span class='ocrx_word' id='word_1_59' title='bbox 201 940 524 1005; x_wconf 82' lang='lat' dir='ltr'><strong>mulanteS,</strong></span> <span class='ocrx_word' id='word_1_60' title='bbox 563 956 638 991; x_wconf 92' lang='lat' dir='ltr'><strong>ne</strong></span> <span class='ocrx_word' id='word_1_61' title='bbox 663 936 953 992; x_wconf 88' lang='lat' dir='ltr'><strong>muliebre</strong></span> <span class='ocrx_word' id='word_1_62' title='bbox 981 949 1038 993; x_wconf 88' lang='lat' dir='ltr'><strong>et</strong></span> <span class='ocrx_word' id='word_1_63' title='bbox 1066 936 1388 993; x_wconf 88' lang='lat' dir='ltr'><strong>fanaticum</strong></span> <span class='ocrx_word' id='word_1_64' title='bbox 1423 956 1633 1010; x_wconf 85' lang='lat' dir='ltr'><strong>agmen</strong></span> <span class='ocrx_word' id='word_1_65' title='bbox 1668 953 2060 1014; x_wconf 83' lang='lat' dir='ltr'><strong>pavescerent,</strong></span> 
     </span>
     <span class='ocr_line' id='line_1_13' title="bbox 205 1022 2063 1097; baseline 0.002 -16"><span class='ocrx_word' id='word_1_66' title='bbox 205 1025 469 1081; x_wconf 87' lang='lat' dir='ltr'><strong>inferunt</strong></span> <span class='ocrx_word' id='word_1_67' title='bbox 494 1022 656 1095; x_wconf 83' lang='lat' dir='ltr'><strong>signa</strong></span> <span class='ocrx_word' id='word_1_68' title='bbox 683 1033 1067 1097; x_wconf 85' lang='lat' dir='ltr'><strong>sternuntque</strong></span> <span class='ocrx_word' id='word_1_69' title='bbox 1098 1022 1306 1077; x_wconf 89' lang='lat' dir='ltr'><strong>obvios</strong></span> <span class='ocrx_word' id='word_1_70' title='bbox 1341 1033 1398 1078; x_wconf 84' lang='lat' dir='ltr'><strong>et</strong></span> <span class='ocrx_word' id='word_1_71' title='bbox 1430 1022 1555 1095; x_wconf 83' lang='lat' dir='ltr'><strong>igni</strong></span> <span class='ocrx_word' id='word_1_72' title='bbox 1587 1043 1691 1079; x_wconf 90' lang='lat' dir='ltr'><strong>suo</strong></span> <span class='ocrx_word' id='word_1_73' title='bbox 1728 1025 2063 1085; x_wconf 85' lang='lat' dir='ltr'><strong>involvunt.</strong></span> 
     </span>
     <span class='ocr_line' id='line_1_14' title="bbox 202 1102 2068 1185; baseline -0.001 -18"><span class='ocrx_word' id='word_1_74' title='bbox 202 1107 569 1166; x_wconf 88' lang='lat' dir='ltr'><strong>Praesidium</strong></span> <span class='ocrx_word' id='word_1_75' title='bbox 595 1102 837 1181; x_wconf 84' lang='lat' dir='ltr'><strong>posthac</strong></span> <span class='ocrx_word' id='word_1_76' title='bbox 878 1107 1220 1181; x_wconf 88' lang='lat' dir='ltr'><strong>impositum</strong></span> <span class='ocrx_word' id='word_1_77' title='bbox 1255 1107 1424 1162; x_wconf 86' lang='lat' dir='ltr'><strong>victis</strong></span> <span class='ocrx_word' id='word_1_78' title='bbox 1462 1108 1751 1185; x_wconf 87' lang='lat' dir='ltr'><strong>excisique</strong></span> <span class='ocrx_word' id='word_1_79' title='bbox 1789 1110 1910 1166; x_wconf 88' lang='lat' dir='ltr'><strong>luci</strong></span> <span class='ocrx_word' id='word_1_80' title='bbox 1940 1131 2068 1166; x_wconf 87' lang='lat' dir='ltr'><strong>sae-</strong></span> 
     </span>
    </p>
   </div>
   <div class='ocr_carea' id='block_1_8' title="bbox 209 1192 1054 1267">
    <p class='ocr_par' dir='ltr' id='par_1_8' title="bbox 209 1192 1054 1267">
     <span class='ocr_line' id='line_1_15' title="bbox 209 1192 1054 1267; baseline 0.001 -18"><span class='ocrx_word' id='word_1_81' title='bbox 209 1196 298 1250; x_wconf 86' lang='lat' dir='ltr'><strong>vis</strong></span> <span class='ocrx_word' id='word_1_82' title='bbox 334 1192 848 1267; x_wconf 87' lang='lat' dir='ltr'><strong>superstitionibus</strong></span> <span class='ocrx_word' id='word_1_83' title='bbox 888 1192 1054 1250; x_wconf 77' lang='lat' dir='ltr'><strong>sacri.</strong></span> 
     </span>
    </p>
   </div>
   <div class='ocr_carea' id='block_1_9' title="bbox 211 1435 1111 1770">
    <p class='ocr_par' dir='ltr' id='par_1_9' title="bbox 211 1435 1111 1770">
     <span class='ocr_line' id='line_1_16' title="bbox 212 1435 1106 1493; baseline -0.007 -9"><span class='ocrx_word' id='word_1_84' title='bbox 212 1440 303 1485; x_wconf 78' lang='lat' dir='ltr'><strong>rius</strong></span> <span class='ocrx_word' id='word_1_85' title='bbox 333 1439 549 1482; x_wconf 77' lang='lat' dir='ltr'><strong>intactum</strong></span> <span class='ocrx_word' id='word_1_86' title='bbox 578 1435 758 1493; x_wconf 84' lang='lat' dir='ltr'><strong>reliquit</strong></span> <span class='ocrx_word' id='word_1_87' title='bbox 787 1439 1106 1483; x_wconf 68' lang='lat' dir='ltr'><strong>transmisere,</strong></span> 
     </span>
     <span class='ocr_line' id='line_1_17' title="bbox 211 1492 1107 1556; baseline -0.004 -16"><span class='ocrx_word' id='word_1_88' title='bbox 211 1497 336 1556; x_wconf 49' lang='lat' dir='ltr'><strong>&#39;quod</strong></span> <span class='ocrx_word' id='word_1_89' title='bbox 377 1503 441 1539; x_wconf 82' lang='lat' dir='ltr'><strong>est</strong></span> <span class='ocrx_word' id='word_1_90' title='bbox 474 1495 519 1536; x_wconf 87' lang='lat' dir='ltr'><strong>in</strong></span> <span class='ocrx_word' id='word_1_91' title='bbox 558 1494 653 1537; x_wconf 83' lang='lat' dir='ltr'><strong>aliis</strong></span> <span class='ocrx_word' id='word_1_92' title='bbox 691 1492 827 1536; x_wconf 84' lang='lat' dir='ltr'><strong>libris.</strong></span> <span class='ocrx_word' id='word_1_93' title='bbox 914 1493 969 1536; x_wconf 82' lang='lat' dir='ltr'><strong>Et</strong></span> <span class='ocrx_word' id='word_1_94' title='bbox 1004 1502 1107 1536; x_wconf 81' lang='lat' dir='ltr'><strong>sunt</strong></span> 
     </span>
     <span class='ocr_line' id='line_1_18' title="bbox 217 1550 1107 1609; baseline -0.008 -11"><span class='ocrx_word' id='word_1_95' title='bbox 217 1554 334 1598; x_wconf 85' lang='lat' dir='ltr'><strong>haud</strong></span> <span class='ocrx_word' id='word_1_96' title='bbox 367 1552 503 1596; x_wconf 85' lang='lat' dir='ltr'><strong>dubie</strong></span> <span class='ocrx_word' id='word_1_97' title='bbox 539 1551 650 1600; x_wconf 86' lang='lat' dir='ltr'><strong>loci,</strong></span> <span class='ocrx_word' id='word_1_98' title='bbox 695 1550 741 1592; x_wconf 87' lang='lat' dir='ltr'><strong>in</strong></span> <span class='ocrx_word' id='word_1_99' title='bbox 777 1550 940 1609; x_wconf 82' lang='lat' dir='ltr'><strong>quihus</strong></span> <span class='ocrx_word' id='word_1_100' title='bbox 976 1551 1107 1593; x_wconf 74' lang='lat' dir='ltr'><strong>etiam</strong></span> 
     </span>
     <span class='ocr_line' id='line_1_19' title="bbox 215 1609 1110 1667; baseline -0.008 -11"><span class='ocrx_word' id='word_1_101' title='bbox 215 1612 318 1655; x_wconf 88' lang='lat' dir='ltr'><strong>MS.</strong></span> <span class='ocrx_word' id='word_1_102' title='bbox 358 1611 481 1654; x_wconf 90' lang='lat' dir='ltr'><strong>Flor.</strong></span> <span class='ocrx_word' id='word_1_103' title='bbox 523 1609 716 1667; x_wconf 75' lang='lat' dir='ltr'><strong>praefert</strong></span> <span class='ocrx_word' id='word_1_104' title='bbox 762 1609 1110 1650; x_wconf 78' lang='lat' dir='ltr'><strong>transmittere:</strong></span> 
     </span>
     <span class='ocr_line' id='line_1_20' title="bbox 249 1666 1111 1724; baseline -0.008 -11"><span class='ocrx_word' id='word_1_105' title='bbox 249 1670 484 1724; x_wconf 79' lang='lat' dir='ltr'><strong>lerumque</strong></span> <span class='ocrx_word' id='word_1_106' title='bbox 519 1675 669 1709; x_wconf 78' lang='lat' dir='ltr'><strong>tamen</strong></span> <span class='ocrx_word' id='word_1_107' title='bbox 702 1666 957 1711; x_wconf 85' lang='lat' dir='ltr'><strong>breviorem</strong></span> <span class='ocrx_word' id='word_1_108' title='bbox 988 1673 1111 1708; x_wconf 64' lang='lat' dir='ltr'><strong>amat</strong></span> 
     </span>
     <span class='ocr_line' id='line_1_21' title="bbox 217 1687 1089 1770; baseline -0.008 0"><span class='ocrx_word' id='word_1_109' title='bbox 217 1687 435 1770; x_wconf 45' lang='lat' dir='ltr'><strong>¹formam.</strong></span> <span class='ocrx_word' id='word_1_110' title='bbox 1087 1725 1089 1730; x_wconf 83' lang='lat'>&#39;</span> 
     </span>
    </p>
   </div>
   <div class='ocr_carea' id='block_1_10' title="bbox 205 1793 1123 2716">
    <p class='ocr_par' dir='ltr' id='par_1_10' title="bbox 205 1793 1123 2716">
     <span class='ocr_line' id='line_1_22' title="bbox 277 1793 1113 1850; baseline -0.006 -9"><span class='ocrx_word' id='word_1_111' title='bbox 277 1796 390 1841; x_wconf 77' lang='lat' dir='ltr'><strong>CAP.</strong></span> <span class='ocrx_word' id='word_1_112' title='bbox 413 1795 485 1838; x_wconf 78' lang='lat'><strong>30.</strong></span> <span class='ocrx_word' id='word_1_113' title='bbox 523 1809 659 1850; x_wconf 77' lang='lat' dir='ltr'><strong>‚quae</strong></span> <span class='ocrx_word' id='word_1_114' title='bbox 682 1803 807 1836; x_wconf 78' lang='lat' dir='ltr'><strong>veste</strong></span> <span class='ocrx_word' id='word_1_115' title='bbox 818 1793 983 1850; x_wconf 80' lang='lat' dir='ltr'><strong>ferali.</strong></span> <span class='ocrx_word' id='word_1_116' title='bbox 1037 1793 1113 1836; x_wconf 81' lang='lat' dir='ltr'><strong>Sic</strong></span> 
     </span>
     <span class='ocr_line' id='line_1_23' title="bbox 220 1851 1108 1910; baseline -0.005 -13"><span class='ocrx_word' id='word_1_117' title='bbox 220 1855 374 1899; x_wconf 70' lang='lat' dir='ltr'><strong>MSS.¹</strong></span> <span class='ocrx_word' id='word_1_118' title='bbox 395 1853 505 1910; x_wconf 82' lang='lat' dir='ltr'><strong>Reg.</strong></span> <span class='ocrx_word' id='word_1_119' title='bbox 543 1851 682 1894; x_wconf 84' lang='lat' dir='ltr'><strong>Corb.</strong></span> <span class='ocrx_word' id='word_1_120' title='bbox 719 1853 821 1895; x_wconf 87' lang='lat' dir='ltr'><strong>edd.</strong></span> <span class='ocrx_word' id='word_1_121' title='bbox 853 1852 971 1910; x_wconf 81' lang='lat' dir='ltr'><strong>Spir.</strong></span> <span class='ocrx_word' id='word_1_122' title='bbox 1005 1852 1108 1894; x_wconf 79' lang='lat' dir='ltr'><strong>Ber.</strong></span> 
     </span>
     <span class='ocr_line' id='line_1_24' title="bbox 221 1909 1113 1970; baseline -0.008 -14"><span class='ocrx_word' id='word_1_123' title='bbox 221 1916 345 1970; x_wconf 85' lang='lat' dir='ltr'><strong>(cum</strong></span> <span class='ocrx_word' id='word_1_124' title='bbox 376 1910 522 1954; x_wconf 85' lang='lat' dir='ltr'><strong>silent.</strong></span> <span class='ocrx_word' id='word_1_125' title='bbox 557 1909 689 1966; x_wconf 67' lang='lat' dir='ltr'><strong>Vici.)</strong></span> <span class='ocrx_word' id='word_1_126' title='bbox 726 1911 902 1952; x_wconf 83' lang='lat' dir='ltr'><strong>Ernest.</strong></span> <span class='ocrx_word' id='word_1_127' title='bbox 935 1909 1113 1951; x_wconf 82' lang='lat' dir='ltr'><strong>Broter.</strong></span> 
     </span>
     <span class='ocr_line' id='line_1_25' title="bbox 223 1965 1113 2029; baseline -0.011 -14"><span class='ocrx_word' id='word_1_128' title='bbox 223 1988 322 2029; x_wconf 86' lang='lat' dir='ltr'><strong>sqq.</strong></span> <span class='ocrx_word' id='word_1_129' title='bbox 386 1968 448 2010; x_wconf 62' lang='lat' dir='ltr'><strong>Ita</strong></span> <span class='ocrx_word' id='word_1_130' title='bbox 480 1975 523 2009; x_wconf 82' lang='lat' dir='ltr'><strong>et</strong></span> <span class='ocrx_word' id='word_1_131' title='bbox 549 1967 650 2008; x_wconf 81' lang='lat' dir='ltr'><strong>MS.</strong></span> <span class='ocrx_word' id='word_1_132' title='bbox 681 1966 801 2009; x_wconf 86' lang='lat' dir='ltr'><strong>Harl.</strong></span> <span class='ocrx_word' id='word_1_133' title='bbox 827 1965 873 2007; x_wconf 84' lang='lat' dir='ltr'><strong>in</strong></span> <span class='ocrx_word' id='word_1_134' title='bbox 901 1966 1113 2022; x_wconf 71' lang='lat' dir='ltr'><strong>margine.</strong></span> 
     </span>
     <span class='ocr_line' id='line_1_26' title="bbox 222 2022 1115 2081; baseline -0.008 -9"><span class='ocrx_word' id='word_1_135' title='bbox 222 2029 487 2072; x_wconf 82' lang='lat' dir='ltr'><strong>Pronomen</strong></span> <span class='ocrx_word' id='word_1_136' title='bbox 508 2039 635 2081; x_wconf 53' lang='lat' dir='ltr'><strong>‘quae</strong></span> <span class='ocrx_word' id='word_1_137' title='bbox 658 2024 880 2066; x_wconf 83' lang='lat' dir='ltr'><strong>omittitur</strong></span> <span class='ocrx_word' id='word_1_138' title='bbox 912 2024 958 2065; x_wconf 89' lang='lat' dir='ltr'><strong>in</strong></span> <span class='ocrx_word' id='word_1_139' title='bbox 983 2022 1115 2065; x_wconf 85' lang='lat' dir='ltr'><strong>MSS.</strong></span> 
     </span>
     <span class='ocr_line' id='line_1_27' title="bbox 224 2079 1116 2132; baseline -0.011 -2"><span class='ocrx_word' id='word_1_140' title='bbox 224 2085 340 2129; x_wconf 87' lang='lat' dir='ltr'><strong>Bud.</strong></span> <span class='ocrx_word' id='word_1_141' title='bbox 362 2080 512 2126; x_wconf 85' lang='lat' dir='ltr'><strong>Guelf.</strong></span> <span class='ocrx_word' id='word_1_142' title='bbox 545 2082 615 2132; x_wconf 87' lang='lat' dir='ltr'><strong>(de</strong></span> <span class='ocrx_word' id='word_1_143' title='bbox 641 2082 798 2124; x_wconf 83' lang='lat' dir='ltr'><strong>celeris</strong></span> <span class='ocrx_word' id='word_1_144' title='bbox 826 2079 959 2123; x_wconf 82' lang='lat' dir='ltr'><strong>MSS.</strong></span> <span class='ocrx_word' id='word_1_145' title='bbox 987 2081 1116 2122; x_wconf 81' lang='lat' dir='ltr'><strong>silen-</strong></span> 
     </span>
     <span class='ocr_line' id='line_1_28' title="bbox 225 2137 1118 2195; baseline -0.013 -9"><span class='ocrx_word' id='word_1_146' title='bbox 225 2143 337 2188; x_wconf 72' lang='lat' dir='ltr'><strong>tium</strong></span> <span class='ocrx_word' id='word_1_147' title='bbox 369 2142 452 2195; x_wconf 83' lang='lat' dir='ltr'><strong>est)</strong></span> <span class='ocrx_word' id='word_1_148' title='bbox 490 2139 588 2181; x_wconf 87' lang='lat' dir='ltr'><strong>edd.</strong></span> <span class='ocrx_word' id='word_1_149' title='bbox 622 2138 723 2181; x_wconf 75' lang='lat' dir='ltr'><strong>Pur.</strong></span> <span class='ocrx_word' id='word_1_150' title='bbox 762 2137 824 2179; x_wconf 85' lang='lat' dir='ltr'><strong>M.</strong></span> <span class='ocrx_word' id='word_1_151' title='bbox 861 2146 902 2178; x_wconf 83' lang='lat' dir='ltr'><strong>et</strong></span> <span class='ocrx_word' id='word_1_152' title='bbox 935 2138 985 2180; x_wconf 86' lang='lat' dir='ltr'><strong>V.</strong></span> <span class='ocrx_word' id='word_1_153' title='bbox 1017 2138 1118 2179; x_wconf 83' lang='lat' dir='ltr'><strong>Alc.</strong></span> 
     </span>
     <span class='ocr_line' id='line_1_29' title="bbox 225 2194 1097 2254; baseline -0.009 -10"><span class='ocrx_word' id='word_1_154' title='bbox 225 2201 370 2244; x_wconf 84' lang='lat' dir='ltr'><strong>Rhen.</strong></span> <span class='ocrx_word' id='word_1_155' title='bbox 394 2213 492 2254; x_wconf 87' lang='lat' dir='ltr'><strong>sqq.</strong></span> <span class='ocrx_word' id='word_1_156' title='bbox 555 2194 782 2238; x_wconf 71' lang='lat' dir='ltr'><strong>Bekkerus</strong></span> <span class='ocrx_word' id='word_1_157' title='bbox 810 2195 993 2236; x_wconf 81' lang='lat' dir='ltr'><strong>retinuit</strong></span> <span class='ocrx_word' id='word_1_158' title='bbox 1021 2195 1097 2251; x_wconf 90' lang='lat' dir='ltr'><strong>qui</strong></span> 
     </span>
     <span class='ocr_line' id='line_1_30' title="bbox 228 2251 1119 2310; baseline -0.01 -8"><span class='ocrx_word' id='word_1_159' title='bbox 228 2260 332 2302; x_wconf 88' lang='lat' dir='ltr'><strong>dem</strong></span> <span class='ocrx_word' id='word_1_160' title='bbox 373 2269 514 2310; x_wconf 79' lang='lat' dir='ltr'><strong>quae,</strong></span> <span class='ocrx_word' id='word_1_161' title='bbox 558 2252 686 2295; x_wconf 90' lang='lat' dir='ltr'><strong>uncis</strong></span> <span class='ocrx_word' id='word_1_162' title='bbox 721 2262 867 2296; x_wconf 80' lang='lat' dir='ltr'><strong>tamen</strong></span> <span class='ocrx_word' id='word_1_163' title='bbox 911 2251 1119 2294; x_wconf 79' lang='lat' dir='ltr'><strong>fatalibus</strong></span> 
     </span>
     <span class='ocr_line' id='line_1_31' title="bbox 228 2311 1118 2365; baseline -0.011 -6"><span class='ocrx_word' id='word_1_164' title='bbox 228 2313 426 2359; x_wconf 81' lang='lat' dir='ltr'><strong>inclusit.</strong></span> <span class='ocrx_word' id='word_1_165' title='bbox 485 2311 655 2353; x_wconf 84' lang='lat' dir='ltr'><strong>Abesse</strong></span> <span class='ocrx_word' id='word_1_166' title='bbox 694 2324 798 2353; x_wconf 84' lang='lat' dir='ltr'><strong>sane</strong></span> <span class='ocrx_word' id='word_1_167' title='bbox 830 2316 975 2364; x_wconf 83' lang='lat' dir='ltr'><strong>potest</strong></span> <span class='ocrx_word' id='word_1_168' title='bbox 1004 2325 1118 2365; x_wconf 85' lang='lat' dir='ltr'><strong>pun—</strong></span> 
     </span>
     <span class='ocr_line' id='line_1_32' title="bbox 230 2365 1120 2429; baseline -0.011 -13"><span class='ocrx_word' id='word_1_169' title='bbox 230 2381 303 2417; x_wconf 86' lang='lat' dir='ltr'><strong>cto</strong></span> <span class='ocrx_word' id='word_1_170' title='bbox 338 2366 486 2429; x_wconf 84' lang='lat' dir='ltr'><strong>posito</strong></span> <span class='ocrx_word' id='word_1_171' title='bbox 511 2377 611 2426; x_wconf 85' lang='lat' dir='ltr'><strong>post</strong></span> <span class='ocrx_word' id='word_1_172' title='bbox 638 2367 913 2410; x_wconf 74' lang='lat' dir='ltr'><strong>Furiarum.</strong></span> <span class='ocrx_word' id='word_1_173' title='bbox 976 2365 1120 2408; x_wconf 83' lang='lat' dir='ltr'><strong>Paulo</strong></span> 
     </span>
     <span class='ocr_line' id='line_1_33' title="bbox 205 2422 1120 2486; baseline -0.009 -13"><span class='ocrx_word' id='word_1_174' title='bbox 205 2427 211 2438; x_wconf 29' lang='grc' dir='ltr'><strong>Χ</strong></span> <span class='ocrx_word' id='word_1_175' title='bbox 231 2438 334 2474; x_wconf 80' lang='lat' dir='ltr'><strong>ante</strong></span> <span class='ocrx_word' id='word_1_176' title='bbox 355 2442 437 2486; x_wconf 89' lang='lat' dir='ltr'><strong>pro</strong></span> <span class='ocrx_word' id='word_1_177' title='bbox 459 2425 879 2467; x_wconf 77' lang='lat' dir='ltr'><strong>intercursantibus</strong></span> <span class='ocrx_word' id='word_1_178' title='bbox 901 2423 1001 2466; x_wconf 87' lang='lat' dir='ltr'><strong>edd.</strong></span> <span class='ocrx_word' id='word_1_179' title='bbox 1018 2422 1120 2465; x_wconf 79' lang='lat' dir='ltr'><strong>Put.</strong></span> 
     </span>
     <span class='ocr_line' id='line_1_34' title="bbox 229 2481 1121 2529; baseline -0.006 -2"><span class='ocrx_word' id='word_1_180' title='bbox 229 2486 286 2529; x_wconf 90' lang='lat' dir='ltr'><strong>V.</strong></span> <span class='ocrx_word' id='word_1_181' title='bbox 301 2481 508 2528; x_wconf 87' lang='lat' dir='ltr'><strong>Beroald.</strong></span> <span class='ocrx_word' id='word_1_182' title='bbox 527 2482 620 2525; x_wconf 83' lang='lat' dir='ltr'><strong>Alc.</strong></span> <span class='ocrx_word' id='word_1_183' title='bbox 652 2482 804 2524; x_wconf 81' lang='lat' dir='ltr'><strong>ferunt</strong></span> <span class='ocrx_word' id='word_1_184' title='bbox 826 2482 1121 2523; x_wconf 76' lang='lat' dir='ltr'><strong>inter-cusan-</strong></span> 
     </span>
     <span class='ocr_line' id='line_1_35' title="bbox 232 2537 1122 2591; baseline -0.01 -3"><span class='ocrx_word' id='word_1_185' title='bbox 232 2548 366 2588; x_wconf 75' lang='lat' dir='ltr'><strong>tibus.</strong></span> <span class='ocrx_word' id='word_1_186' title='bbox 428 2539 658 2591; x_wconf 76' lang='lat' dir='ltr'><strong>Victorius</strong></span> <span class='ocrx_word' id='word_1_187' title='bbox 692 2539 740 2581; x_wconf 90' lang='lat' dir='ltr'><strong>in</strong></span> <span class='ocrx_word' id='word_1_188' title='bbox 773 2555 855 2581; x_wconf 89' lang='lat' dir='ltr'><strong>suo</strong></span> <span class='ocrx_word' id='word_1_189' title='bbox 888 2555 1006 2581; x_wconf 85' lang='lat' dir='ltr'><strong>exem</strong></span> <span class='ocrx_word' id='word_1_190' title='bbox 1045 2537 1122 2580; x_wconf 81' lang='lat' dir='ltr'><strong>lari</strong></span> 
     </span>
     <span class='ocr_line' id='line_1_36' title="bbox 233 2596 1122 2647; baseline -0.009 -2"><span class='ocrx_word' id='word_1_191' title='bbox 233 2604 428 2647; x_wconf 82' lang='lat' dir='ltr'><strong>litteram</strong></span> <span class='ocrx_word' id='word_1_192' title='bbox 470 2612 497 2639; x_wconf 90' lang='lat' dir='ltr'><strong>r</strong></span> <span class='ocrx_word' id='word_1_193' title='bbox 542 2597 711 2639; x_wconf 82' lang='lat' dir='ltr'><strong>addidit</strong></span> <span class='ocrx_word' id='word_1_194' title='bbox 762 2612 785 2639; x_wconf 90' lang='lat' dir='ltr'><strong>e</strong></span> <span class='ocrx_word' id='word_1_195' title='bbox 826 2596 930 2639; x_wconf 91' lang='lat' dir='ltr'><strong>MS.</strong></span> <span class='ocrx_word' id='word_1_196' title='bbox 973 2596 1122 2643; x_wconf 80' lang='lat' dir='ltr'><strong>For..</strong></span> 
     </span>
     <span class='ocr_line' id='line_1_37' title="bbox 216 2652 1123 2716; baseline -0.01 -14"><span class='ocrx_word' id='word_1_197' title='bbox 216 2675 340 2711; x_wconf 58' lang='lat' dir='ltr'><strong>„curn</strong></span> <span class='ocrx_word' id='word_1_198' title='bbox 385 2672 477 2716; x_wconf 90' lang='lat' dir='ltr'><strong>quo</strong></span> <span class='ocrx_word' id='word_1_199' title='bbox 524 2655 811 2698; x_wconf 78' lang='lat' dir='ltr'><strong>consentiunt</strong></span> <span class='ocrx_word' id='word_1_200' title='bbox 860 2653 962 2697; x_wconf 80' lang='lat' dir='ltr'><strong>edd.</strong></span> <span class='ocrx_word' id='word_1_201' title='bbox 1003 2652 1123 2711; x_wconf 77' lang='lat' dir='ltr'><strong>Spir.</strong></span> 
     </span>
    </p>
   </div>
   <div class='ocr_carea' id='block_1_11' title="bbox 234 2717 502 2772">
    <p class='ocr_par' dir='ltr' id='par_1_11' title="bbox 234 2717 502 2772">
     <span class='ocr_line' id='line_1_38' title="bbox 234 2717 502 2772; baseline -0.019 -12"><span class='ocrx_word' id='word_1_202' title='bbox 234 2717 380 2760; x_wconf 87' lang='lat' dir='ltr'><strong>Rhen.</strong></span> <span class='ocrx_word' id='word_1_203' title='bbox 406 2730 502 2772; x_wconf 89' lang='lat' dir='ltr'><strong>sqq.</strong></span> 
     </span>
    </p>
   </div>
   <div class='ocr_carea' id='block_1_12' title="bbox 224 2778 1129 3067">
    <p class='ocr_par' dir='ltr' id='par_1_12' title="bbox 224 2778 1129 3067">
     <span class='ocr_line' id='line_1_39' title="bbox 290 2778 1124 2840; baseline -0.008 -10"><span class='ocrx_word' id='word_1_204' title='bbox 290 2794 418 2830; x_wconf 83' lang='lat' dir='ltr'><strong>veste</strong></span> <span class='ocrx_word' id='word_1_205' title='bbox 441 2783 605 2840; x_wconf 78' lang='lat' dir='ltr'><strong>ferali.</strong></span> <span class='ocrx_word' id='word_1_206' title='bbox 687 2778 745 2824; x_wconf 85' lang='lat' dir='ltr'><strong>ef.</strong></span> <span class='ocrx_word' id='word_1_207' title='bbox 780 2779 938 2824; x_wconf 82' lang='lat' dir='ltr'><strong>Germ.</strong></span> <span class='ocrx_word' id='word_1_208' title='bbox 975 2797 1016 2825; x_wconf 88' lang='lat' dir='ltr'><strong>c.</strong></span> <span class='ocrx_word' id='word_1_209' title='bbox 1054 2779 1124 2824; x_wconf 83' lang='lat'><strong>43.</strong></span> 
     </span>
     <span class='ocr_line' id='line_1_40' title="bbox 235 2840 1128 2901; baseline -0.009 -12"><span class='ocrx_word' id='word_1_210' title='bbox 235 2846 375 2900; x_wconf 79' lang='lat' dir='ltr'><strong>nigra</strong></span> <span class='ocrx_word' id='word_1_211' title='bbox 394 2849 548 2891; x_wconf 80' lang='lat' dir='ltr'><strong>scuta,</strong></span> <span class='ocrx_word' id='word_1_212' title='bbox 579 2840 722 2880; x_wconf 80' lang='lat' dir='ltr'><strong>tincta</strong></span> <span class='ocrx_word' id='word_1_213' title='bbox 745 2853 964 2893; x_wconf 79' lang='lat' dir='ltr'><strong>corpora,</strong></span> <span class='ocrx_word' id='word_1_214' title='bbox 994 2847 1128 2901; x_wconf 69' lang='lat' dir='ltr'><strong>atrqs</strong></span> 
     </span>
     <span class='ocr_line' id='line_1_41' title="bbox 235 2897 1128 2957; baseline -0.008 -12"><span class='ocrx_word' id='word_1_215' title='bbox 235 2907 299 2945; x_wconf 77' lang='lat' dir='ltr'><strong>ad</strong></span> <span class='ocrx_word' id='word_1_216' title='bbox 321 2899 506 2957; x_wconf 83' lang='lat' dir='ltr'><strong>proelia</strong></span> <span class='ocrx_word' id='word_1_217' title='bbox 540 2904 695 2939; x_wconf 77' lang='lat' dir='ltr'><strong>noctes</strong></span> <span class='ocrx_word' id='word_1_218' title='bbox 722 2899 904 2951; x_wconf 80' lang='lat' dir='ltr'><strong>legunt,</strong></span> <span class='ocrx_word' id='word_1_219' title='bbox 933 2897 1128 2951; x_wconf 82' lang='lat' dir='ltr'><strong>ipsaque</strong></span> 
     </span>
     <span class='ocr_line' id='line_1_42' title="bbox 224 2953 1129 3018; baseline -0.008 -15"><span class='ocrx_word' id='word_1_220' title='bbox 224 2959 488 3018; x_wconf 80' lang='lat' dir='ltr'><strong>formidine</strong></span> <span class='ocrx_word' id='word_1_221' title='bbox 542 2962 684 3009; x_wconf 80' lang='lat' dir='ltr'><strong>atque</strong></span> <span class='ocrx_word' id='word_1_222' title='bbox 739 2955 908 2996; x_wconf 79' lang='lat' dir='ltr'><strong>umbra</strong></span> <span class='ocrx_word' id='word_1_223' title='bbox 956 2953 1129 3008; x_wconf 81' lang='lat' dir='ltr'><strong>feralis</strong></span> 
     </span>
     <span class='ocr_line' id='line_1_43' title="bbox 238 3011 979 3067; baseline -0.012 -6"><span class='ocrx_word' id='word_1_224' title='bbox 238 3017 476 3061; x_wconf 73' lang='lat' dir='ltr'><strong>exercitus</strong></span> <span class='ocrx_word' id='word_1_225' title='bbox 499 3021 732 3054; x_wconf 83' lang='lat' dir='ltr'><strong>terrorem</strong></span> <span class='ocrx_word' id='word_1_226' title='bbox 757 3011 979 3067; x_wconf 82' lang='lat' dir='ltr'><strong>inferunt.</strong></span> 
     </span>
    </p>
   </div>
   <div class='ocr_carea' id='block_1_13' title="bbox 227 3081 1130 3597">
    <p class='ocr_par' dir='ltr' id='par_1_13' title="bbox 227 3081 1130 3597">
     <span class='ocr_line' id='line_1_44' title="bbox 241 3081 1125 3188; baseline -0.009 0"><span class='ocrx_word' id='word_1_227' title='bbox 241 3081 868 3188; x_wconf 61' lang='lat' dir='ltr'><strong>Gs‘5⁰f³⁸.d¹?1“¹15{i&#39;&#39;⁶1(&#39;1‘²&#39;².i·v</strong></span> <span class='ocrx_word' id='word_1_228' title='bbox 904 3081 1125 3181; x_wconf 60' lang='grc' dir='ltr'><strong>ῗὲἓωῒῖῑῗ·</strong></span> 
     </span>
     <span class='ocr_line' id='line_1_45' title="bbox 287 3161 1125 3187; baseline -0.013 0"><span class='ocrx_word' id='word_1_229' title='bbox 287 3161 341 3187; x_wconf 79' lang='lat' dir='ltr'><strong>ue</strong></span> <span class='ocrx_word' id='word_1_230' title='bbox 381 3175 391 3186; x_wconf 74' lang='grc' dir='ltr'>ι</span> <span class='ocrx_word' id='word_1_231' title='bbox 506 3171 517 3183; x_wconf 75' lang='grc' dir='ltr'><strong>ο</strong></span> <span class='ocrx_word' id='word_1_232' title='bbox 641 3166 647 3180; x_wconf 75' lang='grc' dir='ltr'>ι</span> <span class='ocrx_word' id='word_1_233' title='bbox 729 3171 739 3181; x_wconf 75' lang='lat'><strong>·</strong></span> <span class='ocrx_word' id='word_1_234' title='bbox 869 3169 882 3180; x_wconf 74' lang='grc' dir='ltr'><strong>ο</strong></span> <span class='ocrx_word' id='word_1_235' title='bbox 1115 3170 1125 3181; x_wconf 83' lang='grc'><strong><em>.</em></strong></span> 
     </span>
     <span class='ocr_line' id='line_1_46' title="bbox 241 3195 1130 3257; baseline -0.009 -12"><span class='ocrx_word' id='word_1_236' title='bbox 241 3211 302 3257; x_wconf 79' lang='lat' dir='ltr'><strong>(e.</strong></span> <span class='ocrx_word' id='word_1_237' title='bbox 327 3200 470 3243; x_wconf 85' lang='lat' dir='ltr'><strong>silent.</strong></span> <span class='ocrx_word' id='word_1_238' title='bbox 495 3198 629 3252; x_wconf 83' lang='lat' dir='ltr'><strong>vict.)</strong></span> <span class='ocrx_word' id='word_1_239' title='bbox 653 3195 751 3238; x_wconf 84' lang='lat' dir='ltr'><strong>Ale.</strong></span> <span class='ocrx_word' id='word_1_240' title='bbox 775 3196 916 3239; x_wconf 87' lang='lat' dir='ltr'><strong>Rhen.</strong></span> <span class='ocrx_word' id='word_1_241' title='bbox 942 3212 1040 3254; x_wconf 85' lang='lat' dir='ltr'><strong>sqq.</strong></span> <span class='ocrx_word' id='word_1_242' title='bbox 1071 3223 1130 3232; x_wconf 86' lang='lat'><strong>--</strong></span> 
     </span>
     <span class='ocr_line' id='line_1_47' title="bbox 227 3252 1130 3314; baseline -0.003 -15"><span class='ocrx_word' id='word_1_243' title='bbox 227 3258 386 3314; x_wconf 84' lang='lat' dir='ltr'><strong>facies</strong></span> <span class='ocrx_word' id='word_1_244' title='bbox 422 3256 756 3311; x_wconf 81' lang='lat' dir='ltr'><strong>praeferebant</strong></span> <span class='ocrx_word' id='word_1_245' title='bbox 798 3253 872 3296; x_wconf 89' lang='lat' dir='ltr'><strong>ed.</strong></span> <span class='ocrx_word' id='word_1_246' title='bbox 914 3252 1030 3310; x_wconf 87' lang='lat' dir='ltr'><strong>Spir.</strong></span> <span class='ocrx_word' id='word_1_247' title='bbox 1070 3280 1130 3290; x_wconf 87' lang='lat'><strong>-—-</strong></span> 
     </span>
     <span class='ocr_line' id='line_1_48' title="bbox 238 3310 1128 3367; baseline -0.006 -10"><span class='ocrx_word' id='word_1_248' title='bbox 238 3315 429 3357; x_wconf 70' lang='lat' dir='ltr'><strong>deiectis</strong></span> <span class='ocrx_word' id='word_1_249' title='bbox 451 3317 698 3355; x_wconf 78' lang='lat' dir='ltr'><strong>horrorem</strong></span> <span class='ocrx_word' id='word_1_250' title='bbox 709 3311 862 3367; x_wconf 81' lang='lat' dir='ltr'><strong>facies</strong></span> <span class='ocrx_word' id='word_1_251' title='bbox 880 3310 1128 3366; x_wconf 68' lang='lat' dir='ltr'><strong>praestre-</strong></span> 
     </span>
     <span class='ocr_line' id='line_1_49' title="bbox 240 3366 1126 3426; baseline -0.006 -12"><span class='ocrx_word' id='word_1_252' title='bbox 240 3374 355 3414; x_wconf 81' lang='lat' dir='ltr'><strong>bant</strong></span> <span class='ocrx_word' id='word_1_253' title='bbox 392 3370 495 3413; x_wconf 90' lang='lat' dir='ltr'><strong>MS.</strong></span> <span class='ocrx_word' id='word_1_254' title='bbox 541 3370 653 3426; x_wconf 82' lang='lat' dir='ltr'><strong>Agr.</strong></span> <span class='ocrx_word' id='word_1_255' title='bbox 744 3367 879 3411; x_wconf 90' lang='lat' dir='ltr'><strong>Unde</strong></span> <span class='ocrx_word' id='word_1_256' title='bbox 920 3366 1126 3411; x_wconf 79' lang='lat' dir='ltr'><strong>Heinsius</strong></span> 
     </span>
     <span class='ocr_line' id='line_1_50' title="bbox 239 3425 1125 3478; baseline -0.006 -6"><span class='ocrx_word' id='word_1_257' title='bbox 239 3427 432 3478; x_wconf 76' lang='lat' dir='ltr'><strong>coniecit</strong></span> <span class='ocrx_word' id='word_1_258' title='bbox 453 3427 637 3468; x_wconf 72' lang='lat' dir='ltr'><strong>deiectis</strong></span> <span class='ocrx_word' id='word_1_259' title='bbox 656 3427 703 3467; x_wconf 83' lang='lat' dir='ltr'><strong>z&#39;n</strong></span> <span class='ocrx_word' id='word_1_260' title='bbox 725 3440 824 3468; x_wconf 81' lang='lat' dir='ltr'><strong>oro.</strong></span> <span class='ocrx_word' id='word_1_261' title='bbox 877 3425 963 3469; x_wconf 90' lang='lat' dir='ltr'><strong>Sed</strong></span> <span class='ocrx_word' id='word_1_262' title='bbox 988 3425 1125 3468; x_wconf 84' lang='lat' dir='ltr'><strong>codex</strong></span> 
     </span>
     <span class='ocr_line' id='line_1_51' title="bbox 238 3483 898 3542; baseline -0.005 -13"><span class='ocrx_word' id='word_1_263' title='bbox 238 3485 316 3530; x_wconf 83' lang='lat' dir='ltr'><strong>ille</strong></span> <span class='ocrx_word' id='word_1_264' title='bbox 345 3483 415 3527; x_wconf 85' lang='lat' dir='ltr'><strong>bic</strong></span> <span class='ocrx_word' id='word_1_265' title='bbox 440 3490 652 3539; x_wconf 76' lang='lat' dir='ltr'><strong>nugatur,</strong></span> <span class='ocrx_word' id='word_1_266' title='bbox 684 3491 731 3524; x_wconf 78' lang='lat' dir='ltr'><strong>ut</strong></span> <span class='ocrx_word' id='word_1_267' title='bbox 755 3498 898 3542; x_wconf 84' lang='lat' dir='ltr'><strong>saepe.</strong></span> 
     </span>
     <span class='ocr_line' id='line_1_52' title="bbox 295 3540 1119 3597; baseline 0.001 -13"><span class='ocrx_word' id='word_1_268' title='bbox 295 3540 602 3594; x_wconf 74' lang='lat' dir='ltr'><strong>Druidaeque</strong></span> <span class='ocrx_word' id='word_1_269' title='bbox 636 3543 822 3583; x_wconf 76' lang='lat' dir='ltr'><strong>circum.</strong></span> <span class='ocrx_word' id='word_1_270' title='bbox 883 3540 985 3584; x_wconf 88' lang='lat' dir='ltr'><strong>MS.</strong></span> <span class='ocrx_word' id='word_1_271' title='bbox 1010 3540 1119 3597; x_wconf 84' lang='lat' dir='ltr'><strong>Agr.</strong></span> 
     </span>
    </p>
   </div>
   <div class='ocr_carea' id='block_1_14' title="bbox 1143 1195 2066 1268">
    <p class='ocr_par' dir='ltr' id='par_1_14' title="bbox 1143 1195 2066 1268">
     <span class='ocr_line' id='line_1_53' title="bbox 1143 1195 2066 1268; baseline 0.009 -22"><span class='ocrx_word' id='word_1_272' title='bbox 1143 1212 1279 1247; x_wconf 88' lang='lat' dir='ltr'><strong>nam</strong></span> <span class='ocrx_word' id='word_1_273' title='bbox 1321 1212 1528 1249; x_wconf 83' lang='lat' dir='ltr'><strong>cruore</strong></span> <span class='ocrx_word' id='word_1_274' title='bbox 1568 1195 1796 1268; x_wconf 89' lang='lat' dir='ltr'><strong>captivo</strong></span> <span class='ocrx_word' id='word_1_275' title='bbox 1832 1196 2066 1254; x_wconf 86' lang='lat' dir='ltr'><strong>adolere</strong></span> 
     </span>
    </p>
   </div>
   <div class='ocr_carea' id='block_1_15' title="bbox 1182 1435 2073 1606">
    <p class='ocr_par' dir='ltr' id='par_1_15' title="bbox 1182 1435 2073 1606">
     <span class='ocr_line' id='line_1_54' title="bbox 1182 1435 2067 1498; baseline 0.005 -20"><span class='ocrx_word' id='word_1_276' title='bbox 1182 1435 1302 1478; x_wconf 78' lang='lat' dir='ltr'><strong>addit</strong></span> <span class='ocrx_word' id='word_1_277' title='bbox 1325 1435 1603 1491; x_wconf 74' lang='lat' dir='ltr'><strong>frementes.</strong></span> <span class='ocrx_word' id='word_1_278' title='bbox 1664 1437 1739 1482; x_wconf 85' lang='lat' dir='ltr'><strong>Sic</strong></span> <span class='ocrx_word' id='word_1_279' title='bbox 1763 1437 1925 1498; x_wconf 69' lang='lat' dir='ltr'><strong>Vir-gil.</strong></span> <span class='ocrx_word' id='word_1_280' title='bbox 1950 1440 2067 1483; x_wconf 80' lang='lat' dir='ltr'><strong>Aen.</strong></span> 
     </span>
     <span class='ocr_line' id='line_1_55' title="bbox 1183 1495 2073 1606; baseline 0.006 -73"><span class='ocrx_word' id='word_1_281' title='bbox 1183 1495 1343 1606; x_wconf 45' lang='lat'><strong>{2:530</strong></span> <span class='ocrx_word' id='word_1_282' title='bbox 1370 1495 1542 1536; x_wconf 81' lang='lat' dir='ltr'><strong>circum</strong></span> <span class='ocrx_word' id='word_1_283' title='bbox 1596 1498 1807 1538; x_wconf 77' lang='lat' dir='ltr'><strong>claustra</strong></span> <span class='ocrx_word' id='word_1_284' title='bbox 1844 1497 2073 1553; x_wconf 71' lang='lat' dir='ltr'><strong>fremunt</strong></span> 
     </span>
    </p>
   </div>
   <div class='ocr_carea' id='block_1_16' title="bbox 1184 1616 2082 2426">
    <p class='ocr_par' dir='ltr' id='par_1_16' title="bbox 1184 1616 2074 1796">
     <span class='ocr_line' id='line_1_56' title="bbox 1237 1616 2071 1678; baseline 0.006 -16"><span class='ocrx_word' id='word_1_285' title='bbox 1237 1616 1486 1674; x_wconf 57' lang='lat' dir='ltr'><strong>perculere.</strong></span> <span class='ocrx_word' id='word_1_286' title='bbox 1536 1622 1634 1665; x_wconf 84' lang='lat' dir='ltr'><strong>MS.</strong></span> <span class='ocrx_word' id='word_1_287' title='bbox 1653 1623 1789 1666; x_wconf 81' lang='lat' dir='ltr'><strong>Corb.</strong></span> <span class='ocrx_word' id='word_1_288' title='bbox 1806 1626 2071 1678; x_wconf 77' lang='lat' dir='ltr'><strong>perpulere,</strong></span> 
     </span>
     <span class='ocr_line' id='line_1_57' title="bbox 1184 1679 2074 1737; baseline 0.003 -16"><span class='ocrx_word' id='word_1_289' title='bbox 1184 1679 1306 1737; x_wconf 88' lang='lat' dir='ltr'><strong>quod</strong></span> <span class='ocrx_word' id='word_1_290' title='bbox 1341 1695 1364 1721; x_wconf 89' lang='lat' dir='ltr'><strong>a</strong></span> <span class='ocrx_word' id='word_1_291' title='bbox 1402 1695 1537 1721; x_wconf 81' lang='lat' dir='ltr'><strong>manu</strong></span> <span class='ocrx_word' id='word_1_292' title='bbox 1573 1680 1652 1721; x_wconf 77' lang='lat' dir='ltr'><strong>viri</strong></span> <span class='ocrx_word' id='word_1_293' title='bbox 1694 1679 1815 1723; x_wconf 76' lang='lat' dir='ltr'><strong>docti</strong></span> <span class='ocrx_word' id='word_1_294' title='bbox 1845 1680 2074 1724; x_wconf 79' lang='lat' dir='ltr'><strong>Ernestius</strong></span> 
     </span>
     <span class='ocr_line' id='line_1_58' title="bbox 1185 1736 1745 1796; baseline 0.002 -17"><span class='ocrx_word' id='word_1_295' title='bbox 1185 1736 1382 1794; x_wconf 73' lang='lat' dir='ltr'><strong>repperit</strong></span> <span class='ocrx_word' id='word_1_296' title='bbox 1407 1736 1451 1777; x_wconf 83' lang='lat' dir='ltr'><strong>in</strong></span> <span class='ocrx_word' id='word_1_297' title='bbox 1477 1737 1544 1779; x_wconf 71' lang='lat' dir='ltr'><strong>ed.</strong></span> <span class='ocrx_word' id='word_1_298' title='bbox 1573 1737 1745 1796; x_wconf 86' lang='lat' dir='ltr'><strong>Gryph.</strong></span> 
     </span>
    </p>

    <p class='ocr_par' dir='ltr' id='par_1_17' title="bbox 1188 1806 2082 2426">
     <span class='ocr_line' id='line_1_59' title="bbox 1243 1806 2074 1855; baseline 0.006 -8"><span class='ocrx_word' id='word_1_299' title='bbox 1243 1807 1429 1848; x_wconf 78' lang='lat' dir='ltr'><strong>milites.</strong></span> <span class='ocrx_word' id='word_1_300' title='bbox 1486 1806 1563 1850; x_wconf 86' lang='lat' dir='ltr'><strong>Sic</strong></span> <span class='ocrx_word' id='word_1_301' title='bbox 1583 1808 1682 1850; x_wconf 88' lang='lat' dir='ltr'><strong>edd.</strong></span> <span class='ocrx_word' id='word_1_302' title='bbox 1700 1806 1934 1855; x_wconf 77' lang='lat' dir='ltr'><strong>Pichenae‚</strong></span> <span class='ocrx_word' id='word_1_303' title='bbox 1959 1808 2074 1852; x_wconf 87' lang='lat' dir='ltr'><strong>Gro-</strong></span> 
     </span>
     <span class='ocr_line' id='line_1_60' title="bbox 1188 1863 2075 1923; baseline 0.003 -16"><span class='ocrx_word' id='word_1_304' title='bbox 1188 1864 1456 1912; x_wconf 88' lang='lat' dir='ltr'><strong>noviorum‚</strong></span> <span class='ocrx_word' id='word_1_305' title='bbox 1502 1863 1679 1908; x_wconf 79' lang='lat' dir='ltr'><strong>Ernest.</strong></span> <span class='ocrx_word' id='word_1_306' title='bbox 1708 1881 1803 1923; x_wconf 89' lang='lat' dir='ltr'><strong>sqq.</strong></span> <span class='ocrx_word' id='word_1_307' title='bbox 1837 1875 1887 1908; x_wconf 80' lang='lat' dir='ltr'><strong>ut</strong></span> <span class='ocrx_word' id='word_1_308' title='bbox 1917 1882 1941 1908; x_wconf 89' lang='lat' dir='ltr'><strong>e</strong></span> <span class='ocrx_word' id='word_1_309' title='bbox 1972 1867 2075 1910; x_wconf 88' lang='lat' dir='ltr'><strong>MS.</strong></span> 
     </span>
     <span class='ocr_line' id='line_1_61' title="bbox 1190 1920 2075 1982; baseline 0.001 -18"><span class='ocrx_word' id='word_1_310' title='bbox 1190 1923 1312 1964; x_wconf 87' lang='lat' dir='ltr'><strong>Flor.</strong></span> <span class='ocrx_word' id='word_1_311' title='bbox 1365 1920 1591 1963; x_wconf 87' lang='lat' dir='ltr'><strong>Victorius</strong></span> <span class='ocrx_word' id='word_1_312' title='bbox 1614 1931 1762 1965; x_wconf 83' lang='lat' dir='ltr'><strong>tamen</strong></span> <span class='ocrx_word' id='word_1_313' title='bbox 1786 1923 1965 1982; x_wconf 82' lang='lat' dir='ltr'><strong>reliquit</strong></span> <span class='ocrx_word' id='word_1_314' title='bbox 1987 1926 2075 1966; x_wconf 75' lang='grc' dir='ltr'><strong>νηί-</strong></span> 
     </span>
     <span class='ocr_line' id='line_1_62' title="bbox 1189 1978 2078 2038; baseline 0.004 -18"><span class='ocrx_word' id='word_1_315' title='bbox 1189 1982 1342 2028; x_wconf 81' lang='lat' dir='ltr'><strong>licem,</strong></span> <span class='ocrx_word' id='word_1_316' title='bbox 1374 1980 1495 2034; x_wconf 88' lang='lat' dir='ltr'><strong>quod</strong></span> <span class='ocrx_word' id='word_1_317' title='bbox 1522 1988 1586 2020; x_wconf 88' lang='lat' dir='ltr'><strong>est</strong></span> <span class='ocrx_word' id='word_1_318' title='bbox 1611 1978 1657 2021; x_wconf 90' lang='lat' dir='ltr'><strong>in</strong></span> <span class='ocrx_word' id='word_1_319' title='bbox 1681 1979 1952 2024; x_wconf 57' lang='lat' dir='ltr'><strong>MSS.&gt;Bud.</strong></span> <span class='ocrx_word' id='word_1_320' title='bbox 1971 1981 2078 2038; x_wconf 75' lang='lat' dir='ltr'><strong>Agr.</strong></span> 
     </span>
     <span class='ocr_line' id='line_1_63' title="bbox 1189 2035 2078 2096; baseline 0.003 -18"><span class='ocrx_word' id='word_1_321' title='bbox 1189 2036 1313 2078; x_wconf 84' lang='lat' dir='ltr'><strong>Harl.</strong></span> <span class='ocrx_word' id='word_1_322' title='bbox 1356 2035 1487 2078; x_wconf 88' lang='lat' dir='ltr'><strong>Bodl.</strong></span> <span class='ocrx_word' id='word_1_323' title='bbox 1526 2036 1603 2078; x_wconf 86' lang='lat' dir='ltr'><strong>les.</strong></span> <span class='ocrx_word' id='word_1_324' title='bbox 1637 2036 1783 2080; x_wconf 88' lang='lat' dir='ltr'><strong>Guelf.</strong></span> <span class='ocrx_word' id='word_1_325' title='bbox 1825 2039 1923 2082; x_wconf 73' lang='lat' dir='ltr'><strong>edd,</strong></span> <span class='ocrx_word' id='word_1_326' title='bbox 1961 2038 2078 2096; x_wconf 84' lang='lat' dir='ltr'><strong>Spir.</strong></span> 
     </span>
     <span class='ocr_line' id='line_1_64' title="bbox 1191 2092 2076 2139; baseline 0.002 -3"><span class='ocrx_word' id='word_1_327' title='bbox 1191 2095 1290 2136; x_wconf 88' lang='lat' dir='ltr'><strong>Put.</strong></span> <span class='ocrx_word' id='word_1_328' title='bbox 1317 2093 1382 2134; x_wconf 89' lang='lat' dir='ltr'><strong>M.</strong></span> <span class='ocrx_word' id='word_1_329' title='bbox 1416 2101 1458 2135; x_wconf 89' lang='lat' dir='ltr'><strong>et</strong></span> <span class='ocrx_word' id='word_1_330' title='bbox 1482 2093 1536 2135; x_wconf 91' lang='lat' dir='ltr'><strong>V.</strong></span> <span class='ocrx_word' id='word_1_331' title='bbox 1560 2092 1768 2137; x_wconf 87' lang='lat' dir='ltr'><strong>Beroald.</strong></span> <span class='ocrx_word' id='word_1_332' title='bbox 1804 2094 1902 2139; x_wconf 89' lang='lat' dir='ltr'><strong>Alc.</strong></span> <span class='ocrx_word' id='word_1_333' title='bbox 1934 2096 2076 2139; x_wconf 81' lang='lat' dir='ltr'><strong>Rhen.</strong></span> 
     </span>
     <span class='ocr_line' id='line_1_65' title="bbox 1190 2147 2081 2208; baseline 0.004 -15"><span class='ocrx_word' id='word_1_334' title='bbox 1190 2166 1285 2208; x_wconf 90' lang='lat' dir='ltr'><strong>sqq.</strong></span> <span class='ocrx_word' id='word_1_335' title='bbox 1309 2159 1351 2192; x_wconf 89' lang='lat' dir='ltr'><strong>et</strong></span> <span class='ocrx_word' id='word_1_336' title='bbox 1373 2149 1518 2207; x_wconf 82' lang='lat' dir='ltr'><strong>Ryck.</strong></span> <span class='ocrx_word' id='word_1_337' title='bbox 1582 2147 1861 2195; x_wconf 73' lang='lat' dir='ltr'><strong>Com-,innius</strong></span> <span class='ocrx_word' id='word_1_338' title='bbox 1887 2169 1992 2196; x_wconf 86' lang='lat' dir='ltr'><strong>sane</strong></span> <span class='ocrx_word' id='word_1_339' title='bbox 2015 2163 2081 2197; x_wconf 73' lang='lat' dir='ltr'><strong>est</strong></span> 
     </span>
     <span class='ocr_line' id='line_1_66' title="bbox 1192 2208 2078 2275; baseline 0.003 -25"><span class='ocrx_word' id='word_1_340' title='bbox 1192 2209 1364 2250; x_wconf 79' lang='lat' dir='ltr'><strong>milites</strong></span> <span class='ocrx_word' id='word_1_341' title='bbox 1397 2208 1454 2250; x_wconf 90' lang='lat' dir='ltr'><strong>ob</strong></span> <span class='ocrx_word' id='word_1_342' title='bbox 1488 2223 1678 2275; x_wconf 89' lang='lat' dir='ltr'><strong>sequens</strong></span> <span class='ocrx_word' id='word_1_343' title='bbox 1717 2211 1900 2252; x_wconf 83' lang='lat' dir='ltr'><strong>verbum</strong></span> <span class='ocrx_word' id='word_1_344' title='bbox 1932 2226 2078 2267; x_wconf 81' lang='lat' dir='ltr'><strong>prae-</strong></span> 
     </span>
     <span class='ocr_line' id='line_1_67' title="bbox 1191 2266 2080 2314; baseline 0.004 -7"><span class='ocrx_word' id='word_1_345' title='bbox 1191 2268 1373 2314; x_wconf 83' lang='lat' dir='ltr'><strong>bcrent‚·</strong></span> <span class='ocrx_word' id='word_1_346' title='bbox 1414 2272 1457 2306; x_wconf 85' lang='lat' dir='ltr'><strong>et</strong></span> <span class='ocrx_word' id='word_1_347' title='bbox 1493 2266 1694 2307; x_wconf 81' lang='lat' dir='ltr'><strong>mllitem</strong></span> <span class='ocrx_word' id='word_1_348' title='bbox 1727 2267 1761 2308; x_wconf 81' lang='lat' dir='ltr'><strong>si</strong></span> <span class='ocrx_word' id='word_1_349' title='bbox 1786 2266 1949 2310; x_wconf 83' lang='lat' dir='ltr'><strong>Noster</strong></span> <span class='ocrx_word' id='word_1_350' title='bbox 1974 2270 2080 2312; x_wconf 84' lang='lat' dir='ltr'><strong>scri·</strong></span> 
     </span>
     <span class='ocr_line' id='line_1_68' title="bbox 1192 2323 2082 2383; baseline 0.004 -18"><span class='ocrx_word' id='word_1_351' title='bbox 1192 2324 1256 2365; x_wconf 82' lang='lat' dir='ltr'><strong>bit</strong></span> <span class='ocrx_word' id='word_1_352' title='bbox 1289 2323 1548 2371; x_wconf 77' lang='lat' dir='ltr'><strong>collective,</strong></span> <span class='ocrx_word' id='word_1_353' title='bbox 1578 2330 1674 2365; x_wconf 88' lang='lat' dir='ltr'><strong>tum</strong></span> <span class='ocrx_word' id='word_1_354' title='bbox 1706 2323 1912 2383; x_wconf 76' lang='lat' dir='ltr'><strong>intelligit</strong></span> <span class='ocrx_word' id='word_1_355' title='bbox 1935 2334 2082 2369; x_wconf 79' lang='lat' dir='ltr'><strong>totum</strong></span> 
     </span>
     <span class='ocr_line' id='line_1_69' title="bbox 1191 2380 2082 2426; baseline 0.004 -3"><span class='ocrx_word' id='word_1_356' title='bbox 1191 2380 1386 2423; x_wconf 79' lang='lat' dir='ltr'><strong>rnilitum</strong></span> <span class='ocrx_word' id='word_1_357' title='bbox 1437 2380 1702 2423; x_wconf 81' lang='lat' dir='ltr'><strong>exercitum:</strong></span> <span class='ocrx_word' id='word_1_358' title='bbox 1760 2380 1834 2424; x_wconf 89' lang='lat' dir='ltr'><strong>hic</strong></span> <span class='ocrx_word' id='word_1_359' title='bbox 1877 2398 1983 2426; x_wconf 80' lang='lat' dir='ltr'><strong>vero</strong></span> <span class='ocrx_word' id='word_1_360' title='bbox 2027 2387 2082 2426; x_wconf 84' lang='lat' dir='ltr'><strong>de</strong></span> 
     </span>
    </p>
   </div>
   <div class='ocr_carea' id='block_1_17' title="bbox 1193 2436 2084 2538">
    <p class='ocr_par' dir='ltr' id='par_1_18' title="bbox 1193 2436 2084 2538">
     <span class='ocr_line' id='line_1_70' title="bbox 1195 2436 2084 2498; baseline 0.004 -19"><span class='ocrx_word' id='word_1_361' title='bbox 1195 2436 1348 2479; x_wconf 85' lang='lat' dir='ltr'><strong>multis</strong></span> <span class='ocrx_word' id='word_1_362' title='bbox 1387 2437 1454 2479; x_wconf 81' lang='lat' dir='ltr'><strong>vel</strong></span> <span class='ocrx_word' id='word_1_363' title='bbox 1494 2438 1698 2494; x_wconf 85' lang='lat' dir='ltr'><strong>plurimis</strong></span> <span class='ocrx_word' id='word_1_364' title='bbox 1735 2439 1928 2482; x_wconf 83' lang='lat' dir='ltr'><strong>militum</strong></span> <span class='ocrx_word' id='word_1_365' title='bbox 1963 2440 2084 2498; x_wconf 84' lang='lat' dir='ltr'><strong>cogi·</strong></span> 
     </span>
     <span class='ocr_line' id='line_1_71' title="bbox 1193 2495 1483 2538; baseline -0.003 -1"><span class='ocrx_word' id='word_1_366' title='bbox 1193 2495 1377 2538; x_wconf 83' lang='lat' dir='ltr'><strong>tandum</strong></span> <span class='ocrx_word' id='word_1_367' title='bbox 1407 2503 1483 2536; x_wconf 87' lang='lat' dir='ltr'><strong>est.</strong></span> 
     </span>
    </p>
   </div>
   <div class='ocr_carea' id='block_1_18' title="bbox 1195 2551 2084 3125">
    <p class='ocr_par' dir='ltr' id='par_1_19' title="bbox 1195 2551 2084 2825">
     <span class='ocr_line' id='line_1_72' title="bbox 1205 2551 2084 2620; baseline 0.009 -28"><span class='ocrx_word' id='word_1_368' title='bbox 1205 2610 1214 2620; x_wconf 36' lang='lat'><em>⁶</em></span> <span class='ocrx_word' id='word_1_369' title='bbox 1253 2560 1300 2619; x_wconf 64' lang='lat' dir='ltr'><strong>ef</strong></span> <span class='ocrx_word' id='word_1_370' title='bbox 1333 2567 1383 2594; x_wconf 87' lang='lat' dir='ltr'><strong>se</strong></span> <span class='ocrx_word' id='word_1_371' title='bbox 1416 2551 1521 2606; x_wconf 63' lang='grc' dir='ltr'><strong>ψεῖ.</strong></span> <span class='ocrx_word' id='word_1_372' title='bbox 1598 2553 1699 2597; x_wconf 91' lang='lat' dir='ltr'><strong>MS.</strong></span> <span class='ocrx_word' id='word_1_373' title='bbox 1736 2553 1848 2612; x_wconf 74' lang='lat' dir='ltr'><strong>Agr.</strong></span> <span class='ocrx_word' id='word_1_374' title='bbox 1897 2564 1942 2598; x_wconf 80' lang='lat' dir='ltr'><strong>et</strong></span> <span class='ocrx_word' id='word_1_375' title='bbox 1983 2570 2084 2600; x_wconf 78' lang='lat' dir='ltr'><strong>sese</strong></span> 
     </span>
     <span class='ocr_line' id='line_1_73' title="bbox 1195 2625 1298 2652; baseline 0.01 -1"><span class='ocrx_word' id='word_1_376' title='bbox 1195 2625 1208 2651; x_wconf 86' lang='lat'><em>1</em></span> <span class='ocrx_word' id='word_1_377' title='bbox 1228 2625 1298 2652; x_wconf 73' lang='lat' dir='ltr'><strong>›sl-</strong></span> 
     </span>
     <span class='ocr_line' id='line_1_74' title="bbox 1209 2626 2083 2729; baseline 0.008 -21"><span class='ocrx_word' id='word_1_378' title='bbox 1209 2626 1234 2665; x_wconf 56' lang='grc' dir='ltr'><em>Ι</em></span> <span class='ocrx_word' id='word_1_379' title='bbox 1253 2667 1353 2720; x_wconf 76' lang='lat' dir='ltr'><strong>igni</strong></span> <span class='ocrx_word' id='word_1_380' title='bbox 1374 2680 1463 2708; x_wconf 80' lang='lat' dir='ltr'><strong>suo</strong></span> <span class='ocrx_word' id='word_1_381' title='bbox 1487 2666 1741 2709; x_wconf 75' lang='lat' dir='ltr'><strong>involvunt.</strong></span> <span class='ocrx_word' id='word_1_382' title='bbox 1812 2667 1971 2729; x_wconf 83' lang='lat' dir='ltr'><strong>Virgil.</strong></span> <span class='ocrx_word' id='word_1_383' title='bbox 1998 2669 2083 2715; x_wconf 89' lang='lat' dir='ltr'><strong>Ge-</strong></span> 
     </span>
     <span class='ocr_line' id='line_1_75' title="bbox 1197 2723 2082 2786; baseline 0.006 -20"><span class='ocrx_word' id='word_1_384' title='bbox 1197 2739 1290 2780; x_wconf 78' lang='lat' dir='ltr'><strong>org.</strong></span> <span class='ocrx_word' id='word_1_385' title='bbox 1316 2725 1358 2771; x_wconf 74' lang='lat'><strong>2.</strong></span> <span class='ocrx_word' id='word_1_386' title='bbox 1377 2723 1475 2766; x_wconf 74' lang='lat'><strong>308.</strong></span> <span class='ocrx_word' id='word_1_387' title='bbox 1496 2730 1540 2764; x_wconf 84' lang='lat' dir='ltr'><strong>et</strong></span> <span class='ocrx_word' id='word_1_388' title='bbox 1563 2731 1710 2766; x_wconf 81' lang='lat' dir='ltr'><strong>totum</strong></span> <span class='ocrx_word' id='word_1_389' title='bbox 1730 2726 1922 2771; x_wconf 72' lang='lat' dir='ltr'><strong>involvit</strong></span> <span class='ocrx_word' id='word_1_390' title='bbox 1933 2729 2082 2786; x_wconf 78' lang='lat' dir='ltr'><strong>flam-</strong></span> 
     </span>
     <span class='ocr_line' id='line_1_76' title="bbox 1197 2795 1493 2825; baseline -0.014 0"><span class='ocrx_word' id='word_1_391' title='bbox 1197 2796 1285 2825; x_wconf 76' lang='lat' dir='ltr'><strong>mzs</strong></span> <span class='ocrx_word' id='word_1_392' title='bbox 1307 2795 1493 2822; x_wconf 84' lang='lat' dir='ltr'><strong>nemus.</strong></span> 
     </span>
    </p>

    <p class='ocr_par' dir='ltr' id='par_1_20' title="bbox 1198 2837 2084 3125">
     <span class='ocr_line' id='line_1_77' title="bbox 1255 2837 2084 2895; baseline 0.005 -16"><span class='ocrx_word' id='word_1_393' title='bbox 1255 2839 1397 2882; x_wconf 78' lang='lat' dir='ltr'><strong>victis.</strong></span> <span class='ocrx_word' id='word_1_394' title='bbox 1485 2837 1562 2884; x_wconf 82' lang='lat' dir='ltr'><strong>Sic</strong></span> <span class='ocrx_word' id='word_1_395' title='bbox 1605 2839 1736 2883; x_wconf 89' lang='lat' dir='ltr'><strong>MSS.</strong></span> <span class='ocrx_word' id='word_1_396' title='bbox 1783 2839 1910 2883; x_wconf 83' lang='lat' dir='ltr'><strong>Flor.</strong></span> <span class='ocrx_word' id='word_1_397' title='bbox 1955 2843 2084 2895; x_wconf 79' lang='lat' dir='ltr'><strong>(test.</strong></span> 
     </span>
     <span class='ocr_line' id='line_1_78' title="bbox 1199 2894 2084 2951; baseline 0.003 -13"><span class='ocrx_word' id='word_1_398' title='bbox 1199 2895 1346 2950; x_wconf 81' lang='lat' dir='ltr'><strong>Pich.)</strong></span> <span class='ocrx_word' id='word_1_399' title='bbox 1379 2894 1528 2937; x_wconf 83' lang='lat' dir='ltr'><strong>Guelf.</strong></span> <span class='ocrx_word' id='word_1_400' title='bbox 1563 2896 1670 2951; x_wconf 79' lang='lat' dir='ltr'><strong>Reg.</strong></span> <span class='ocrx_word' id='word_1_401' title='bbox 1700 2897 1819 2941; x_wconf 84' lang='lat' dir='ltr'><strong>Harl.</strong></span> <span class='ocrx_word' id='word_1_402' title='bbox 1843 2897 1970 2946; x_wconf 80' lang='lat' dir='ltr'><strong>Bodl‚</strong></span> <span class='ocrx_word' id='word_1_403' title='bbox 2001 2898 2084 2941; x_wconf 80' lang='lat' dir='ltr'><strong>les.</strong></span> 
     </span>
     <span class='ocr_line' id='line_1_79' title="bbox 1198 2953 2083 3010; baseline 0.001 -14"><span class='ocrx_word' id='word_1_404' title='bbox 1198 2953 1298 2997; x_wconf 88' lang='lat' dir='ltr'><strong>edd.</strong></span> <span class='ocrx_word' id='word_1_405' title='bbox 1334 2954 1452 3010; x_wconf 87' lang='lat' dir='ltr'><strong>Spir.</strong></span> <span class='ocrx_word' id='word_1_406' title='bbox 1487 2953 1586 2997; x_wconf 80' lang='lat' dir='ltr'><strong>Pnt.</strong></span> <span class='ocrx_word' id='word_1_407' title='bbox 1622 2955 1687 2997; x_wconf 91' lang='lat' dir='ltr'><strong>M.</strong></span> <span class='ocrx_word' id='word_1_408' title='bbox 1724 2963 1766 2998; x_wconf 83' lang='lat' dir='ltr'><strong>et</strong></span> <span class='ocrx_word' id='word_1_409' title='bbox 1789 2954 1842 2998; x_wconf 90' lang='lat' dir='ltr'><strong>V.</strong></span> <span class='ocrx_word' id='word_1_410' title='bbox 1875 2955 2083 2998; x_wconf 67' lang='lat' dir='ltr'><strong>Beroald.</strong></span> 
     </span>
     <span class='ocr_line' id='line_1_80' title="bbox 1199 3009 2081 3066; baseline 0.002 -13"><span class='ocrx_word' id='word_1_411' title='bbox 1199 3013 1256 3066; x_wconf 93' lang='lat' dir='ltr'><strong>(c.</strong></span> <span class='ocrx_word' id='word_1_412' title='bbox 1281 3009 1425 3052; x_wconf 84' lang='lat' dir='ltr'><strong>silent.</strong></span> <span class='ocrx_word' id='word_1_413' title='bbox 1455 3010 1591 3066; x_wconf 82' lang='lat' dir='ltr'><strong>Vict.)</strong></span> <span class='ocrx_word' id='word_1_414' title='bbox 1615 3011 1716 3055; x_wconf 79' lang='lat' dir='ltr'><strong>Alc.</strong></span> <span class='ocrx_word' id='word_1_415' title='bbox 1752 3020 1795 3054; x_wconf 85' lang='lat' dir='ltr'><strong>et</strong></span> <span class='ocrx_word' id='word_1_416' title='bbox 1826 3012 1928 3055; x_wconf 88' lang='lat' dir='ltr'><strong>dein</strong></span> <span class='ocrx_word' id='word_1_417' title='bbox 1956 3012 2081 3057; x_wconf 85' lang='lat' dir='ltr'><strong>Pich.</strong></span> 
     </span>
     <span class='ocr_line' id='line_1_81' title="bbox 1199 3067 2082 3125; baseline 0.001 -14"><span class='ocrx_word' id='word_1_418' title='bbox 1199 3083 1294 3125; x_wconf 88' lang='lat' dir='ltr'><strong>sqq.</strong></span> <span class='ocrx_word' id='word_1_419' title='bbox 1330 3091 1383 3098; x_wconf 90' lang='lat'><em>—</em></span> <span class='ocrx_word' id='word_1_420' title='bbox 1456 3067 1490 3109; x_wconf 87' lang='lat' dir='ltr'><strong>l.</strong></span> <span class='ocrx_word' id='word_1_421' title='bbox 1528 3068 1599 3111; x_wconf 85' lang='lat' dir='ltr'><strong>Fr.</strong></span> <span class='ocrx_word' id='word_1_422' title='bbox 1638 3068 1900 3120; x_wconf 79' lang='lat' dir='ltr'><strong>Gronovius</strong></span> <span class='ocrx_word' id='word_1_423' title='bbox 1933 3078 2082 3113; x_wconf 78' lang='lat' dir='ltr'><strong>tamen</strong></span> 
     </span>
    </p>
   </div>
   <div class='ocr_carea' id='block_1_19' title="bbox 1199 3124 2086 3226">
    <p class='ocr_par' dir='ltr' id='par_1_21' title="bbox 1199 3124 2086 3226">
     <span class='ocr_line' id='line_1_82' title="bbox 1199 3124 2086 3184; baseline 0.005 -17"><span class='ocrx_word' id='word_1_424' title='bbox 1199 3124 1398 3167; x_wconf 81' lang='lat' dir='ltr'><strong>defendit</strong></span> <span class='ocrx_word' id='word_1_425' title='bbox 1421 3126 1550 3175; x_wconf 77' lang='lat' dir='ltr'><strong>vicis,</strong></span> <span class='ocrx_word' id='word_1_426' title='bbox 1582 3127 1705 3184; x_wconf 90' lang='lat' dir='ltr'><strong>quod</strong></span> <span class='ocrx_word' id='word_1_427' title='bbox 1730 3126 1969 3170; x_wconf 81' lang='lat' dir='ltr'><strong>Rhenanus</strong></span> <span class='ocrx_word' id='word_1_428' title='bbox 1994 3127 2086 3170; x_wconf 84' lang='lat' dir='ltr'><strong>edi·</strong></span> 
     </span>
     <span class='ocr_line' id='line_1_83' title="bbox 1201 3182 1632 3226; baseline -0.002 -1"><span class='ocrx_word' id='word_1_429' title='bbox 1201 3183 1323 3226; x_wconf 84' lang='lat' dir='ltr'><strong>derat</strong></span> <span class='ocrx_word' id='word_1_430' title='bbox 1351 3199 1374 3225; x_wconf 91' lang='lat' dir='ltr'><strong>e</strong></span> <span class='ocrx_word' id='word_1_431' title='bbox 1396 3182 1494 3226; x_wconf 87' lang='lat' dir='ltr'><strong>MS.</strong></span> <span class='ocrx_word' id='word_1_432' title='bbox 1517 3183 1632 3226; x_wconf 88' lang='lat' dir='ltr'><strong>Bud.</strong></span> 
     </span>
    </p>
   </div>
   <div class='ocr_carea' id='block_1_20' title="bbox 1194 3253 2086 3597">
    <p class='ocr_par' dir='ltr' id='par_1_22' title="bbox 1194 3253 2086 3597">
     <span class='ocr_line' id='line_1_84' title="bbox 1257 3253 2082 3311; baseline 0.004 -18"><span class='ocrx_word' id='word_1_433' title='bbox 1257 3254 1520 3295; x_wconf 77' lang='lat' dir='ltr'><strong>lucisaem‘s.</strong></span> <span class='ocrx_word' id='word_1_434' title='bbox 1581 3253 1665 3297; x_wconf 88' lang='lat' dir='ltr'><strong>Ed.</strong></span> <span class='ocrx_word' id='word_1_435' title='bbox 1690 3253 1807 3311; x_wconf 86' lang='lat' dir='ltr'><strong>Spir.</strong></span> <span class='ocrx_word' id='word_1_436' title='bbox 1833 3254 1951 3296; x_wconf 79' lang='lat' dir='ltr'><strong>lucis</strong></span> <span class='ocrx_word' id='word_1_437' title='bbox 1973 3254 2082 3296; x_wconf 75' lang='lat' dir='ltr'><strong>eius.</strong></span> 
     </span>
     <span class='ocr_line' id='line_1_85' title="bbox 1200 3309 2086 3375; baseline 0.003 -23"><span class='ocrx_word' id='word_1_438' title='bbox 1200 3309 1299 3352; x_wconf 89' lang='lat' dir='ltr'><strong>MS.</strong></span> <span class='ocrx_word' id='word_1_439' title='bbox 1325 3309 1486 3361; x_wconf 24' lang='lat' dir='ltr'><strong>[Guelf.</strong></span> <span class='ocrx_word' id='word_1_440' title='bbox 1522 3326 1605 3368; x_wconf 90' lang='lat' dir='ltr'><strong>pro</strong></span> <span class='ocrx_word' id='word_1_441' title='bbox 1638 3312 1792 3353; x_wconf 81' lang='lat' dir='ltr'><strong>saevis</strong></span> <span class='ocrx_word' id='word_1_442' title='bbox 1826 3311 1899 3354; x_wconf 85' lang='lat' dir='ltr'><strong>dat</strong></span> <span class='ocrx_word' id='word_1_443' title='bbox 1928 3314 2086 3375; x_wconf 65' lang='lat' dir='ltr'><strong>scfvz&#39;s,</strong></span> 
     </span>
     <span class='ocr_line' id='line_1_86' title="bbox 1198 3365 2085 3426; baseline 0.003 -17"><span class='ocrx_word' id='word_1_444' title='bbox 1198 3367 1319 3425; x_wconf 88' lang='lat' dir='ltr'><strong>quod</strong></span> <span class='ocrx_word' id='word_1_445' title='bbox 1370 3365 1535 3426; x_wconf 87' lang='lat' dir='ltr'><strong>placuit</strong></span> <span class='ocrx_word' id='word_1_446' title='bbox 1583 3367 1914 3411; x_wconf 66' lang='lat' dir='ltr'><strong>Str-ombeckio.</strong></span> <span class='ocrx_word' id='word_1_447' title='bbox 1996 3367 2085 3412; x_wconf 85' lang='lat' dir='ltr'><strong>Sed</strong></span> 
     </span>
     <span class='ocr_line' id='line_1_87' title="bbox 1197 3423 2084 3472; baseline 0.003 -6"><span class='ocrx_word' id='word_1_448' title='bbox 1197 3425 1336 3468; x_wconf 86' lang='lat' dir='ltr'><strong>codex</strong></span> <span class='ocrx_word' id='word_1_449' title='bbox 1370 3423 1442 3467; x_wconf 88' lang='lat' dir='ltr'><strong>ille</strong></span> <span class='ocrx_word' id='word_1_450' title='bbox 1467 3433 1723 3468; x_wconf 76' lang='lat' dir='ltr'><strong>constanter</strong></span> <span class='ocrx_word' id='word_1_451' title='bbox 1745 3425 1801 3469; x_wconf 77' lang='lat' dir='ltr'><strong>ita</strong></span> <span class='ocrx_word' id='word_1_452' title='bbox 1826 3425 1981 3468; x_wconf 83' lang='lat' dir='ltr'><strong>scribit</strong></span> <span class='ocrx_word' id='word_1_453' title='bbox 2005 3441 2084 3472; x_wconf 84' lang='lat' dir='ltr'><strong>vo-</strong></span> 
     </span>
     <span class='ocr_line' id='line_1_88' title="bbox 1197 3482 2083 3528; baseline 0.002 -4"><span class='ocrx_word' id='word_1_454' title='bbox 1197 3482 1408 3525; x_wconf 85' lang='lat' dir='ltr'><strong>cabulum</strong></span> <span class='ocrx_word' id='word_1_455' title='bbox 1439 3497 1623 3526; x_wconf 75' lang='lat' dir='ltr'><strong>saevus.</strong></span> <span class='ocrx_word' id='word_1_456' title='bbox 1691 3482 1814 3526; x_wconf 80' lang='lat' dir='ltr'><strong>Idem</strong></span> <span class='ocrx_word' id='word_1_457' title='bbox 1850 3498 1952 3528; x_wconf 79' lang='lat' dir='ltr'><strong>mox</strong></span> <span class='ocrx_word' id='word_1_458' title='bbox 1982 3497 2083 3526; x_wconf 84' lang='lat' dir='ltr'><strong>non</strong></span> 
     </span>
     <span class='ocr_line' id='line_1_89' title="bbox 1194 3553 1437 3597; baseline 0.004 -16"><span class='ocrx_word' id='word_1_459' title='bbox 1194 3554 1278 3597; x_wconf 91' lang='lat' dir='ltr'><strong>pro</strong></span> <span class='ocrx_word' id='word_1_460' title='bbox 1302 3553 1437 3582; x_wconf 82' lang='lat' dir='ltr'><strong>nam.</strong></span> 
     </span>
    </p>
   </div>
   <div class='ocr_carea' id='block_1_21' title="bbox 2099 0 2164 979">
    <p class='ocr_par' dir='ltr' id='par_1_23' title="bbox 2099 0 2164 979">
     <span class='ocr_line' id='line_1_90' title="bbox 2099 0 2164 979; baseline 0 0"><span class='ocrx_word' id='word_1_461' title='bbox 2099 0 2164 979; x_wconf 95' lang='lat' dir='ltr'><strong> </strong></span> 
     </span>
    </p>
   </div>
  </div>
 </body>
</html>
