2164 3990
119 236 127 243 “
195 232 248 267 Α.
266 232 409 268 usm.

194 277 243 311 A.
264 275 311 310 C.
348 276 410 308 66.

622 235 792 294 Ltss.
823 232 987 296 xvi.
1068 234 1261 294 CAP.
1309 237 1358 294 l.
1394 239 1448 294 2.

112 366 267 424 Dido
300 365 603 421 Fenissam
628 361 792 440 Tyro
830 365 1137 438 profugam
1179 365 1418 433 condita*
1439 343 1794 439 Carthagine
1829 367 1965 422 illas

111 468 250 526 opes
285 449 606 517 abdidisse,
649 468 723 503 ne
761 469 951 504 novus
988 451 1243 524 populus
1285 450 1465 510 nimia
1505 452 1753 524 pecunia
1793 453 1964 509 lasci—

109 537 260 592 viret
286 545 390 592 aut
413 553 574 607 reges
595 531 992 590 Numidarum
1017 545 1075 590 et
1101 535 1244 590 alias
1272 535 1489 590 infensi
1521 535 1798 610 cupidine
1834 537 1960 593 auri

1841 237 1967 298 423

108 622 183 678 ad
208 622 434 678 bellum
450 619 931 677 accenderentur.

282 704 359 764 II.
426 702 613 776 Igitur
639 701 797 760 Nero
837 724 960 759 non
999 705 1283 773 auctoriS,
1351 725 1474 760 non
1521 703 1705 779 ipsius
1739 706 1960 778 negotii

109 793 223 847 fide
274 789 412 846 satis
461 799 745 863 spectata,
815 809 922 845 nee
958 790 1150 845 missis
1189 810 1294 863 per
1333 810 1479 866 quos
1520 801 1816 858 nosceret,

1884 811 1960 846 an

105 895 244 932 vera
282 876 683 942 adferrentur,
739 885 910 947 auget
951 875 1108 930 ultro
1149 895 1446 931 rumorem
1486 875 1809 951 mittitque,
1857 876 1958 951 qui

105 961 268 1018 velut
323 971 551 1034 partam
601 960 878 1033 praedam
932 955 1305 1019 adveherent.

163 1204 290 1248 Dido
311 1206 572 1248 Fenissam.
634 1203 709 1247 Sic
737 1203 837 1246 MS.
871 1203 992 1246 Flor.

105 1271 202 1307 test.
227 1264 344 1307 Vici.
373 1279 476 1307 cum
503 1263 588 1306 lac.
612 1261 859 1304 Gronovio.
920 1260 991 1303 De

104 1322 248 1364 forma
275 1337 421 1365 accus.
450 1321 579 1362 Dido
611 1319 669 1362 ef.
699 1317 851 1374 virgil.
877 1318 990 1363 Aen.

102 1381 146 1428 4,
177 1377 274 1421 383.
317 1401 374 1410 —-
437 1378 668 1419 Didonem
703 1373 836 1418 MSS.
872 1374 988 1418 Bud.

101 1435 254 1479 Guelf.
285 1435 388 1477 edd.
414 1434 533 1503 Spir.
557 1434 734 1478 Puteol.
761 1449 856 1489 sqq.
942 1434 990 1475 ln

102 1492 368 1551 scripturam
423 1492 670 1535 Fenissam
732 1507 835 1535 cum
891 1490 990 1533 MS.

101 1551 223 1593 Flor.
246 1549 470 1593 consentit
494 1549 598 1592 MS.
614 1549 729 1591 Bud.
755 1548 856 1590 edd.
872 1547 990 1605 Lips.

101 1624 198 1665 sqq.
230 1629 288 1638 ·-
345 1606 649 1649 Phoenissam
680 1605 830 1648 ferunt
855 1607 991 1650 MSS.

103 1668 209 1724 Agr.
237 1662 386 1707 Guelf.
407 1673 450 1706 et
478 1671 578 1706 vett.
609 1664 709 1705 edd.

160 1723 460 1775 Carthagine.
538 1721 674 1764 MSS.
710 1720 833 1763 Flor.
871 1721 988 1776 (test.

100 1778 240 1836 Vict.)
263 1778 414 1822 Guelf.
437 1779 601 1822 habent
631 1779 900 1832 Cartagt'ne.

158 1846 201 1879 et
235 1839 372 1879 alias.
438 1836 557 1880 Haec
588 1837 634 1879 in
666 1835 767 1878 MS.
805 1835 913 1892 Reg.
946 1846 987 1880 et

96 1896 170 1937 ed.
222 1893 341 1949 Spir.
400 1910 493 1936 non
555 1893 866 1951 reperiuntur:
942 1895 986 1937 in

97 1951 253 1995 Guelf.
301 1952 454 1995 eadem
512 1953 643 1994 erasit
695 1968 783 1994 rec.
828 1967 986 1994 manus

98 2010 334 2068 posuitque
365 2007 552 2052 lineolas
582 2010 628 2052 in
662 2008 809 2051 litura.

155 2067 267 2111 CAP.
308 2067 350 2109 2.
429 2081 515 2108 nec
555 2067 711 2108 missis
743 2081 829 2119 per
869 2081 986 2120 quos

95 2131 322 2167 nosceret.
382 2122 460 2166 Sic
481 2123 584 2166 MS.
599 2124 635 2166 F
636 2122 724 2165 lor.
746 2131 846 2173 test,
871 2123 986 2166 vict.

94 2184 260 2236 (tacent
286 2179 480 2223 Pichena
516 2190 560 2223 et
584 2182 671 2224 lac.
699 2179 985 2235 Gronovius)

95 2239 194 2281 edd.
226 2238 401 2280 Ernest.
435 2236 609 2280 Broter.
645 2236 852 2280 Oberli'n.
881 2254 982 2295 sqq.

96 2295 267 2353 Vulgus
280 2294 551 2338 MSStorum
577 2303 618 2336 et
640 2295 740 2337 edd.
758 2303 861 2338 vett.
883 2303 985 2351 post

91 2354 258 2396 ηιίεειζς.
280 2352 449 2396 addunt
485 2354 727 2400 visoribus,
758 2352 879 2409 qnod
913 2368 984 2393 vo·

68 2410 302 2454 ’cabutam
327 2419 376 2452 ut
409 2410 454 2452 in
487 2426 532 2452 se
565 2425 662 2451 non
694 2408 850 2459 habet,
893 2425 982 2465 quo

96 2466 353 2523 displiceat,
384 2465 638 2510 ita0frustra
662 2466 798 2509 adest.
862 2465 984 2521 Qua-

94 2541 142 2567 re
174 2534 282 2582 puto
306 2523 624 2580 Kiesslingiurn
657 2523 765 2566 illud
797 2539 888 2566 non
921 2539 985 2566 sa·

95 2581 150 2624 tis
173 2590 294 2624 recte
318 2597 545 2625 revocasse
569 2598 674 2624 cnm
698 2582 796 2638 ssip.

150 2640 467 2694 adferrentur.
558 2637 636 2683 Sic.
685 2638 820 2681 MSS.
867 2637 979 2694 Reg.

93 2695 230 2740 Corb.
267 2696 370 2739 edd.
395 2695 497 2738 Put.
526 2697 593 2739 M.
622 2705 665 2739 et
692 2694 746 2738 V.
772 2696 981 2738 Beroald.

95 2754 196 2796 Alc.
240 2761 282 2795 et
326 2753 427 2796 dein
467 2753 676 2798 Gronov.
706 2752 850 2811 Ryek.
884 2769 980 2810 sqq.

94 2809 332 2866 Conspirat
365 2810 465 2854 MS.
497 2811 643 2863 Flor„
687 2813 764 2868 qui
803 2811 848 2853 in
895 2811 983 2854 fine

95 2883 245 2910 versus
277 2866 406 2910 habet
439 2868 626 2923 adferre
671 2877 715 2913 et
756 2870 809 2913 ab
855 2868 984 2911 initio

95 2925 319 2981 sequentis
342 2939 494 2966 versus
518 2934 697 2978 rentur,
728 2926 849 2984 quod
867 2926 986 2975 haud

95 2980 499 3039 dubielegendum
546 2984 629 3026 erit
664 2986 984 3041 adferrentur.

95 3039 232 3088 Aliud
256 3047 404 3080 tamen
429 3038 531 3081 inde
552 3039 722 3083 factum
747 3050 825 3085 est.
868 3041 981 3083 Nam

95 3096 228 3140 MSS.
263 3096 365 3138 Bud
414 3095 527 3154 Agr.
564 3096 716 3142 Guelf.
749 3099 872 3142 Harl.
899 3098 981 3140 les.

93 3153 194 3197 edd.
228 3152 348 3211 Spir.
381 3152 522 3196 Rhen.
557 3171 653 3212 sqq.
688 3172 824 3213 usque
858 3158 911 3198 ad
946 3155 981 3197 l.

94 3211 173 3254 Fr.
203 3209 491 3254 Gronoviun·
529 3211 679 3254 fei-unt
719 3228 981 3256 assereren-

95 3277 188 3312 tur.
241 3268 471 3311 Ernestius
494 3269 658 3312 frustra
682 3271 877 3314 coniecit
900 3285 979 3313 as-

94 3333 438 3369 severarentur.
525 3327 643 3370 Nihil
689 3329 791 3372 loco
839 3330 981 3386 aptius

96 3391 161 3426 est
183 3399 312 3441 quam
339 3384 664 3437 adferrentur,
695 3387 748 3428 de
773 3402 862 3440 quo
888 3402 980 3427 ver·

94 3441 155 3483 ho
181 3442 239 3483 cf.
267 3443 304 3492 l,
324 3441 396 3484 32.
416 3441 487 3485 50.
514 3443 558 3493 2,
578 3441 647 3485 82.
679 3444 719 3493 4,
743 3444 816 3486 25.
871 3442 982 3486 Ger·

97 3497 293 3557 manice:
333 3501 390 3542 ob
419 3501 493 3542 die
514 3501 825 3544 lvachricmen
849 3503 980 3544 wakr

98 3570 276 3603 waren.

1415 958 1652 1017 Dantur
1694 960 1960 1016 triremes

1119 1212 1313 1260 partam
1339 1208 1591 1258 praedam.
1655 1205 1731 1249 Sic
1752 1205 1887 1250 MSS.
1914 1214 1957 1248 et

1066 1274 1172 1308 vett.
1219 1263 1347 1311 edd„
1407 1262 1490 1304 nisi
1540 1263 1659 1320 quod
1704 1263 1804 1305 ΜΗ.
1843 1263 1955 1306 Eud.

1064 1321 1177 1363 male
1200 1320 1332 1362 habet
1349 1328 1539 1374 partem
1562 1337 1645 1379 pro
1666 1329 1885 1375 partam,
1914 1330 1957 1363 et

1066 1376 1214 1420 Guels.
1236 1377 1404 1419 omittit
1422 1387 1670 1429 praedam.
1721 1377 1955 1422 Ernesiius

1063 1445 1209 1478 tamen
1243 1436 1456 1476 suadente
1486 1436 1688 1479 Acidalio
1714 1435 1834 1478 dedit
1861 1450 1955 1491 pa·

1060 1500 1234 1534 ratam.
1329 1492 1440 1534 Nam
1483 1501 1682 1546 partam
1722 1498 1955 1547 praedam

1062 1567 1141 1609 per
1165 1547 1424 1591 latinitatem
1450 1550 1576 1592 aliter
1600 1550 1686 1594 dici
1712 1566 1805 1594 non
1825 1566 1953 1608 posse

1059 1607 1289 1654 adfirmat,
1333 1607 1413 1648 nisi
1451 1607 1510 1649 de‘
1542 1609 1701 1664 praeda
1733 1624 1805 1658 ea,
1841 1623 1954 1666 quae

1059 1665 1211 1708 labore
1245 1672 1444 1707 constet:
1481 1665 1602 1722 quod
1642 1664 1831 1708 minime
1871 1682 1955 1711 ve-

1058 1739 1160 1765 rum
1189 1731 1265 1764 est.
1324 1722 1527 1764 Portum
1553 1730 1618 1764 est
1639 1730 1847 1766 nostrum
1871 1738 1952 1778 ge-

1059 1794 1270 1828 wwmen,
1304 1777 1540 1821 Gallorum
1555 1782 1735 1834 gagne:
1766 1781 1953 1838 op'poni·

1059 1845 1133 1880 tur
1153 1838 1204 1880 iis
1230 1837 1386 1886 rebus,
1418 1853 1531 1893 quae
1551 1837 1698 1880 adhuc.
1721 1846 1953 1881 versantur

1056 1895 1104 1936 in
1136 1894 1362 1937 nascendo
1391 1892 1582 1953 ideoque
1608 1903 1711 1937 sunt
1737 1895 1950 1940 incertae.

1059 1952 1117 1995 cf.
1140 1951 1252 1993 llist.
1273 1951 1312 2002 4,
1337 1951 1407 1993 70.
1443 1955 1565 1992 velut
1587 1958 1729 2005 porto
1759 1955 1952 2004 imperto

1044 2009 1314 2064 fruebatur.
1387 2006 1527 2062 Quod
1563 2024 1667 2051 cum
1694 2008 1753 2052 ita
1777 2010 1855 2059 sit,
1888 2010 1950 2053 nil

1058 2066 1201 2122 aptius
1239 2081 1331 2108 esse
1364 2073 1510 2123 potest
1541 2065 1949 2124 quam-scriptura:

1060 2125 1182 2164 velut
1213 2130 1410 2175 partam
1440 2129 1675 2176 praedam
1713 2125 1812 2179 (als
1854 2126 1950 2168 eine

1055 2183 1200 2222 sehon
1220 2194 1507 2233 gewonnene
1535 2181 1728 2236 Beate),
1757 2198 1815 2224 sc.
1845 2199 1951 2226 cum

1057 2248 1207 2279 tamen
1240 2254 1311 2279 res
1344 2236 1491 2280 adhuc
1518 2247 1770 2280 versaretur
1802 2239 1846 2281 in
1878 2241 1948 2282 in·

1056 2302 1178 2336 certo
1203 2302 1243 2337 et
1268 2294 1439 2351 sperari
1463 2302 1637 2337 tantum
1654 2305 1816 2352 posset.
1865 2298 1967 2355 lgi·'

1055 2360 1130 2394 tur
1153 2351 1277 2407 abegi
1302 2351 1504 2394 inutilem
1535 2351 1914 2404 emendationem.

1112 2467 1415 2508 adveherent.
1494 2466 1570 2509 Sic
1596 2465 1731 2511 MSS.
1765 2477 1810 2513 et
1840 2478 1945 2515 vett.

1056 2523 1183 2573 edd„
1233 2539 1287 2566 ac
1326 2538 1383 2564 ne
1417 2523 1611 2580 suspicio
1648 2524 1831 2583 quidem
1867 2526 1947 2571 ulli

1056 2590 1156 2624 ante
1179 2580 1436 2623 Ernestium
1461 2582 1755 2639 interpretum
1787 2585 1949 2629 exstitit

1055 2638 1219 2696 aliquid
1244 2637 1318 2680 hie
1341 2653 1433 2680 esse
1457 2639 1806 2685 emendandum.
1858 2637 1947 2686 Sed

1054 2694 1129 2738 ille
1153 2711 1293 2753 quum
1311 2695 1502 2745 adhunc
1517 2697 1757 2743 Annalium
1779 2699 1946 2744 librum

1056 2769 1158 2796 cum
1177 2752 1332 2795 audaci
1349 2753 1544 2810 quodam
1566 2756 1834 2800 emendandi
1857 2766 1946 2801 stu-

1056 2811 1131 2853 ‹lio
1156 2808 1431 2860 accessisset,
1462 2825 1545 2866 pro
1569 2814 1850 2857 adveherent
1871 2815 1947 2858 de—

1055 2868 1120 2911 dit
1142 2869 1407 2910 aveherent.
1469 2866 1570 2911 Hoc
1593 2868 1728 2913 enim‘
1743 2870 1948 2915 adfirmat

1056 2925 1310 2983 legitimum
1346 2925 1535 2968 verbum
1580 2935 1623 2968 et
1664 2928 1945 2974 ordinarium

1055 2999 1148 3026 esse
1179 2982 1226 3024 in
1259 2982 1342 3024 hae
1373 2997 1438 3024 re.
1519 2983 1579 3025 At
1609 2985 1848 3042 spectanda
1880 2994 1945 3029 est

1052 3041 1167 3083 ratio
1194 3039 1417 3082 locorum.
1471 3038 1524 3083 Si
1547 3055 1681 3107 quem
1709 3042 1867 3091 mitto,
1897 3039 1947 3086 ut

1054 3096 1234 3140 aliunde
1280 3095 1387 3138 mihi
1440 3096 1610 3155 aliquid
1656 3099 1792 3151 serat,
1850 3106 1944 3143 tum

1051 3155 1184 3197 mitto
1209 3162 1256 3196 ut
1277 3155 1496 3195 advehal.
1558 3154 1616 3198 cf.
1646 3158 1684 3204 1,
1706 3157 1775 3200 64.
1799 3159 1945 3212 legio-

1052 3227 1147 3262 nes,
1179 3218 1231 3251 ut
1252 3213 1530 3264 advexerat,
1561 3221 1788 3268 reportat.
1834 3215 1943 3258 Sue-

1052 3279 1146 3312 ton.
1171 3268 1276 3311 Oet.
1301 3283 1339 3310 c.
1364 3268 1434 3312 43.
1460 3270 1506 3311 si
1529 3275 1716 3326 quando
1740 3273 1851 3328 quid
1869 3275 1940 3315 in-

1055 3328 1292 3368 visitatum
1315 3328 1560 3370 advectum
1583 3335 1719 3372 esset.
1761 3329 1943 3374 ld.Ne=-.

1052 3401 1094 3427 c.
1117 3383 1188 3426 45.
1216 3382 1406 3430 accidit,
1450 3393 1499 3425 at
1533 3387 1666 3429 navis
1691 3388 1940 3431 nunciare-

1053 3450 1132 3484 tur
1149 3442 1390 3495 pulverem
1409 3444 1667 3486 advexisse.
1708 3443 1942 3490 ld.C{aud.

1054 3516 1093 3542 c.
1120 3498 1191 3540 20.
1228 3512 1425 3549 navem,
1473 3515 1564 3555 qua
1595 3516 1802 3555 magnus
1833 3504 1942 3544 obe-

1052 3556 1186 3602 discus
1205 3570 1269 3598 ex
1288 3556 1496 3614 Aegypto
1517 3557 1686 3614 suerat
1711 3561 1945 3605 aduectus.
