2164 3990
957 0 960 2 ⁷
1960 0 2034 21 '²1⁵¹'-
2040 0 2056 7 '¹
2062 8 2066 12 .

813 45 844 54 ς
1862 55 1866 63 Ι
2046 32 2075 54 -“;’.-
2092 47 2097 59 ,

1763 137 1768 148 ’
2148 150 2164 173 a<

2148 220 2164 244 1

1767 241 1825 298 Ἀ.
1840 260 1892 297 υ.
1907 261 1994 298 ⁸12.

1775 306 1822 342 A.
1840 304 1886 340 C.
1908 315 1923 339 -τ
1937 305 1998 346 59.

238 255 375 326 194'
902 253 1424 327 ANNALIUM‘
1480 295 1483 298 -
1547 241 1565 297 Γ

235 393 505 469 dispartit
533 392 716 463 vireS,
761 403 826 449 ut
853 392 1029 466 legati
1060 392 1454 472 praefectique
1486 395 1748 452 diversos
1781 397 1941 454 locos
1979 402 2086 472 ρέι-ο
2158 412 2164 420 ·

235 480 379 537 riter
400 478 767 539 invaderent.
854 477 1032 538 simul
1055 497 1250 551 regem
1273 475 1637 538 Antiochum
1664 493 1865 539 monet
1884 481 2087 556 proxi-²
2152 503 2164 531 ³-

233 583 358 639 mas
393 562 507 619 sibi
542 565 931 638 praefecturas
963 573 1175 637 petere.
1254 561 1412 620 ‘Nam
1441 558 1867 623 Pharasmanes
1892 567 2088 624 inter-

231 649 380 706 fecto
405 648 527 704 filio
557 645 943 706 Rhadamisto
971 647 1138 723 quasi
1162 649 1462 722 proditore
1479 696 1495 720 ‚
1514 670 1521 685 ’
1539 672 1656 727 quo
1691 651 1864 706 fidem
1891 651 1956 707 in
1978 671 2088 708 nos

232 744 569 802 testaretur,
635 744 800 788 vetus
847 732 1125 788 adversus
1157 729 1472 790 Armenios
1513 736 1719 793 odium
1758 736 2088 811 promptius

233 819 549 875 exercebat.
637 815 924 892 Tuncque
954 817 1212 891 primum
1245 817 1729 889 inlectilnsechi,
1773 840 1913 893 gens
1951 833 2086 877 ante
2158 862 2161 867 -

231 905 376 960 alias
399 902 555 968 socia
582 899 898 971 Romanis,
947 902 1078 958 avia
1100 897 1418 958 Armeniae
1441 903 1795 962 incursavitz‘
1833 906 1910 962 ita
1943 919 2086 981 con-
2128 916 2143 922 ‘

234 989 364 1045 silia
394 985 653 1044 Tiridati
679 985 742 1041 i-11
767 987 1129 1044 contrarium
1156 989 1478 1048 vertebant.
1546 990 1925 1066 mittebatque
1949 1011 2085 1048 ora-

232 1086 415 1142 toreS‚
457 1071 561 1147 qui
586 1091 689 1127 suo
717 1068 1191 1148 Parthorumque
1217 1074 1458 1130 nomine
1480 1075 1938 1149 expostularent,
1978 1096 2088 1134 cur

230 1159 381 1216 datis
430 1177 622 1231 nuper
671 1156 976 1214 obsidibus
1028 1158 1536 1235 redintegrataque
1585 1159 1867 1229 amicitia,
1936 1179 2085 1236 quae

231 1243 400 1299 novis
428 1262 663 1318 quoque
687 1242 983 1300 beneficiis
1005 1243 1200 1300 locum
1227 1245 1508 1320 aperiret,
1550 1256 1743 1302 vetere
1766 1239 2085 1313 Armeniae

287 1459 526 1514 despartc't..
587 1459 669 1504 Ed.
696 1460 818 1520 spir.
842 1463 1050 1516 dispertit
1075 1470 1123 1512 ,εἰ
1193 1463 1336 1508 Rhen.
1359 1479 1456 1521 sqq.
1479 1463 1634 1506 meki.
1694 1462 1828 1510 MSS.
1852 1461 1974 1505 Harl.
1998 1460 2082 1504 les.

231 1519 295 1563 sic
324 1520 363 1569 1,
387 1519 454 1560 51.
486 1517 524 1568 S,
546 1518 618 1560 43.
1194 1521 1347 1565 Guelf.
1375 1522 1511 1563 Isclzi.
1575 1520 1805 1563 Naudetus
1827 1520 1949 1563 iubet
1973 1535 2083 1563 con·

286 1580 443 1629 regem
457 1575 757 1619 Antiochum.
801 1576 877 1619 Sic
901 1575 1121 1621 eddam-tt.
1190 1580 1297 1623 ferri
1327 1580 1398 1622 St.
1418 1578 1637 1628 Mar-tin„
1672 1577 1809 1620 Μόνη.
1838 1591 1922 1619 sut·
1952 1578 2082 1622 l‘Ar-

227 1650 332 1679 cum
356 1633 457 1676 MS.
484 1631 607 1676 Flor.
630 1643 671 1675 et
699 1634 801 1676 inde
827 1634 931 1676 edd.
955 1633 986 1674 l.
1005 1633 1120 1677 Gro·
1191 1637 1370 1688 me'm'e,
1402 1652 1445 1693 p.
1476 1636 1568 1678 127.
1601 1633 1741 1684 Paris,
1769 1635 1894 1677 1818.
1925 1633 1967 1678 8.

228 1691 995 1792 ffiffqq·‘51.'253’52323553520353
1016 1692 1118 1792 ἒέῗι·

230 1781 380 1854 Rhen:
397 1821 496 1863 sqq.
521 1806 572 1847 ad
604 1807 633 1847 l.
660 1763 908 1851 Gronov-g
930 1806 999 1848 De
1025 1781 1119 1850 An:

227 1862 379 1907 tiocho
405 1864 494 1906 vid.
522 1873 614 1906 not.
639 1863 694 1907 ad
718 1863 786 1915 13,
808 1863 850 1907 7.
911 1862 982 1906 De
1008 1862 1118 1906 Pha-

228 1935 430 1965 rasmane
460 1922 524 1968 ll,
548 1921 588 1963 8.

284 1979 423 2033 quasi
441 1979 697 2029 proditore.
756 1977 832 2021 Sic
846 1978 980 2021 MSS.
996 1979 1119 2022 Flor.

227 2037 342 2085 (test.
359 2032 475 2077 Vict.
498 2035 698 2087 apich.)
727 2038 832 2090 Agr.
859 2035 1118 2078 e‹ld.()be1·-

225 2093 303 2136 lin.
342 2107 444 2150 sqq.
476 2116 534 2125 --
592 2094 729 2147 quasi
756 2094 997 2147 proditore
1032 2108 1118 2135 sno
1146 2103 1155 2115 ·

225 2150 359 2192 MSS.
399 2148 525 2192 Harl.
560 2149 695 2192 Bodl.
732 2151 813 2193 tes.
853 2149 962 2206 Reg.
999 2150 1117 2193 Bud.

224 2205 376 2250 Guelf.
403 2205 502 2248 edd.
526 2207 642 2263 Spir.
666 2206 847 2249 PunM.
876 2207 984 2250 etV.
1013 2209 1116 2250 Ber.

223 2264 327 2308 Ale.
360 2262 506 2306 Rhen.
541 2263 631 2307 Ald
683 2273 726 2305 et
761 2263 878 2323 Lips.
917 2266 1039 2308 1574.
1075 2273 1118 2308 et

226 2322 350 2365 1607.
367 2343 422 2353 -·
450 2337 507 2376 q.
523 2321 770 2375 proditore
790 2323 865 2364 sui
883 2323 981 2365 edd.
1005 2339 1118 2365 non-

226 2378 378 2423 nullae
401 2377 520 2436 Lips.
538 2377 664 2421 Pieh.
683 2368 778 2437 Qq.
805 2396 828 2422 e
855 2380 1118 2423 coniectura

226 2435 384 2494 Lipsii.

281 2501 492 2547 tuncque.
554 2491 631 2534 Sic
643 2491 769 2535 Pich.
785 2509 882 2551 sqq.
906 2502 956 2536 ut
980 2494 1122 2538 eMS.

224 2551 350 2596 Flor.
397 2549 626 2593 Victorius
647 2558 794 2593 tamen
816 2551 1030 2594 intactum
1052 2567 1117 2594 re·

223 2608 356 2667 liquit
375 2614 479 2650 tum:
495 2622 685 2664 quoque,
699 2608 820 2665 quod
839 2617 901 2651 est
919 2609 965 2651 in
979 2609 1116 2653 MSS.

223 2667 334 2723 Reg.
370 2663 495 2708 Harl.
525 2664 662 2707 Bodl.
700 2668 780 2708 les.
816 2664 967 2709 Guelf.
1013 2666 1114 2709 edd.

224 2724 344 2783 Spir.
375 2722 480 2765 Put.
513 2720 580 2764 M.
613 2730 655 2764 et
676 2720 732 2766 V.
762 2722 974 2766 Beroald.
1010 2723 1115 2767 Alc.

223 2781 366 2824 Rhen.
388 2794 486 2837 sqq.
558 2779 633 2821 Ad
664 2796 844 2823 sensum
878 2780 944 2822 nil
981 2783 1115 2824 inter-

223 2846 312 2891 est3
342 2854 447 2894 nam
481 2844 679 2892 tuncque
709 2837 784 2880 hic
814 2837 999 2895 ponitur
1034 2854 1114 2895 pro

224 2903 332 2938 tunc
359 2908 538 2950 quoque
574 2892 653 2949 (cf.
679 2904 775 2937 not.
799 2895 855 2938 ad
889 2898 927 2944 1,
948 2896 1039 2951 28.)
1074 2905 1118 2939 et

221 2951 389 2995 mirum
405 2958 623 3008 quantum
648 2951 930 2995 confusionis
952 2954 997 2994 in
1015 2961 1116 2996 vett.

221 3009 346 3054 libris
379 3017 443 3051 est
466 3007 519 3050 de
553 3007 786 3067 particulis
819 3024 903 3064 que
928 3019 972 3052 et
1000 3025 1116 3065 quo-

197 3090 201 3094 ·
222 3081 324 3124 que.
386 3064 529 3124 Culpa
553 3074 616 3108 est
639 3065 685 3108 ln
712 3066 983 3124 compendio
1010 3067 1115 3110 sex-i-

222 3132 477 3223 pltggsschi.
542 3180 617 3224 Sic
639 3179 835 3224 Pichena
866 3187 908 3223 et
931 3196 1030 3239 sqq.
1067 3190 1116 3224 ut

223 3252 248 3278 e
278 3237 413 3281 MSS.
449 3237 569 3280 Flor.
606 3246 648 3280 et
679 3237 822 3281 Vatic.
902 3236 991 3280 Sed
1026 3238 1113 3281 lac.

224 3292 424 3338 Gronov,
449 3311 471 3337 e
497 3294 598 3337 MS.
627 3295 748 3338 Flor.
777 3294 966 3352 protulit
1003 3303 1045 3338 et
1069 3297 1112 3338 in

222 3358 478 3397 contextum
509 3352 678 3409 recepit
708 3353 900 3394 Insoctu'.
964 3351 1112 3395 Victo-

224 3406 317 3450 rius
371 3423 419 3450 ex
464 3411 622 3452 eodem
671 3409 787 3452 libro
837 3409 910 3452 dat
951 3408 1112 3454 Isoclu‘.

224 3463 359 3507 MSS.
393 3462 531 3509 Vatie.
572 3467 698 3510 1864.
737 3466 846 3525 Reg.
892 3466 959 3509 ed.
995 3465 1112 3524 Spir.

223 3520 412 3564 Insichi.
489 3521 621 3565 MSS.
648 3522 792 3566 Vatic.
819 3523 944 3566 1958.
980 3523 1110 3567 Bodl.

220 3577 323 3623 edd.
357 3576 459 3621 Put.
495 3577 562 3622 M.
596 3587 637 3623 et
672 3578 725 3622 V.
760 3579 970 3625 Bet-eald.
1010 3580 1112 3626 Alc.

1250 1704 1364 1737 ante
1385 1694 1521 1736 alias.
1580 1691 1798 1749 Ettspir.
1820 1699 1932 1734 ante
1949 1691 2083 1735 alios.

1191 1752 1362 1796 Eadem
1424 1750 1640 1791 armenia
1689 1765 1771 1807 pro
1815 1736 2087 1796 Armeniae}

1191 1827 1294 1853 mox
1311 1809 1381 1851 ica
1402 1815 1453 1850 ut
1478 1808 1664 1850 consilia
1689 1821 1770 1862 pro
1788 1809 1856 1848 ita
1873 1806 2082 1848 consilia.

1194 1867 1367 1924 Lipsius
1393 1882 1475 1924 pro
1501 1873 1611 1906 ante
1636 1866 1757 1905 alias
1782 1863 1828 1907 in
1855 1862 2083 1922 prioribus

1194 1926 1296 1967 edd.
1321 1924 1529 1981 posuerat
1551 1924 1680 1964 haud
1702 1922 1841 1964 alias.
1892 1922 2083 1964 Secutus
2154 1930 2159 1935 ’

1190 1991 1255 2023 est
1288 1980 1538 2023 Broterius.
1618 1977 1796 2021 Etenim
1832 1994 1944 2035 quae
1975 1987 2084 2021 tunc

1191 2039 1389 2097 primum
1423 2037 1585 2080 inlecta
1611 2044 1675 2078 est
1709 2051 1815 2093 gens
1840 2035 1988 2093 Lipsio
2019 2034 2081 2079 vi-

1191 2097 1376 2139 debatur
1402 2111 1495 2136 non
1529 2094 1723 2152 potuisse
1757 2103 1858 2136 ante
1882 2092 1988 2136 alias
2011 2107 2082 2135 so·

1191 2153 1260 2196 cia
1303 2168 1395 2195 esse
1437 2150 1670 2195 Romanis.
1754 2149 1866 2192 Eum
1906 2150 2082 2192 nodum

1189 2213 1301 2254 bene
1341 2210 1542 2252 dissolvit
1580 2207 1788 2251 Pichena.
1877 2207 2083 2272 Namque

1189 2267 1264 2311 illa
1306 2283 1412 2325 gens
1454 2275 1555 2310 ante
1592 2266 1696 2308 alias
1746 2265 1806 2319 (h.
1839 2281 1879 2307 e.
1918 2262 2080 2308 melius

1190 2341 1323 2383 quam
1347 2324 1456 2368 aliae
1479 2323 1540 2368 cf.
1565 2324 1600 2374 1,
1616 2323 1691 2366 27.
1713 2330 1829 2365 ante
1852 2322 1972 2364 alios
1992 2336 2079 2364 ae-

1193 2385 1308 2438 tate)
1353 2383 1473 2424 socia
1522 2380 1630 2432 suit,
1685 2390 1924 2438 postquam
1968 2387 2082 2431 tunc

1190 2441 1385 2497 primum
1417 2438 1581 2481 inlecta
1613 2448 1693 2481 est.
1754 2437 1810 2484 Et
1832 2434 2005 2500 Lipsius
2033 2436 2080 2479 in

1191 2507 1386 2540 extrema
1417 2495 1487 2539 ed.
1521 2497 1719 2555 reposuit
1745 2493 2081 2546 veteremseri·

1189 2564 1383 2612 pturam.
1972 2577 1974 2579 >
2082 2563 2087 2571 '

1249 2614 1501 2654 vertebant.
1564 2610 1639 2654 Sic
1659 2609 1793 2655 MSS.
1819 2609 1942 2654 Flor.
1966 2609 2077 2662 (sec.

1188 2670 1336 2713 collat.
1364 2668 1706 2718 lac.Gr0110vii)
1727 2668 1955 2724 Reg.Agr.
1976 2665 2079 2710 edd.

1188 2727 1305 2784 Spir.
1333 2725 1476 2782 Ryck.
1503 2740 1598 2783 sqq.
1672 2724 1901 2768 Victorius
1928 2733 2076 2767 tamen
2135 2754 2143 2760 ,

1187 2783 1404 2826 intactum
1421 2783 1596 2840 reliquit
1614 2784 1932 2830 vertebantur,
1953 2779 2078 2840 quod

1189 2849 1251 2884 est
1287 2839 1332 2882 in
1357 2840 1490 2884 MSS.
1522 2841 1631 2882 ssud.
1665 2839 1786 2883 Ilarl.
1811 2838 1943 2882 Bodl.
1974 2835 2077 2882 edd.

1189 2897 1289 2940 Put.
1315 2897 1380 2940 M.
1407 2906 1449 2940 et
1472 2897 1527 2940 V.
1556 2898 1761 2941 Beroald.
1793 2895 1895 2941 Ale.
1928 2895 2074 2939 Rhen.

1187 2970 1282 3012 sqq.
1307 2971 1445 3012 usque
1470 2955 1523 2998 ad
1550 2955 1787 3010 Ryckiutn.
1809 2981 1868 2990 -—
1916 2961 2075 2996 verla-

1187 3014 1361 3054 bantur
1384 3014 1485 3055 MS.
1509 3013 1658 3055 (lueis.
1718 3010 1833 3055 tllud
1854 3010 1970 3054 haud
1995 3010 2075 3055 du-

1186 3069 1258 3112 bie
1281 3069 1438 3113 Tacito
1464 3069 1621 3112 melius
1646 3069 1867 3113 convenit.

1245 3127 1567 3183 mittebatque.
1644 3126 1727 3169 Ed.
1763 3126 1880 3186 Spir.
1913 3127 2076 3169 mitte-

1186 3185 1371 3239 bntque.

1245 3243 1474 3298 beneficiis
1508 3244 1673 3284 Iocum.
1734 3241 1816 3286 Ed.
1845 3241 1963 3297 Spir.
1997 3242 2069 3282 lo-

1186 3314 1289 3340 cum
1331 3301 1563 3356 beneficiis.
1650 3300 1741 3342 Pro
1788 3299 1921 3342 novis

1186 3355 1338 3399 Guels.
1365 3357 1440 3399 dat
1464 3357 1620 3407 nobis,
1651 3356 1774 3414 quod
1807 3371 1902 3399 nou
1925 3356 2074 3415 displi-

1186 3421 1256 3454 cet
1294 3413 1624 3458 strombeekio.
1686 3413 1805 3456 {dein
1844 3412 1997 3458 Guelf.
2029 3423 2073 3458 et
2128 3415 2134 3421 ’

1185 3469 1256 3512 hic
1285 3487 1367 3527 pro
1402 3487 1578 3527 quoque
1610 3488 1632 3514 a
1658 3485 1725 3528 pr.
1754 3487 1889 3514 manu
1919 3470 2074 3515 habuit

1185 3541 1297 3581 que,
1340 3528 1459 3572 unde
1493 3529 1690 3573 secunda
1726 3545 1785 3573 m.
1819 3528 1925 3578 fecit
1952 3543 2069 3584 quo-

1187 3599 1288 3638 que.

1971 3298 2072 3344 MS.
2157 3336 2163 3342 .
