2164 3990
1130 102 1179 123 *e*

921 168 1437 261 ANNA-tmm

383 324 720 410 'XLVIII-.-
758 325 979 385 Ineunt
1023 328 1242 386 deinde
1274 331 1657 391 consulatum
1693 332 1878 392 Silius
1907 333 2105 393 Nerva

248 428 307 474 et
337 411 572 473 Atticus
605 413 887 475 Vestinus
920 409 1126 488 coepta
1164 412 1342 470 simul
1378 427 1436 474 et
1454 428 1640 473 -aucta
1677 419 2104 490 coniuratione,

222 502 316 558 .in
360 519 540 578 quam
579 498 854 557 'certatim
898 498 1144 554 nomina
1192 499 1499 557 dederant»
1519 513 1844 573 senatores,
1909 527 2104 583 equeS,

244 587 444 656 miles,
495 585 750 641 feminae
785 582 962 643 etiam
998 602 1135 640 cum
1171 582 1312 640 odio
1347 582 1602 642 Neronis
1636 599 1766 644 tum
1801 591 2002 648 favore
2039 592 2104 647 in

244 671 309 732 C.
343 670 637 728 Pisonem.
735 665 794 724 Is
829 665 1156 744 Calpurnio
1193 686 1403 742 genere
1437 683 1601 729 ortus
1639 693 1705 729 ac
1749 675 1966 732 multas
2006 677 2105 731 in-

246 758 552 832 signesque
597 752 853 810 familias
885 753 1148 830 ‘paterna
1200 753 1512 812 nobilitate
1558 759 1893 833 complexus
1944 761 2101 818 claro

246 844 404 918 apud
425 841 671 912 vulgum
696 858 935 895 rumore
961 850 1085 896 erat
1103 858 1210 914 per
1233 838 1512 896 virtutem
1538 852 1640 898 aut
1663 843 1881 918 species
1911 846 2104 903 virtu—

243 929 403 986 tibus
437 922 675 984 similesss
763 944 1019 1001 namque
1053 924 1394 981 facundiam
1422 926 1659 982 tuendis
1685 927 1913 992 civibus
1939 951 2104 987 exer-

245 1015 439 1082 cebat,
506 1009 885 1083 largitionem
933 1010 1216 1081 adversus
1263 1009 1481 1066 amicos
1523 1021 1580 1067 et
1616 1011 1833 1085 ignotis
1868 1035 2103 1092 quoque

243 1097 396 1156 comi
419 1113 689 1152 sermone
712 1106 768 1152 et
792 1113 1126 1169 congressu.
1192 1096 1436 1153 aderant
1458 1095 1632 1153 etiam
1655 1098 1927 1168 fortuita,
1971 1122 2103 1156 cor-

240 1204 351 1259 pus
378 1201 733 1260 procerum,
776 1181 989 1237 decora
1025 1178 1218 1240 facies,
1307 1180 1409 1236 sed
1440 1181 1651 1256 procul
1685 1183 1938 1256 gravitas
1972 1206 2102 1242 mo-

202 1332 210 1338 ,
239 1289 374 1326 rum
404 1278 506 1325 aut
528 1267 901 1342 voluptatum
927 1265 1322 1340 parcimonia:
1377 1266 1607 1323 lenitati
1631 1287 1696 1323 ac
1721 1269 2102 1342 magnificen-

237 1356 352 1412 tiae
381 1365 439 1411 et
461 1352 785 1432 aliquando
809 1352 955 1409 luxu
991 1351 1352 1424 indulgebat.
1441 1352 1620 1427 idque
1655 1353 1927 1427 pluribus
1961 1375 2102 1431 pro—

237 1441 517 1507 babatur,
562 1437 669 1514 qui
702 1437 767 1492 in
801 1448 963 1493 tanta
998 1437 1280 1493 vitiorum
1320 1437 1634 1492 dulcedine
1662 1458 1960 1496 summum
1988 1441 2102 1496 im-

241 1526 473 1602 perium
501 1544 626 1580 non
660 1521 996 1579 restrictum
1020 1542 1126 1579 nec
1155 1541 1530 1597 perseverum
1555 1523 1784 1583 volunt.

1796 201 1846 234 A.
1866 200 1920 236 U.
1935 201 2019 236 819.
2063 219 2071 227 .

1794 242 1914 280 At.(3.
1960 244 2020 280 66.

251 197 374 259 584

406 1632 625 1694 XLIX.
671 1632 920 1690 Initium
960 1632 1361 1690 coniurationi
1394 1652 1518 1688 non
1550 1653 1583 1688 a
1612 1634 1888 1708 cupidine
1916 1622 2100 1710 ipsius

232 1722 348 1779 fuit
364 1767 380 1793 ,
412 1741 520 1777 nec
543 1732 743 1777 tamen
764 1719 936 1776 facile
961 1717 1411 1775 memoraverim
1427 1763 1444 1787 ‚
1473 1717 1607 1793 quis
1630 1718 1855 1793 primus
1879 1731 2101 1791 auctor,

235 1809 402 1865 cuius
426 1806 712 1864 instinctu
737 1805 1035 1863 concitum
1059 1805 1150 1873 sit,
1179 1804 1339 1880 quod
1365 1814 1486 1859 tam
1509 1803 1685 1860 multi
1708 1819 2099 1880 sumpserunt.

235 1892 711 1968 promptissimos
753 1889 1042 1948 Subrium
1087 1888 1362 1945 Flavium
1411 1887 1723 1945 tribunum
1774 1892 2100 1965 praetoriae

238 1975 498 2035 cohortis
550 1989 606 2032 et
651 1975 986 2051 Sulpicium
1036 1971 1299 2050 Asprum
1353 1974 1759 2050 centurionem
1819 1976 2100 2035 exstitisse

235 2175 295 2220 cf.
325 2174 361 2224 l,
387 2169 458 2214 38.
494 2170 740 2224 praesenti
769 2171 969 2210 duorum
1002 2168 1130 2209 mili-

235 2242 339 2275 tum
392 2227 617 2282 supplicio
673 2228 873 2281 paulum
931 2228 1136 2278 repressi

233 2296 359 2332 sunt.
428 2283 566 2327 Nihili
610 2283 740 2340 plane
775 2291 840 2325 est
878 2283 1129 2326 emendatio

229 2342 448 2390 Broterii:
478 2341 585 2398 quia
608 2355 700 2383 non
722 2342 769 2383 in
791 2347 859 2383 ut.
880 2354 1005 2393 repr.

291 2416 403 2459 CAP.
424 2412 495 2456 48.
550 2412 599 2454 in
625 2426 784 2467 quam.
846 2409 949 2453 MS.
975 2408 1130 2453 Guels.

232 2478 283 2518 in
318 2488 427 2530 qua.
507 2469 579 2512 De
613 2469 687 2512 illa
722 2468 1034 2511 coniuratione
1070 2468 1128 2511 cf.

230 2531 398 2591 Xiphil.
422 2529 491 2581 62,
513 2527 570 2570 24
592 2543 689 2585 sqq.

291 2600 557 2657 Calpurnio.
631 2597 707 2641 Sic
730 2596 833 2640 MS.
862 2595 982 2638 Flor.
1019 2599 1133 2650 (test.

233 2662 368 2716 Vict.)
420 2656 523 2701 edd.
579 2655 699 2756 Lifs·
748 2652 875 2696 Pieh.
924 2669 1020 2711 sqq.
1075 2676 1130 2684 -—

234 2716 518 2775 Calplzurm'o
562 2712 615 2757 ed
655 2745 666 2755 .
712 2721 819 2759 ven.
868 2727 971 2754 cum
1027 2711 1131 2755 cod.

230 2776 383 2821 Guels.

288 2844 555 2890 virtutibus.
613 2841 714 2885 MS.
732 2839 873 2883 Con-b.
902 2840 1099 2882 vir-tutas.

285 2915 598 2972 largitionem.
679 2910 781 2954 MS.
819 2909 931 2967 Reg.
981 2911 1126 2962 largi-

230 2981 396 3022 tiones.

289 3031 471 3088 ignotis.
533 3028 618 3072 Ed.
641 3026 760 3085 Spir.
785 3026 942 3079 ignoti.

283 3088 597 3147 parcimonia.
632 3085 711 3130 Sic
734 3083 837 3127 edd.
852 3080 1129 3140 Lips.1{yek.

230 3154 320 3197 lac.
342 3146 486 3192 Gron.
509 3142 703 3187 Bekker.
725 3138 890 3185 Kiessl.
925 3162 980 3171 -
1015 3154 1130 3192 par-

229 3206 433 3252 simonia
461 3201 564 3246 edd.
598 3208 705 3246 vett.
734 3206 776 3241 et
802 3195 988 3240 Pichen.
1011 3196 1127 3239 Ber-

231 3282 362 3323 negg.
388 3261 446 3307 al.
471 3276 512 3303 c.
539 3259 642 3302 cod.
667 3254 822 3300 Guelf-

242 3352 245 3358 ‚
285 3339 339 3365 ac
370 3316 763 3374 magnificentiae.
843 3311 948 3358 MS.
974 3309 1125 3354 Guels.

224 3398 247 3424 e
261 3389 279 3423 t
308 3375 505 3432 magnif.
1015 3425 1024 3435 .

284 3439 419 3479 luxu.
483 3431 559 3475 Sic
574 3429 675 3473 MS.
687 3428 814 3471 Flor.
835 3429 952 3482 (test.
969 3425 1125 3481 vnce).

228 3495 289 3539 cf.
311 3500 408 3536 not.
433 3490 487 3533 ad
511 3489 552 3539 6,
574 3487 647 3531 23.
675 3500 813 3535 nuru.
871 3483 987 3527 Edd.
1015 3491 1126 3528 vett.

227 3562 270 3597 et
302 3556 487 3596 recentt.
521 3561 625 3591 cum
664 3543 767 3588 MS.
791 3540 942 3585 Guels.
973 3542 1122 3584 luxui.

1203 2166 1293 2207 Pro
1321 2165 1589 2219 indulgebat
1614 2164 1658 2204 in
1685 2163 1837 2206 Guels.
1870 2165 1990 2222 prius
2015 2166 2096 2208 fuit

1203 2223 1532 2275 indulgebant:
1580 2221 1657 2263 sed
1699 2221 1841 2264 littera
1884 2237 1917 2262 n
1955 2223 2096 2266 deleta

1203 2288 1282 2322 est.

1259 2352 1341 2379 nec
1365 2349 1682 2388 perseverum.
1753 2335 1837 2383 Ed.
1858 2338 1985 2396 spir.
2017 2355 2098 2382 nec

1199 2407 1551 2448 praeseverum.
1621 2392 1725 2435 MS.
1758 2391 1907 2438 Guels.
1950 2411 2099 2452 neque

1199 2465 1516 2506 preseverum.

1262 2509 1374 2552 CAP.
1398 2508 1469 2551 49.
1501 2509 1829 2550 coniurationi.
1870 2507 1946 2550 Sic
1961 2508 2096 2556 MSS.

1208 2566 1359 2609 Guels.
1391 2565 1479 2623 (pr.
1515 2567 1596 2622 m.)
1629 2565 1742 2608 Bud.
1774 2564 1876 2608 edd.
1904 2564 2005 2610 Pul.
2026 2567 2095 2610 M.

1206 2632 1250 2665 et
1273 2624 1329 2666 V.
1356 2621 1565 2667 Beroald.
1591 2625 1649 2677 (c.
1675 2623 1821 2666 silent.
1836 2621 1968 2679 Vict.)
1995 2625 2095 2667 Alc.

1204 2681 1486 2739 [iheu-sqq.
1533 2681 1661 2723 etiam
1704 2679 1882 2724 Pichen.
1925 2691 1967 2723 et
2005 2681 2094 2723 lac.

1204 2738 1415 2783 Gronov.
1431 2772 1444 2790 ,
1490 2737 1566 2793 qui
1588 2737 1720 2780 simul
1745 2744 1894 2780 tacent
1916 2738 1971 2780 de
1994 2738 2095 2782 Ms.

1203 2795 1330 2838 Flor.
1395 2794 1624 2837 Broterius
1651 2802 1797 2837 tamen
1829 2801 2017 2839 testatur
2051 2796 2095 2838 in

1202 2852 1281 2895 illo
1324 2851 1448 2902 cod„
1507 2851 1571 2895 uti
1601 2851 1647 2894 in
1679 2851 1816 2895 MSS.
1845 2850 1956 2910 Reg.
1984 2853 2094 2909 Agr.

1203 2909 1338 2953 Corb.
1363 2908 1590 2966 ed.spir.‚
1629 2925 1723 2952 esse
1745 2908 2095 2961 coniurationis,

1201 2966 1324 3026 quod
1350 2966 1441 3024 ipse
1460 2966 1616 3010 edidit.
1662 2966 1738 3011 Sic
1758 2981 1939 3024 quoque
1956 2967 2093 3011 MSS.

1201 3026 1283 3067 les.
1318 3022 1470 3067 Guelf.
1506 3025 1547 3078 (a
1582 3040 1672 3069 sec.
1706 3026 1784 3079 m.)
1817 3031 1859 3066 et
1891 3023 2015 3068 Harl.
2052 3026 2093 3079 (a

1201 3097 1292 3125 sec.
1320 3084 1402 3137 m.)
1428 3080 1586 3124 eodem
1609 3088 1736 3124 teste.
1787 3081 1846 3124 cs.
1871 3081 1964 3132 1‚3.
1992 3085 2093 3125 sub·

1199 3140 1322 3182 sidia
1343 3139 1688 3190 dominationi,
1722 3137 1873 3195 ibique
1896 3148 1991 3182 not.

1257 3212 1289 3237 a
1338 3196 1570 3246 cupidine.
1659 3197 1734 3240 Sic
1783 3195 1920 3241 MSS.
1960 3197 2090 3240 Flor.

1198 3255 1317 3307 (test.
1352 3251 1470 3296 Vict.
1512 3269 1552 3297 c.
1594 3252 1683 3296 lac.
1715 3251 1942 3308 Gronov.)
1980 3254 2091 3312 Agr.

1199 3310 1315 3355 Bud.
1339 3309 1489 3354 Guels.
1513 3311 1613 3357 edd.
1632 3309 1750 3370 Spir.
1775 3310 1862 3354 lac.
1888 3309 2093 3354 Gronov.

1198 3368 1374 3411 Ernest.
1395 3367 1527 3411 Brot.
1550 3384 1649 3427 sqq.
1679 3391 1738 3402 —
1793 3383 1826 3411 a
1845 3369 2094 3422 cupiditate

1200 3426 1302 3469 edd.
1338 3424 1440 3469 Put.
1481 3424 1550 3470 M.
1588 3435 1632 3469 et
1661 3423 1716 3467 V.
1751 3423 1958 3469 Beroald.
1994 3426 2092 3469 Alc.

1198 3483 1343 3527 Rhen.
1386 3498 1487 3541 sqq.
1539 3482 1596 3526 ad
1648 3482 1734 3526 lac.
1785 3479 2089 3526 Gronovium.

1199 3539 1300 3584 MS.
1319 3539 1470 3585 Guelf.
1490 3540 1741 3595 proximus
1764 3554 1846 3598 pro
1864 3542 2063 3594 primus.
