2164 3990
213 211 263 248 A.
279 211 328 246 U.
344 210 428 243 816.

210 255 262 292 A.
284 253 330 288 C.
366 253 429 287 63.

643 211 695 270 L
710 211 735 270 Ι
751 209 820 276 Β.
868 212 1031 273 XIV.

1117 208 1320 275 CAP.
1360 210 1462 271 58.
1852 214 1971 270 311

120 329 368 405 liber-tus
406 340 607 399 Plauti
651 339 944 397 celeritate
980 353 1292 403 ventorum
1308 341 1638 417 „praevenit
1677 342 1975 399 centurio-

96 430 257 488 ‘nem
315 438 372 486 et
423 427 700 483 mandata
727 424 821 488 eL.
862 420 1108 482 Antistii
1157 427 1342 482 soceri
1397 427 1621 484 attulit:

1696 427 1974 500 effugeret

122 535 358 590 segnem
382 523 654 581 mortem,
679 504 902 566 *otium
926 511 1262 583 suffugium,
1286 523 1340 567 et
1360 511 1559 585 magni
1578 510 1838 566 nominis
1856 512 1973 567 mi-

120 601 505 658 serationem:
550 606 923 670 reperturum
950 596 1168 664 bonoS‚
1213 594 1680 652 consociaturum
1707 596 1968 655 audaceS.

118 687 354 745 nullum
397 682 633 738 interim
676 679 1007 736 subsidium
1046 683 1498 754 aspernandum.
1530 717 1535 728 .

1584 680 1634 736 si
1674 680 1967 753 sexaginta

116 771 335 827 milites
374 764 488 845 (tot
522 765 680 821 enim
715 763 1134 843 adveniebant)
1177 766 1562 840 propulisset,
1612 766 1755 821 dum
1785 766 1966 821 refer-

117 868 216 934 tur
253 854 498 911 nuntius
531 849 788 918 Neroni,
848 851 990 904 dum
1033 870 1243 905 manus
1284 851 1396 906 alia
1438 861 1727 925 permeat,
1779 851 1968 906 multa

115 951 409 1009 secutura,
452 955 601 1014 quae
638 935 712 991 ad
748 954 932 1010 usque
966 934 1190 990 bellum
1217 935 1624 998 evalescerent.
1710 935 1966 1012 denique

169 1131 344 1184 *olium
384 1127 646 1184 suffugium.
725 1123 840 1168 Edd.
880 1122 1000 1182 Spir.

115 1190 218 1233 Put.
260 1188 328 1231 M.
370 1195 412 1230 et
456 1186 510 1228 V.
555 1185 773 1239 effugeret
813 1197 1002 1235 segnem

112 1254 342 1291 mortem.-
369 1245 545 1286 ocium=
572 1240 836 1294 suffugium.
886 1238 1002 1280 Ean·

111 1307 213 1355 dem
254 1304 368 1345 inter
405 1300 662 1344 unctionem
703 1303 851 1339 servat
897 1295 1000 1338 cod.

112 1358 266 1404 Guelf.
391 1357 432 1399 d.
486 1355 631 1397 Rhen.
694 1353 912 1407 effugeret
961 1366 1000 1395 s.

110 1425 337 1460 mortem:
390 1414 564 1468 otium,
614 1411 882 1465 suffugium.
963 1409 1000 1451 E

107 1473 244 1520 MSS.
267 1472 363 1516 aliis
386 1485 519 1514 nemo
541 1468 787 1516 variantem
812 1467 1000 1525 scriptu-

108 1549 204 1576 ram
247 1531 418 1577 attulit,
473 1527 558 1571 nisi
594 1526 716 1584 quod
750 1524 853 1567 MS.
889 1526 997 1581 Agr.

109 1590 184 1632 dat
231 1589 321 1631 ocii
363 1586 636 1639 suffugium,
685 1581 807 1640 quod
855 1598 998 1638 nuper

106 1646 223 1690 mire
254 1643 421 1702 placuit
453 1642 761 1684 L'i'memanno⁴
821 1637 861 1682 Is
894 1638 999 1694 legit

107 1713 238 1762 atque
259 1699 443 1758 explicat
463 1700 549 1742 sic:
570 1698 788 1752 effugeret
805 1709 1000 1751 segnem

110 1760 335 1815 (inultam)
372 1766 606 1799 mortem:
646 1754 731 1795 otii
764 1753 813 1809 (i.
838 1770 877 1797 e.
910 1754 995 1795 ho-

106 1818 281 1860 minum
314 1815 361 1857 in
394 1814 487 1857 otio
510 1813 783 1859 viventium,
825 1828 861 1853 s.
885 1826 994 1868 pro-

106 1873 181 1919 cul
204 1890 227 1916 a
250 1872 477 1931 republica
503 1870 694 1927 gerenda
721 1866 993 1923 habitorum)

103 1933 356 1986 suffugsum
377 1937 420 1971 et
445 1930 612 1983 (etiam)
647 1925 813 1979 magni
838 1926 991 1967 nomi-

102 1994 176 2034 nis
198 1988 547 2030 miserationem
577 1989 734 2039 (esse):
778 1991 989 2037 repertu-

85 2062 211 2089 rum
234 2053 318 2087 etc.
377 2043 446 2086 Ut
470 2052 637 2085 taceam
666 2041 718 2082 de
740 2039 862 2081 inani
885 2055 990 2080 sen-

101 2101 459 2153 tentia‚0nemini
485 2097 822 2156 persuadebitur
843 2097 989 2138 otium

99 2177 195 2205 esse
226 2174 308 2217 pro
331 2157 587 2200 hominibus
610 2154 658 2196 in
682 2154 774 2197 otio
798 2153 988 2195 viventi-

99 2220 199 2263 bus.
228 2216 321 2261 Alii
349 2214 527 2272 vulgata
549 2222 755 2259 tuentur,
779 2228 802 2254 e
824 2211 986 2268 quibus

98 2285 247 2319 tamen
265 2289 397 2316 nenio
412 2272 618 2315 idoneam
635 2269 894 2312 sententiam
914 2268 986 2311 eli-

34 2374 40 2376 f
99 2350 202 2378 cere
223 2331 380 2390 potuit.
440 2329 671 2382 Plerisque
694 2328 817 2368 locus
838 2341 985 2367 emen-

104 2391 281 2434 datione
317 2386 535 2431 iuvandus
568 2384 757 2428 videtur.
825 2383 985 2423 Mure-

99 2457 193 2491 tus:
254 2446 475 2500 effugeret
535 2455 727 2496 segnem
785 2446 984 2480 mortem

99 2507 298 2548 hostium
341 2501 552 2556 suffugio.
629 2496 985 2540 Freinshemius:

99 2563 313 2616 effugeret
344 2574 529 2613 segnem
564 2562 789 2597 mortem:
837 2554 988 2596 otium

97 2618 309 2674 suffugiis
341 2625 385 2659 et
423 2614 586 2668 magni
612 2612 814 2653 nominis
846 2613 987 2652 mise-

99 2678 283 2719 ratione
305 2681 598 2727 reperturum
617 2677 699 2712 etc.
758 2668 988 2710 Heinsius:

99 2735 194 2776 odii
209 2732 473 2787 suffugium.
532 2725 765 2771 Erotes-ius
788 2741 890 2768 cum
905 2724 984 2768 Pe-

97 2790 243 2834 tavio:
286 2791 482 2830 otiosum
501 2785 758 2839 suffugium.
820 2781 985 2840 ssipon·

99 2847 208 2890 tini:
235 2847 358 2887 ocz'us
382 2844 630 2897 suffugium
655 2856 752 2883 esse
777 2856 839 2881 m.
854 2856 901 2882 η.
918 2856 981 2882 m.

102 2902 346 2947 Obertinus
366 2901 515 2943 locum
541 2897 897 2956 interpunctione
921 2913 984 2940 sa-

100 2960 297 3003 nandum
350 2966 469 3000 ratus
521 2955 691 2997 edidit:
767 2955 984 3009 effugeret

98 3032 284 3071 segnem
329 3022 549 3067 mortem,
613 3015 781 3054 otium:
839 3012 980 3065 suffu-

97 3081 224 3131 gium
259 3082 340 3115 etc.
426 3069 551 3112 Vana
585 3068 719 3123 haee,
767 3085 850 3115 nee
889 3068 981 3111 ullo

97 3131 312 3189 adplausu
356 3128 504 3185 digna.
572 3125 745 3168 Vitium
790 3125 892 3168 latet
938 3126 980 3167 in

98 3197 272 3235 otium,
323 3185 444 3243 quod
486 3181 558 3226 hic
595 3192 658 3225 est
697 3182 861 3232 nullius
900 3182 980 3225 rei.

96 3246 191 3289 Nisi
212 3244 368 3294 fallor,
391 3242 536 3284 littera
557 3255 583 3280 o
605 3248 668 3281 est
691 3248 843 3296 caput,
865 3237 998 3283 ti'um'

97 3301 352 3353 terminatio
374 3298 523 3345 verbi,
554 3295 679 3339 cuius
699 3295 866 3340 mediae
889 3297 974 3356 syl·

96 3358 218 3405 labae
253 3358 434 3416 periere.
502 3353 706 3396 Coniicio
735 3356 978 3396 otiantimn

97 3415 170 3458 vel
219 3413 529 3456 oscitantium.
621 3410 828 3452 otiantes
876 3421 982 3454 sunt

99 3469 418 3528 σχολάζονιες,
466 3467 688 3523 Milssige,
737 3467 915 3520 Trr‘r‘ge,
960 3485 982 3510 a

98 3530 231 3578 rebus
256 3527 456 3587 gerendis
485 3525 630 3575 alieni.
692 3524 860 3574 Horum
888 3526 983 3574 suf-r

1073 1123 1244 1181 fugium
1266 1132 1330 1168 est
1353 1124 1499 1183 segnis
1523 1142 1646 1170 mors
1673 1126 1734 1183 (b.
1764 1143 1804 1169 e.
1828 1140 1960 1184 quam

1072 1182 1273 1241 sibijpsi
1306 1182 1507 1226 inferunt
1550 1185 1615 1226 vel
1652 1183 1960 1243 segniter-pa-

1072 1241 1267 1289 tiuntur,
1309 1250 1358 1282 ut
1390 1239 1562 1284 insidiis
1590 1254 1636 1287 se
1668 1241 1961 1296 subtrahant).

1069 1295 1271 1339 Similem
1304 1297 1434 1355 plane
1471 1300 1732 1342 sententiam
1772 1298 1962 1356 legimus

1072 1356 1138 1404 16,
1159 1354 1230 1397 25.
1258 1357 1431 1407 segnes
1453 1363 1497 1396 et
1514 1356 1711 1409 pavidos
1731 1352 1963 1409 supremis

1071 1414 1169 1454 suis
1192 1419 1421 1455 secretum
1454 1413 1757 1456 circumdares
1818 1409 1959 1467 Asfii-

1070 1478 1189 1511 cer-ec
1215 1472 1412 1524 populus
1433 1470 1587 1511 virum
1607 1471 1758 1512 morti
1780 1473 1960 1513 obvium

1069 1535 1155 1569 ete.
1212 1527 1351 1583 Igitur
1381 1526 1499 1582 lege:
1530 1527 1750 1582 effugeret
1776 1542 1960 1580 segnem

1069 1593 1298 1634 mortem,
1328 1584 1576 1626 otiantium
1597 1586 1876 1639 suffugium,
1915 1591 1963 1627 el*

1070 1643 1233 1696 magni
1249 1642 1457 1684 nominis
1478 1643 1859 1685 miserationem:
1888 1657 1958 1685 re·
2017 1647 2024 1649 ’

1063 1707 1313 1752 pertarum
1337 1705 1418 1741 etc.
1464 1699 1714 1742 Sententia:
1739 1716 1793 1742 ne
1815 1699 1958 1758 segni-

1068 1764 1134 1799 ter
1165 1755 1247 1799 sibi
1280 1754 1372 1813 ipse
1396 1772 1552 1798 manus
1577 1756 1762 1799 inferret
1787 1765 1861 1799 aut
1884 1758 1957 1799 iu-

1068 1813 1222 1871 gulum
1298 1813 1641 1870 percussoribus
1711 1816 1955 1872 praeberet,
2017 1836 2032 1852 x

1065 1872 1185 1929 quod
1210 1869 1380 1912 soleant
1402 1870 1548 1913 facere
1569 1870 1712 1928 ignavi
1737 1879 1779 1913 et
1800 1887 1954 1914 rerum

1064 1927 1363 1986 gerendarum
1421 1927 1545 1970 obliti
1569 1960 1581 1979 ‚
1657 1944 1741 1971 nec
1793 1929 1955 1971 sineret

1064 2000 1274 2042 magnum
1318 2000 1481 2027 nomen
1523 1997 1616 2027 esse
1657 1984 1955 2038 miserationi3

1060 2042 1203 2086 immo
1231 2041 1412 2084 auderet
1436 2040 1617 2098 aliquod
1640 2042 1839 2094 facinus,
1879 2061 1952 2086 re-

1060 2108 1290 2158 perturum
1317 2099 1462 2140 bonos
1485 2107 1572 2142 ete.
1632 2100 1844 2144 Ceterum
1868 2102 1952 2143 mi-

1057 2157 1338 2199 serationem
1357 2155 1519 2199 habent
1542 2164 1650 2201 vett.
1674 2156 1772 2201 libri
1796 2175 1952 2201 omnes

1057 2221 1230 2271 praeter
1263 2213 1362 2256 MS.
1400 2212 1541 2265 Bud„
1597 2215 1668 2257 cui
1707 2231 1730 2257 a
1764 2231 1851 2259 sec.
1889 2231 1950 2258 m.

1059 2273 1173 2314 inest
1199 2271 1522 2322 miseratione,
1554 2271 1672 2314 unde
1701 2271 1950 2316 Obertinus
2024 2286 2031 2297 ‘-

1059 2328 1202 2371 dedit:
1233 2328 1482 2380 snff‘ugt‘unz
1503 2337 1547 2369 et
1567 2330 1731 2382 magni
1746 2332 1949 2372 nominis

1056 2385 1348 2426 rrizserotae‘one
1373 2394 1669 2438 reperturum
1691 2390 1834 2429 bonos
1858 2395 1944 2430 ete.

1058 2442 1181 2484 Idem
1205 2441 1441 2486 voluerant
1457 2440 1694 2485 Rhenanus
1717 2451 1758 2485 et
1773 2442 1949 2488 Freins-

1054 2497 1242 2541 hemius.

1114 2558 1482 2609 aspernandum.
1570 2555 1646 2599 Sic
1696 2557 1795 2600 edd.
1842 2559 1943 2604 Put.
1988 2596 1989 2600 ,

1057 2628 1158 2670 sqq.
1216 2636 1269 2646 —
1335 2609 1441 2655 1518.
1484 2611 1608 2655 Flor.
1651 2615 1778 2668 (test.,
1813 2616 1944 2674 Vict.)

1056 2670 1423 2723 aspernantium.
1481 2668 1562 2712 Ed.
1577 2671 1694 2728 Spir.
1719 2686 1946 2726 spernan-

1057 2727 1190 2769 tium.
1281 2726 1385 2769 MS.
1437 2725 1590 2770 Guelf.
1645 2733 1947 2784 aspernanti,

1056 2784 1130 2827 sed
1156 2781 1186 2825 ἕ
1206 2783 1266 2826 ibi
1291 2792 1354 2827 est
1375 2783 1422 2826 in
1444 2782 1589 2827 litura.

1113 2844 1434 2885 adveniebant.
1495 2839 1569 2882 Sic
1581 2840 1680 2886 MS.
1693 2842 1826 2887 Corb.
1841 2845 1941 2890 edd.

1055 2898 1170 2956 Spir.
1194 2897 1338 2941 Rben.
1367 2899 1431 2952 (ut
1456 2897 1631 2943 videtur
1653 2900 1820 2956 eBud.)
1842 2919 1940 2962 sqq.

1055 2980 1110 2989 --
1135 2956 1372 2996 ueniebant
1398 2955 1674 3000 Mssiltart.
1704 2958 1830 3001 Bodl.
1856 2960 1937 3003 les.

1055 3010 1207 3055 Guelf.
1241 3011 1342 3054 edd.
1365 3012 1468 3055 Put.
1497 3013 1561 3057 Μ.
1589 3022 1630 3055 et
1650 3012 1705 3056 V.
1730 3014 1937 3060 Beroald.

1054 3072 1177 3125 (cum
1219 3068 1287 3112 sil.
1327 3069 1461 3126 vict.)
1500 3069 1601 3113 Alc.
1682 3071 1938 3127 Quaeritur,

1054 3143 1109 3170 an
1144 3125 1239 3167 iure
1273 3127 1520 3184 meritoque
1553 3126 1788 3172 Rhenanus
1825 3145 1939 3174 con-

1055 3192 1219 3226 textum
1241 3182 1473 3226 Puteolani
1499 3186 1754 3228 mutaverit.

1107 3240 1401 3294 propulisset.
1461 3241 1560 3287 MS.
1589 3241 1700 3286 Bud.
1720 3246 1936 3297 protulis-

1046 3306 1139 3351 set,
1175 3304 1215 3338 et
1250 3295 1314 3338 sic
1335 3298 1406 3339 ed.
1431 3296 1640 3342 Beroald.
1666 3314 1767 3341 cum
1791 3300 1935 3350 silent.

1048 3351 1259 3397 Victorii.

1107 3415 1216 3452 dum
1239 3409 1444 3464 refertur
1463 3440 1472 3452 .
1490 3436 1528 3452 .-.
1543 3441 1554 3451 .
1571 3421 1799 3464 permeat.
1859 3415 1941 3462 Er*

1055 3467 1182 3511 nestii
1223 3466 1411 3509 latinitas
1452 3468 1699 3525 postulabat
1739 3472 1960 3528 referre-x

1060 3533 1160 3575 tur,
1186 3532 1474 3584 permearet,
1528 3525 1618 3574 sed
1645 3526 1741 3578 vid..
1766 3539 1859 3578 not.
1883 3530 1940 3578 ad
