2164 3990
1805 228 1927 312 1223.-
1942 234 2023 312 Ἃῗ.

250 218 377 280 252
915 220 1428 289 ANNALIUM

247 351 609 419 familiarum
645 366 909 429 posteros
944 366 1193 427 egestate
1213 360 1462 416 ‚venales
1498 361 1563 418 in
1589 371 1822 421 scenam
1849 367 2110 440 deduxit,

249 458 398 515 quos
431 440 551 495 fato
593 441 926 515 perfunctos
965 459 1041 495 ne
1083 441 1437 500 nominatim
1475 449 1732 518 tradam,
1783 452 2110 516 maioribus

249 544 455 582 eorum
489 523 873 582 tribuendum
900 536 1063 598 puto,
1132 546 1274 582 nam
1302 540 1359 586 et
1384 531 1509 588 eius
1531 533 1819 607 flagitium
1847 549 1960 607 est,
2004 539 2110 615 qui

245 610 559 685 pecuniam
593 610 672 666 ob
709 609 922 665 delicta
956 610 1152 684 potius
1179 612 1340 671 dedit
1366 636 1542 691 quam
1575 638 1649 674 ne
1679 620 2108 698 delinquerent.

246 693 434 752 Notos
462 714 695 772 quoque
722 694 944 769 equites
968 694 1275 753 Romanos
1297 720 1501 774 operas
1527 723 1736 761 arenae
1762 707 2106 780 promittere

247 781 477 855 subegit
512 779 685 836 donis
719 779 1088 852 ingentibUS‚
1139 781 1255 837 nisi
1293 787 1454 860 quod
1489 807 1711 846 merces
1743 792 1819 848 ab
1858 812 1959 863 eo,
2001 793 2106 870 qui

245 865 450 924 iubere
473 875 690 941 potest,
732 865 858 920 vim
882 866 1238 923 necessitatis
1267 870 1473 930 adfert.

413 974 548 1036 XV.
605 973 695 1031 Ne
721 986 918 1032 tamen
948 973 1142 1034 adhuc
1168 980 1407 1054 publico
1434 977 1662 1041 theatro
1689 982 2105 1046 dehonestare-

233 1075 370 1133 tur,
420 1061 678 1118 instituit
711 1062 884 1118 ludos
919 1062 1286 1120 iuvenalium
1318 1069 1635 1140 vocabu10‚
1688 1070 1754 1126 in
1787 1092 1935 1148 quos
1968 1094 2104 1148 pas-

242 1149 355 1206 sim
379 1146 624 1203 nomina
652 1148 812 1203 data:
857 1168 983 1204 non
1013 1149 1293 1206 nobilitas
1318 1152 1626 1229 cuiquam,
1665 1176 1790 1212 non
1821 1169 1977 1215 aetas
2002 1170 2104 1216 aut

242 1234 359 1291 acti
388 1229 646 1289 honores
683 1231 1137 1307 impediment0‚
1187 1256 1304 1311 quo
1339 1238 1540 1295 minus
1580 1238 1796 1298 Graeci
1826 1241 2102 1300 Latinive

243 1314 552 1375 histrionis
601 1330 786 1376 artem
840 1330 1173 1375 exercerent
1214 1341 1402 1398 usque
1439 1325 1514 1380 ad
1551 1337 1744 1399 gestus
1777 1328 2104 1407 modosque

239 1399 404 1462 haud
427 1401 645 1464 viriles,
733 1402 883 1480 quin
913 1415 971 1461 et
993 1405 1247 1463 feminae
1282 1407 1559 1466 inlustres
1588 1411 1875 1470 deformia
1910 1414 2102 1471 medi-

238 1673 356 1711 torae
385 1665 630 1710 omissione
656 1664 767 1708 nihil
791 1665 836 1708 in
859 1665 960 1710 MS.
981 1664 1132 1709 Guelf.

238 1735 281 1769 et
315 1725 387 1768 ed.
417 1724 536 1783 Spir.
574 1723 855 1779 frequentius
893 1731 974 1774 est,
1043 1724 1132 1767 Sed

236 1781 346 1828 haee
380 1782 603 1826 librorum
640 1781 882 1832 auctoritas
924 1781 1131 1824 nondum

236 1840 379 1887 valuit
425 1839 472 1882 in
520 1838 838 1882 detrimentum
887 1839 1134 1897 scripturae

235 1900 447 1946 amoliri,
488 1912 602 1955 quae
635 1905 700 1939 est
730 1895 776 1938 in
802 1896 903 1940 edd.
925 1895 1132 1939 Beroald.

235 1956 342 2002 Alc.
367 1955 567 1998 Rhenan.
592 1970 688 2012 sqq.
751 1953 1026 1997 Puteolanus
1057 1954 1129 1995 de·

236 2015 362 2064 derat
393 2013 611 2055 amolliri.
672 2010 759 2053 Sed
793 2012 892 2068 quis
926 2026 1128 2069 unquam

225 2070 434 2129 ‚scripsitz
464 2077 682 2125 ratusque
701 2072 898 2111 dedecus
910 2070 1134 2109 amoliri?

237 2129 385 2172 Immo
426 2135 527 2185 post
556 2134 693 2168 ratus
725 2127 770 2167 in
807 2126 882 2168 tali
920 2133 1129 2167 contextu

233 2187 437 2244 sequitur
474 2183 718 2226 infinitivus
754 2181 929 2240 passivi.
968 2182 1129 2239 ¹Igitur

234 2260 342 2289 cum
372 2250 570 2286 veterum
600 2240 819 2283 librorum
850 2255 1003 2287 eausa,
1033 2248 1128 2282 tum

233 2303 294 2346 ob
318 2300 580 2358 elegantiam
601 2297 912 2355 reponendum
936 2297 1126 2339 molliri.

233 2360 293 2404 cf.
338 2361 415 2409 11,
451 2357 524 2401 25.
568 2356 874 2410 ignominiam
925 2357 1126 2397 mollire.

182 2427 183 2431 ’
235 2415 538 2461 Consentiunt
569 2429 651 2470 pro
682 2412 764 2455 hac
787 2410 1006 2469 scriptura
1028 2411 1128 2470 Lip-

233 2475 350 2526 sius,
389 2470 724 2516 Freinshemius
760 2478 802 2512 et
836 2469 924 2511 lae.
947 2468 1126 2512 Grono-

233 2532 354 2578 vius.
399 2528 599 2573 Eandem
613 2528 880 2584 Kiesslingio
897 2536 1125 2586 receptam

233 2590 390 2637 video,
450 2600 453 2604 ⁴

279 2670 601 2730 familiarum.
663 2668 746 2712 Ed.
772 2667 1124 2727 Spinsamilia-

233 2733 381 2779 rium,
430 2738 474 2772 et
514 2729 572 2776 ita
613 2726 697 2770 fuit
737 2727 785 2769 in
821 2725 996 2777 Guelf.,
1047 2724 1123 2768 sed

231 2805 324 2837 sec.
347 2805 407 2835 m.
428 2784 951 2841 correxitfamiliarum.
1002 2783 1127 2826 Idem

232 2863 337 2892 mox
359 2860 528 2888 senam
552 2859 633 2903 pro
654 2857 861 2886 scenam.

289 2945 404 2972 nam
427 2935 472 2973 et
500 2929 594 2969 eius
612 2926 859 2983 flagitium
890 2933 975 2969 est.
1050 2923 1127 2967 Sic

231 2989 334 3033 MS.
358 2985 510 3030 Guelf.
542 2985 647 3027 edd.
674 2983 774 3025 Put.
801 2983 864 3026 M.
891 2992 932 3024 et
957 2982 1014 3026 V.
1042 2982 1125 3024 Be-

231 3045 376 3094 roald.
401 3046 521 3099 (cum
547 3040 695 3086 silent.
717 3041 853 3094 Vict.)
884 3040 982 3085 Alc.
1008 3039 1125 3081 Rhe-

232 3119 336 3148 nan.
362 3117 461 3159 sqq.
519 3099 590 3143 De
614 3097 709 3141 aliis
731 3096 870 3144 MSS.
895 3096 980 3142 viri
1005 3094 1124 3139 docti

230 3161 290 3208 ita
321 3166 494 3209 tacent,
543 3166 592 3199 ut
627 3156 672 3202 in
700 3155 784 3202 hae
818 3154 1037 3211 scriptura
1064 3153 1126 3194 vi-

232 3218 421 3261 deantur
452 3213 730 3272 conspirare.
801 3213 861 3255 At
900 3212 970 3278 ed..
1004 3211 1122 3269 Spir.

233 3275 400 3318 omittit
432 3289 569 3320 nam,
612 3286 752 3329 eaque
787 3277 1049 3315 auctoritate
1083 3275 1127 3310 et

233 3333 446 3379 suadente
465 3328 673 3372 Ernestio
709 3326 937 3373 Bekkerus
971 3327 1124 3368 locum

234 3388 374 3433 edidit
394 3389 483 3431 sic:
514 3395 644 3440 puto.
689 3393 733 3427 et
749 3383 916 3441 ciusfl.
933 3390 1013 3435 est,
1038 3390 1124 3424 etc.

233 3444 325 3493 Sed
361 3443 579 3503 particula
616 3459 730 3485 nam
766 3459 857 3487 non
891 3449 1013 3485 caret
1045 3455 1123 3482 sua

232 3503 276 3546 vi
307 3500 579 3562 poniturque
603 3499 676 3544 hic
689 3498 908 3556 elliptice,
952 3507 1002 3540 ut
1034 3511 1126 3541 sae-

233 3575 307 3626 pe.
386 3558 565 3603 Etenim
598 3565 700 3616 post
725 3558 882 3604 verba:
916 3556 1125 3600 tribuen-

1205 1670 1322 1710 dum
1357 1674 1473 1722 puto
1502 1667 1804 1727 supplendum
1837 1678 1927 1715 est:
1961 1670 2099 1731 idque

1204 1735 1326 1769 recte
1371 1733 1527 1783 putare
1562 1726 1671 1769 mihi
1709 1727 1893 1779 videor,
1936 1729 2009 1776 vel
2039 1730 2098 1774 si·

1205 1782 1312 1826 mile
1336 1782 1466 1840 quid:
1498 1785 1624 1827 Nam
1640 1792 1725 1829 etc.
1773 1783 1930 1829 Simile
1954 1803 2097 1831 exem·

1203 1839 1329 1898 plum
1363 1850 1499 1884 exstat
1528 1841 1636 1885 infr.
1665 1842 1733 1892 16,
1764 1842 1835 1885 18.
1865 1844 1992 1887 Nam
2026 1845 2099 1887 illi

1203 1899 1303 1940 dies
1326 1907 1412 1941 etc.
1472 1897 1576 1941 Vid.
1605 1898 1666 1943 ibi
1701 1908 1796 1942 not.
1855 1899 1918 1946 cf.
1942 1900 2099 1946 Rams·

1201 1954 1334 1999 horn.
1361 1954 1446 1998 Gr.
1477 1959 1504 2011 §
1531 1957 1628 2001 187.
1662 1973 1706 2015 p.
1727 1956 1826 2001 563.

1256 2028 1314 2067 ob
1339 2028 1506 2068 delicta
1522 2028 1697 2080 potius.
1756 2027 1840 2072 Ed.
1857 2029 1978 2088 Spir.
1999 2045 2091 2085 po-

1199 2083 1290 2124 tius
1315 2086 1371 2124 ob
1395 2086 1575 2128 delicta.
1643 2084 1811 2127 Eadem
1846 2102 1974 2130 mox:
2005 2091 2093 2129 do-

1198 2141 1276 2182 nis
1297 2143 1470 2196 subegit
1493 2142 1772 2196 ingentibus,
1803 2151 1844 2186 et
1872 2143 1931 2187 ita
1953 2145 2090 2189 MSS.

1202 2197 1310 2255 Reg.
1337 2207 1379 2241 et
1401 2200 1509 2256 Agr.

1257 2271 1354 2311 nisi
1369 2273 1504 2325 quod.
1564 2268 1624 2312 cf.
1650 2277 1744 2312 not.
1764 2270 1819 2314 od
1843 2272 1882 2322 1,
1903 2270 1976 2316 33.

1257 2352 1370 2396 CAP.
1410 2349 1477 2395 15.
1554 2353 1752 2406 publico.
1828 2355 1929 2400 MS.
1966 2356 2090 2399 Flor-

1200 2411 1317 2464 (test.
1351 2408 1492 2461 Viet.)
1520 2413 1719 2463 puplico.
1801 2411 2089 2456 Vocabulum

1199 2470 1385 2511 theatro
1407 2468 1530 2510 abest
1555 2485 1579 2510 a
1602 2467 1702 2511 MS.
1731 2467 1833 2521 les„
1867 2469 1943 2527 qui
1969 2471 2091 2514 idem

1200 2534 1268 2567 est
1298 2526 1401 2568 cod.
1427 2526 1575 2569 Oxon.
1603 2524 1690 2568 Iac.
1713 2525 1960 2577 Gronovii,
1996 2544 2090 2571 non

1199 2583 1430 2633 diversus,
1489 2590 1537 2624 ut
1586 2582 1758 2625 videtur
1800 2584 2086 2642 Kiesslingio.

1171 2646 1174 2649 '
1195 2639 1288 2683 Pro
1312 2642 1461 2682 adhuc
1481 2639 1580 2682 MS.
1607 2639 1758 2684 Guelf.
1781 2644 1914 2685 haec.

1255 2723 1559 2765 iuvenalium.
1640 2723 1774 2767 MSS.
1807 2725 1931 2769 Flor.
1971 2727 2086 2781 (test.

1197 2778 1338 2834 Vict.)
1366 2779 1516 2822 Guelf.
1550 2780 1617 2823 ed.
1650 2781 1771 2839 Spir.
1801 2784 2088 2827 iuvenilium.

1197 2838 1287 2882 Sed
1313 2837 1371 2880 cf.
1396 2837 1463 2885 15,
1487 2836 1559 2881 33.
1619 2838 1805 2883 Sueton.
1827 2841 1934 2885 Ner.
1959 2858 2000 2885 c.
2020 2844 2088 2884 11.

1256 2936 1395 2977 usque
1422 2924 1487 2962 ad
1510 2929 1665 2976 gestus
1687 2925 1936 2979 modosque
1959 2925 2090 2966 haud

1195 2981 1365 3022 viriles.
1437 2978 1648 3022 Heinsius
1684 2980 1866 3026 volebat
1901 2988 2084 3022 motus-

1197 3051 1281 3092 que
1325 3052 1407 3095 pro
1455 3041 1707 3093 modosque
1742 3039 1800 3080 ob
1830 3036 1984 3082 locum
2021 3039 2087 3090 15,

1196 3093 1264 3136 37.
1298 3104 1339 3136 et
1372 3093 1526 3141 Horat.
1553 3093 1644 3137 Od.
1670 3094 1712 3146 3,
1733 3094 1777 3137 6.
1807 3111 1920 3155 quae
1946 3103 2086 3138 muta·

1197 3151 1259 3194 tio
1280 3167 1373 3194 non
1397 3150 1601 3210 displicet
1616 3152 1838 3195 Ernestio.
1886 3150 2086 3212 Ryckius

1196 3208 1430 3266 vulgatum
1495 3208 1695 3253 defendit
1761 3208 1916 3252 adlatis
1976 3208 2086 3252 locis

1199 3265 1396 3321 Quintil.
1442 3267 1482 3316 1,
1515 3267 1586 3310 17.
1626 3267 1863 3309 Numeros
1912 3266 2086 3309 musice

1196 3325 1403 3378 duplices
1444 3326 1583 3366 habet
1634 3326 1681 3366 in
1731 3325 1910 3366 vocibus
1949 3331 1995 3366 et
2037 3326 2087 3365 in

1195 3396 1400 3436 corpore.
1453 3383 1701 3437 Utriusque
1721 3381 1848 3422 enim
1865 3382 1939 3423 rei
1949 3388 2087 3435 optus

1196 3443 1390 3499 quidam
1435 3443 1603 3481 modus
1640 3440 1947 3480 desideratur.
2028 3437 2085 3480 Et

1195 3497 1329 3553 paulo
1355 3504 1478 3553 post:
1512 3497 1737 3554 Quamvis
1761 3497 1878 3538 satis
1900 3495 1998 3538 iam
2022 3510 2085 3537 ex

1197 3554 1308 3609 ipsis
1330 3555 1491 3610 quibus
1507 3569 1611 3599 sum
1634 3555 1771 3595 modo
1792 3567 1903 3596 usus
1918 3567 2079 3596 exem--
