2164 3990
1908 92 1935 132 Χ

1783 203 1843 283 fi:
1856 204 1909 284 Εἷς
1918 205 2003 287 ‘stt

239 188 368 263 §65
916 173 1423 262 ANNALIUM

238 349 436 389 secum
468 327 770 387 abderent.
859 324 1047 399 Igitur
1083 329 1203 386 dux
1232 327 1543 390 Romanus
1579 333 1827 396 diversis
1864 340 2090 401 artibus
2150 371 2151 374 ¹

235 413 638 474 misericordia
661 413 940 468 adversus
965 414 1282 488 supplices,
1325 418 1616 475 celeritate
1645 421 1715 476 ad
1725 441 1923 480 versus
1947 445 2090 500 pro-

235 503 432 576 fugos,
474 498 720 556 immitis
756 497 857 566 iis,
901 498 1005 572 qui
1040 498 1293 556 latebras
1325 501 1690 574 insederant,
1734 527 1838 582 ora
1873 520 1930 566 et
1965 510 2088 566 exi-

233 599 330 647 tus
363 605 637 661 specuum
673 583 982 638 sarmentis
1020 583 1406 661 virgultisque
1441 589 1760 664 completos
1795 592 1920 666 igni
1937 614 2084 653 ⁴exu-

232 673 331 733 rit.
414 666 612 746 Atque
637 668 811 723 illum
839 666 986 724 fines
1014 687 1149 725 suos
1178 673 1677 745 praegredientem
1711 676 2083 736 incursavere

226 756 431 818 Mardi
454 752 782 811 latrociniis
810 753 1046 809 exerciti
1081 766 1399 831 contraque
1437 757 1876 834 inrumpentem
1912 784 2086 821 mon-

226 843 390 903 tibus
413 837 653 897 defensi.
725 856 873 914 quos
895 836 1158 896 Corbulo
1181 840 1459 897 immissis
1486 840 1671 900 Iberis
1693 849 1943 907 vastavit
1972 846 2083 906 ho-

228 928 536 1002 stilemque
564 922 870 980 audaciam
895 935 1132 981 externo
1157 926 1442 1000 sanguine
1468 928 1627 984 ultus
1656 942 1758 991 est.

267 1036 271 1040 ·
311 1012 338 1050 V
396 1006 622 1068 XXIV.
707 1005 840 1083 Ipse
897 1010 1300 1088 exercitusque
1350 1023 1418 1069 ut
1479 1013 1694 1069 nullis
1731 1035 1800 1072 ex
1852 1019 2076 1092 proelio

224 1096 458 1157 damnis
482 1094 565 1151 ita
587 1113 695 1170 per
726 1093 992 1169 inopiam
1034 1107 1090 1153 et
1123 1096 1354 1153 labores
1387 1097 1734 1158 fatiscebant
1769 1122 1943 1158 carne
1975 1125 2080 1178 pe-

221 1185 441 1243 cudum
493 1178 843 1256 propulsare
893 1180 1109 1236 famem
1167 1183 1376 1242 a'dacti.
1498 1183 1596 1240 Ad
1654 1181 1768 1242 hoc
1828 1189 2077 1262 penuria

221 1267 437 1346 aquae,
475 1265 706 1322 fervida
742 1276 957 1336 aestas,
1000 1266 1326 1343 longinqua
1359 1268 1572 1325 itinera
1610 1271 1735 1326 sola
1772 1272 1938 1329 ducis
1970 1295 2075 1348 pa-

216 1353 425 1414 tientia
447 1350 900 1424 mitigabantur,
946 1352 1145 1407 eadem
1177 1353 1349 1427 plura
1375 1375 1548 1430 quam
1588 1357 1850 1429 gregario
1887 1359 2074 1416 milite

215 1437 512 1500 toleranti.
599 1434 859 1493 Ventum
899 1432 1116 1494 dehinc
1142 1437 1208 1494 in
1239 1439 1399 1495 locos
1436 1439 1624 1496 cultos
1664 1441 2072 1526 demessaeque

217 1536 432 1601 segetes
471 1534 529 1581 et
565 1541 633 1579 ex
669 1521 904 1579 duobus
941 1522 1220 1593 castelliS‚
1262 1523 1327 1580 in
1359 1545 1509 1601 quae
1546 1527 1930 1601 confugerant
1951 1526 2070 1586 Ar·-

1236 1767 1448 1805 externo.
1511 1761 1611 1805 MS.
1639 1761 1748 1821 Reg.
1766 1771 2001 1808 extremo.

271 1764 515 1807 abderent.
609 1759 711 1804 MS.
753 1757 909 1803 Guelf.
957 1761 1108 1803 adde-

212 1829 338 1868 rent.

268 1879 570 1933 virgultisque
639 1876 904 1930 completos.
1002 1874 1105 1919 MS.
1236 1845 1348 1889 CAP.
1367 1846 1438 1888 24⁶
1507 1859 1646 1888 came
1674 1849 1927 1902 pandum'
1996 1847 2070 1893 8⁶⁰

1180 1902 1415 1946 deficiente
1445 1904 1695 1948 frumento.
1757 1903 1818 1948 cf.
1852 1904 1979 1952 Caes.
2015 1905 2068 1950 B.

213 1935 369 1982 Guelf.
392 1935 695 1989 virgulasque
719 1934 993 1986 completas,
1032 1949 1106 1976 ne-

210 2010 299 2056 que
322 2002 472 2036 tamen
495 1991 591 2034 sine
618 1989 799 2034 alterius
826 2005 985 2033 manus
1006 1994 1105 2034 eor-

210 2051 429 2098 rectione.

263 2106 684 2166 praegredientem).
743 2104 819 2147 Sic
831 2102 964 2148 MSS.
983 2103 1105 2148 Flor.

243 2183 334 2212 sec.
371 2166 469 2210 lac..
493 2161 704 2208 Gronov.
742 2159 922 2217 collat.)
967 2161 1104 2205 Corb.

205 2171 324 2269 gud.
357 2221 463 2266 edd.
495 2219 673 2264 Ernest.
706 2219 834 2262 Brot.
864 2234 963 2277 sqq.
1036 2219 1103 2263 Si-

207 2282 304 2327 mili
338 2279 479 2323 modo
507 2277 670 2321 Noster
698 2276 853 2321 scribit
880 2278 1109 2329 praevehi

205 2341 297 2386 An.
325 2339 368 2390 2,
390 2337 434 2382 6.
488 2334 602 2378 Hist.
628 2333 671 2385 4,
694 2334 767 2378 71.
845 2335 1103 2391 praefesti-

205 2411 323 2442 nare
351 2395 442 2440 An.
467 2395 511 2443 5,
532 2394 606 2438 10.
675 2390 832 2448 Quare
865 2407 915 2433 ex
950 2407 1101 2434 emen-

206 2453 343 2502 dandi
366 2451 514 2496 studio
537 2448 793 2509 profectum
855 2455 930 2491 uta
953 2464 1093 2502 prae·

207 2512 565 2568 tergredientem
600 2507 650 2551 in
683 2507 784 2551 edd.
858 2514 920 2549 ut.
949 2507 1019 2550 Μ.
1057 2514 1102 2550 et

204 2571 263 2616 V.
275 2571 378 2614 Ber.
391 2566 496 2612 Ale.
518 2565 779 2632 Rhemosqq'.
793 2597 806 2616 ,
840 2579 1099 2631 quanquam

203 2626 437 2672 Victorius
467 2639 564 2669 eam
589 2639 676 2667 εει-ι
713 2633 859 2666 turam
887 2630 1098 2665 intactam

204 2683 403 2744 reliquit.
488 2681 625 2725 MSS.
704 2680 787 2724 arl.
823 2681 907 2723 les.
947 2678 1100 2722 Guelf.

207 2744 286 2788 ed:
310 2741 429 2801 Spir.
468 2740 870 2796 progredientem,
921 2736 1099 2793 vulgari

205 2820 227 2846 s
259 2799 478 2845 llabarum
497 2811 588 2852 pro
615 2805 655 2840 et
672 2810 794 2851 prae
816 2793 1098 2838 confusione.

205 2817 312 2904 Pion
334 2854 563 2914 intelligo,
606 2870 693 2912 qua
727 2853 909 2896 tandem
944 2850 1100 2895 oculo·

162 2918 168 2922 “
204 2932 306 2962 rum
334 2912 492 2957 fraude
515 2911 749 2957 Ernestius
772 2910 821 2952 in
849 2908 1003 2952 Guelf.
1035 2908 1100 2954 vi-

205 2972 322 3020 derit
338 2970 824 3028 praetergredientem
843 2975 884 3010 et
906 2965 1101 3032 syllabas

200 3037 394 3091 praeter
426 3029 473 3071 in
508 3028 667 3071 litura:
704 3041 811 3068 nam
846 3040 959 3082 pura
994 3040 1102 3066 scri-

208 3099 338 3148 ptura
389 3086 453 3131 ibi
502 3085 666 3142 legitur
700 3083 1099 3138 progredientem.

205 3146 309 3190 MS.
329 3144 438 3204 Agr.
463 3144 512 3186 in
523 3133 652 3203 fines
669 3155 782 3184 suos
795 3141 1098 3196 progredien-

211 3212 323 3247 tem.

198 3270 201 3273 '
262 3260 424 3305 Iberis.
503 3258 572 3302 Ita
606 3254 818 3314 rescripsi
852 3270 956 3298 cum
986 3253 1098 3297 Bek-

209 3319 333 3365 kerO.
401 3316 461 3360 cf.
505 3317 571 3364 12,
601 3315 671 3358 44.
706 3322 749 3357 et
781 3311 900 3356 alibi.
980 3311 1097 3355 Edd.

207 3369 317 3422 rett.
352 3381 394 3416 et
418 3373 554 3418 MSS.
585 3371 771 3415 Hiberis
800 3369 871 3413 vel·
889 3369 1099 3425 Hyberis.

207 3432 331 3478 Mira
360 3430 658 3473 inconstantia
692 3429 886 3471 editores
910 3434 1099 3471 recentt.

209 3490 300 3536 hoc
335 3485 438 3530 loco
472 3488 668 3530 retinent
702 3486 912 3538 Hiberis»,
957 3499 1097 3542 quum

213 3545 319 3594 alibi
340 3543 592 3605 praeferant
611 3544 788 3588 Iberos.

1179 1959 1239 2003 G.
1272 1959 1312 2012 7,
1336 1961 1404 2004 17.

1236 2047 1302 2086 ad
1329 2046 1425 2087 hoc.
1503 2044 1580 2090 Sic
1613 2045 1748 2090 MSS.
1779 2047 1901 2091 Flor.
1937 2048 2006 2103 (te
2031 2056 2064 2091 t.

1176 2100 1325 2158 Vict.)
1357 2102 1473 2145 Bud.
1510 2103 1580 2147 ed.
1618 2104 1737 2163 Spir.
1808 2104 1869 2148 cf.
1905 2106 1971 2156 12,
2019 2107 2064 2148 Ο.

1177 2157 1243 2208 13,
1265 2158 1336 2203 34.
1366 2186 1419 2195 -
1466 2163 1531 2202 ad
1551 2163 1663 2204 haec
1685 2161 1785 2206 edd.
1807 2162 1909 2206 Put.
1933 2163 2008 2207 Μ..
2024 2172 2067 2207 et

1173 2218 1231 2260 V.
1254 2218 1359 2261 Ber.
1377 2217 1634 2263 A10.Rhen.
1660 2235 1699 2263 c.
1725 2219 1830 2264 MS.
1855 2220 2007 2264 Guelf.

1225 2301 1431 2355 penuria
1451 2317 1618 2358 aquae.
1675 2302 1760 2348 Ed.
1772 2303 1891 2363 Spir.
1908 2320 2061 2360 penu-

1171 2360 1248 2401 ria
1271 2367 1428 2415 atque.

1228 2446 1396 2486 eadem
1410 2445 1554 2498 plura
1576 2461 1719 2502 quam
1742 2449 1958 2503 gregario
1978 2450 2063 2492 mi·

1170 2499 1253 2542 lite
1283 2503 1524 2546 toleranti.
1583 2504 1660 2549 Sic
1682 2505 1783 2550 MS.
1810 2505 1934 2549 Flor.
1963 2515 2062 2551 test.
2112 2527 2133 2541 x

1170 2556 1290 2601 Vict.
1334 2583 1390 2591 —
1457 2563 1621 2603 eodem
1659 2565 1802 2618 ptum
1841 2566 2062 2618 gregario

1169 2615 1320 2658 milite
1351 2619 1582 2660 toleranti
1611 2618 1713 2663 MS.
1749 2619 1858 2677 Reg.
1907 2630 1950 2664 et
1985 2621 2059 2665 ed.

1169 2672 1290 2730 Spir.
1322 2701 1382 2709 -
1439 2678 1600 2717 eodem
1621 2680 1764 2730 plura
1786 2693 1927 2733 quam
1950 2693 2062 2733 gre-

1167 2732 1300 2784 gario
1335 2731 1480 2774 milite
1515 2736 1749 2777 tolerante
1774 2735 1879 2780 MS.
1904 2735 2057 2781 Guelf.

1170 2786 1272 2831 edd.
1291 2788 1393 2831 Put.
1416 2789 1483 2832 M.
1509 2799 1552 2834 et
1576 2791 1635 2834 V.
1657 2791 1760 2835 Ber.
1786 2791 1886 2838 Alc.
1912 2794 2056 2838 Rhea.

1170 2859 1266 2904 sqq.
1336 2846 1386 2889 In
1420 2851 1653 2892 toleranti
1677 2849 1778 2894 MS.
1802 2850 1918 2896 Bud.
1953 2867 2059 2896 con-

1169 2902 1305 2947 sentit
1335 2919 1440 2947 eum
1471 2905 1598 2950 Flor.
1623 2915 1708 2951 etc.
1790 2907 1886 2953 Iam
1917 2909 2059 2954 Erne-

1169 2962 1277 3003 stius
1313 2962 1511 3012 viderat,
1556 2967 1721 3009 eodem
1754 2965 1808 3010 de
1841 2968 1955 3011 duce
1986 2966 2059 3012 hic

1170 3033 1263 3060 non
1288 3019 1389 3063 satis
1411 3021 1525 3065 hene
1548 3023 1636 3066 dici
1665 3038 1749 3080 pro
1773 3024 1899 3078 ipso,
1931 3025 2058 3083 quod

1170 3074 1391 3120 debuisset
1421 3080 1573 3123 scribi.
1646 3080 1800 3136 Quare
1836 3083 1950 3126 duce
1982 3083 2052 3127 ed.

1167 3133 1365 3191 Spirensi
1399 3138 1687 3183 emendabat:
1727 3143 1892 3182 eadem
1909 3141 2056 3196 plura

1166 3196 1383 3248 gregario
1430 3196 1576 3238 milite
1612 3197 1874 3242 tolerantis.
1965 3195 2054 3240 Sed

1166 3248 1229 3291 ibi
1252 3255 1419 3294 eadem
1442 3269 1818 3310 supervacaneum
1844 3262 1922 3299 est.
1967 3253 2055 3297 Po-

1168 3302 1259 3350 tior
1289 3310 1508 3367 scriptura
1531 3310 1656 3354 Flor.
1691 3312 1774 3354 hac
1809 3311 2053 3355 sententia:

1170 3378 1311 3421 quum
1333 3367 1488 3411 eadem
1511 3368 1653 3422 (ducis
1677 3368 1907 3426 patientia)
1927 3370 2056 3427 plura

1169 3438 1307 3479 quam
1323 3424 1549 3484 gregarius
1568 3426 1692 3470 miles
1708 3426 1930 3476 toleraret,
1959 3427 2028 3472 vel
2041 3443 2054 3470 ε

1169 3495 1283 3538 quae
1319 3483 1471 3526 eadem
1503 3481 1634 3541 plura
1664 3499 1797 3541 quam
1825 3484 2054 3543 gregarius

1167 3537 1297 3584 miles
1321 3540 1546 3586 toleraret.
