2164 3990
120 2714 128 2722 ⁸
209 2710 446 2754 Broterius
480 2728 503 2754 e
538 2710 736 2767 vestigiis
759 2708 1033 2764 MS.‚C0rb.
1067 2715 1111 2749 et

205 163 346 250 574
870 175 1391 242 ANNALNJM
1433 210 1438 226 2
1583 229 1587 234 .
1740 167 1978 218 aas...

1743 221 1793 256 A.
1814 219 1864 257 e.
1915 218 1978 268 ss,-

200 306 517 366 hominum
553 308 779 378 minor,
846 307 1096 365 delubra
1130 307 1310 375 deum
1340 321 1398 368 et
1427 311 1691 386 porticus
1725 302 2069 379 amoenitati

203 394 428 452 dicatae
454 393 630 451 latius
650 393 975 470 procidere.
1056 391 1307 469 plusque
1332 393 1610 459 infamiae
1633 396 1698 453 id
1721 397 2066 459 incendium

202 475 446 547 hahuit,
501 479 642 555 quia
678 477 935 553 praediis
973 474 1265 550 Tigellini
1302 470 1654 538 Aemilianis
1692 497 2063 560 proruperat.

201 564 630 640 videbaturque
674 561 833 618 Nero
886 563 1227 619 condendae
1281 564 1448 620 urbis
1510 587 1698 624 novae
1743 579 1800 625 et
1849 588 2067 643 cogno-

172 659 405 706 -mento
455 668 560 706 suo
610 647 996 722 appellandae
1040 646 1289 721 gloriam
1314 645 1622 725 quaerere.
1727 651 1964 730 Quippe
2006 655 2070 711 in

205 734 474 811 regiones
506 732 979 809 quattuordecim
1015 729 1213 790 Roma
1252 733 1571 805 dividitur,
1607 757 1865 815 quarum
1899 752 2071 816 quat-

205 831 342 877 tuor
368 819 627 892 integrae
652 819 1017 887 manebant,¹
1037 829 1155 874 tres
1178 819 1304 875 solo
1329 830 1500 876 tenus
1524 821 1807 894 deiectae:
1850 836 2071 900 septem

204 904 450 981 reliquis
504 923 691 979 pauca
749 914 1035 971 tectorum
1090 904 1334 978 vestigia
1384 919 1728 981 supererant
1778 907 1968 966 lacera
2017 923 2073 967 et.

208 1000 479 1048 semusta.
1808 1015 1813 1020 -

378 1071 538 1133 XLI.
601 1071 907 1131 Domuum
936 1086 997 1132 et
1031 1074 1361 1131 insularum
1403 1088 1460 1133 et
1495 1077 1882 1152 templorum,
1926 1059 2098 1155 quae.

208 1158 419 1216 amissa
447 1171 614 1230 sunt,
648 1168 975 1216 numerum
994 1159 1144 1215 inire
1169 1156 1332 1216 haud
1358 1173 1698 1236 promptum
1723 1162 1928 1220 fuerit:
1973 1166 2075 1221 sed

206 1243 602 1302 vetustissima
643 1245 959 1319 relig-ione,
1017 1246 1177 1321 quod
1217 1244 1461 1304 Servius
1500 1245 1740 1304 Tullius
1772 1241 2078 1307 Lunaeet

207 1503 351 1546 leuis:
381 1510 427 1545 εἰ
451 1496 643 1545 rursum
667 1516 742 1557 gr.
772 1503 803 1545 i.
828 1509 913 1546 et'c.
987 1502 1104 1545 Edd.
1177 1504 1224 1546 in
1258 1502 1332 1545 tali
1362 1509 1571 1546 contextu
1606 1502 1696 1547 dici
1732 1519 1879 1564 posse.
1940 1504 2072 1562 Quae

206 1560 309 1603 Put.
333 1560 398 1604 M.
421 1569 464 1603 et
485 1559 923 1604 Beroald.÷necdum
953 1563 1106 1614 posito
1178 1561 1334 1619 opinio
1369 1575 1512 1616 quum
1550 1560 1699 1603 adhuc
1731 1563 1882 1607 animo
1915 1562 2072 1617 inhae-

210 1625 339 1660 metu
365 1619 483 1660 satis
507 1619 819 1660 =credebatur:
855 1630 961 1660 cum
993 1619 1108 1660 levis
1179 1626 1300 1669 reat,
1347 1616 1508 1660 Hilleri
1541 1617 2076 1678 coniecturam‘pr'obaoe

174 1694 180 1701 ’
209 1690 405 1719 rursum
447 1683 696 1730 grassatus
738 1676 881 1729 ignis:
931 1676 1110 1728 patulis
1163 1675 1274 1718 ‘non
1308 1690 1510 1733 possum.
1572 1674 1714 1718 Malui
1739 1687 1873 1734 quam
1893 1693 2077 1721 accura-

210 1742 297 1779 etc.
322 1741 372 1775 ut
388 1733 446 1776 ita
464 1734 724 1789 conspirent
745 1750 848 1777 cum
865 1732 1110 1776 MS.Bod!.
1181 1733 1348 1776 tissime
1383 1731 1509 1788 sequi
1543 1732 1820 1789 optimorum
1863 1733 2075 1790 codicum

209 1790 305 1834 Pro
347 1794 548 1840 necdum
591 1790 661 1834 ed.
697 1790 801 1834 Put.
833 1791 891 1833 V.
928 1790 1002 1832 dat
1047 1803 1110 1831 ne
1180 1790 1388 1848 vestigia,
1426 1789 1650 1832 levissima
1679 1806 1787 1834 usus
1814 1793 2076 1835 mutatione.

212 1852 354 1897 dum,
385 1849 497 1892 vitio
528 1848 806 1906 typothetae,
837 1857 888 1891 ut
911 1848 1108 1893 videtur.
1180 1848 1279 1891 Diu
1307 1856 1348 1890 et
1372 1851 1512 1898 dum,
1551 1855 1636 1889 aut
1667 1855 1711 1890 et
1742 1850 1875 1890 haud
1903 1850 2079 1907 saepius

210 1905 456 1948 Rhenanus
492 1922 541 1949 ex
574 1907 756 1963 ingenio
792 1906 954 1949 edidit:
997 1919 1111 1946 nec-
1182 1905 1405 1956 confundi
1436 1905 1483 1957 in
1506 1904 1642 1948 MSS.
1668 1905 1766 1963 quis
1787 1907 1963 1949 nescit?
2015 1906 2076 1951 cf.

209 1966 326 2005 dum
356 1965 510 2017 posito
541 1971 672 2006 metu
710 1965 908 2010 redibat.
966 1962 1112 2005 Leuis
1182 1970 1276 2005 not.
1315 1963 1370 2006 ad
1403 1963 1470 2013 15,
1495 1965 1536 2006 1.
1596 1962 1709 2005 Hist.
1734 1961 1776 2014 3,
1797 1963 1871 2006 42.
1944 1963 2078 2008 Com·

211 2033 408 2063 rursum
437 2035 510 2075 gr.
536 2025 564 2063 ι’.
596 2029 681 2063 ete.
753 2021 953 2063 Eandem
991 2021 1108 2062 scri·
1181 2020 1401 2076 pendium
1428 2022 1478 2073 ρ’
1499 2019 1544 2062 in
1577 2020 1680 2062 MS.
1707 2020 1830 2065 Flor.
1864 2021 1963 2068 sine
1992 2021 2081 2064 du-

212 2086 393 2136 pturam
426 2077 603 2137 Lipsius
637 2078 846 2130 retinuit,
897 2077 1108 2121 asterisco
1181 2076 1258 2120 bio
1299 2086 1363 2119 est
1397 2083 1506 2131 post
1547 2077 1697 2135 potius
1731 2093 1866 2136 quam
1901 2082 2077 2132 posito.

212 2135 362 2194 posito
395 2144 498 2179 ante
523 2135 678 2178 Levis.
740 2135 1020 2179 Coniiciebat
1051 2133 1110 2176 te·
1182 2133 1296 2176 Nam
1321 2134 1518 2176 Pichena
1549 2134 1603 2177 ad
1628 2134 1741 2178 nist.
1763 2134 1804 2182 3,
1825 2136 1867 2178 7.
1899 2135 2079 2187 scribit:

213 2192 438 2250 gendum:
474 2194 638 2243 rediit,
669 2201 721 2235 at
740 2194 892 2235 levius
913 2206 1110 2234 rursum
1181 2192 1475 2249 „saepissime
1500 2191 1544 2233 in
1570 2191 1727 2235 eodem
1754 2191 1870 2234 libro
1898 2191 2077 2236 inveni-

210 2257 524 2303 grassaturus
549 2253 677 2305 ignis.
738 2249 933 2292 Pichena
967 2247 1112 2291 dedit:
1183 2257 1257 2290 tur
1289 2251 1338 2302 ρ’
1372 2264 1455 2306 pro
1486 2256 1609 2302 post.
1623 2248 1650 2264 ”
1737 2248 1893 2307 Neque
1926 2256 2078 2298 tamen

211 2322 293 2350 nec
320 2310 437 2349 dum
460 2310 613 2361 posito
648 2314 802 2359 metu,
831 2309 1015 2349 redibat
1040 2307 1109 2346 le-
1183 2322 1314 2362 spero
1347 2321 1493 2348 meam
1524 2306 1831 2349 coniecturam
1865 2308 2078 2351 omnibus

187 2366 281 2411 'vis
315 2379 509 2408 rursum
542 2373 792 2420 grassatus
835 2364 976 2418 ignis,
1017 2377 1132 2415 pa-‚
1183 2363 1423 2420 probatum
1460 2362 1539 2412 iri,
1575 2364 1755 2419 quando
1780 2363 1828 2406 in
1850 2364 2079 2409 coniectu-

212 2423 326 2464 tulis
362 2430 448 2466 etc.
529 2424 659 2479 Quae
696 2423 935 2466 valuerunt
970 2435 1112 2476 usque
1184 2421 1243 2469 ris
1268 2436 1404 2463 nemo
1428 2419 1560 2463 facile
1585 2421 1798 2464 omnibus
1819 2420 2044 2466 satisfacit.

212 2481 268 2523 ad
313 2479 558 2538 RYCkiUffl·
643 2480 852 2523 Muretus
904 2478 1109 2536 seqnitur
1238 2492 1288 2533 id
1319 2491 1598 2534 incendium.
1656 2491 1742 2534 Ed.
1766 2491 1884 2550 Spir.
1910 2497 1976 2535 ad
2003 2496 2077 2536 in-

210 2537 536 2587 Puteolanum,
595 2537 739 2582 deleta
777 2546 951 2581 tantum
992 2549 1109 2579 voce
1180 2550 1412 2592 cendium.

210 2598 342 2638 leuis.
425 2595 657 2640 Acidalius
706 2610 837 2637 more
890 2610 972 2638 suo
1027 2607 1110 2649 per

209 2653 608 2711 transpositionem
666 2653 770 2696 loco
832 2651 1108 2695 consulebat.
1239 2621 1535 2677 Aemllmms'
1595 2618 1771 2685 -hpsms
1799 2620 2001 2664 ‘soleba‘
2031 2637 2082 2664 ’Π

1182 2679 1483 2728 Aemilianis,
1530 2692 1636 2734 qula
1668 2676 1941 2720 Aemiliana
1972 2689 2077 2722 sunt

1183 2735 1334 2786 locus,
1387 2734 1434 2777 in
1468 2749 1559 2792 quo
1603 2739 1728 2777 er‘ant
1769 2733 1950 2792 praedia
1988 2736 2082 2781 illa.

1186 2793 1332 2835 Varro
1358 2791 1415 2835 R.
1442 2791 1497 2833 R.
1531 2791 1574 2842 3,
1596 2792 1637 2833 2.
1699 2791 1889 2835 Sueton-
1915 2791 2076 2837 Claud.

1185 2866 1223 2892 c.
1252 2850 1320 2892 18.
1380 2850 1439 2891 At
1470 2863 1624 2891 nonne
1659 2849 1838 2907 praedia
1866 2849 2079 2907 Tigellini

1184 2906 1455 2951 Aemiliana
1491 2907 1579 2949 dici
1612 2915 1828 2963 possunt,
1901 2923 1982 2951 uae
2007 2907 2079 2951 ha·

211 2767 282 2811 ed.
326 2767 446 2827 Spir.
491 2769 653 2813 edidit:
716 2772 917 2810 necdum
952 2766 1109 2821 posito

213 2833 370 2878 metu,
399 2828 584 2870 redibat
608 2829 741 2869 haud
759 2827 895 2874 Ievis,
927 2831 974 2865 et
996 2836 1112 2864 rur—

213 2891 318 2927 sum
366 2891 611 2938 grassatus
657 2885 789 2937 ignis.
877 2879 1115 2938 Bipontini

214 2940 409 2998 probant
431 2940 705 2999 scripturam
730 2938 982 2998 cod.Agr.,
1012 2937 1116 2980 sub·

213 2998 404 3042 stituunt
427 3007 577 3041 tamen
596 3000 728 3042 haud
749 3014 833 3056 pro
856 3010 971 3038 non.
1023 2995 1116 3037 Hil-
1184 2966 1362 3065 Ῑῆἒωὸ
1395 2979 1465 3063 ¹¹l¹f
1490 2964 1804 3064 ᾂεῐῃὼὸῃιὸἷ,
1878 2973 2077 3034 suerum

214 3057 336 3098 levus
368 3055 478 3099 Rae.
521 3057 592 3099 20.
639 3056 855 3099 coniecit:
916 3057 1115 3095 necdum
1199 3061 1201 3063 “
1273 3053 1284 3064 ”
1365 3036 1418 3063 ue
1461 3053 1472 3064 ⁰
1527 3030 1595 3082 “t
1626 3037 1764 3078 aem]
1785 3035 1907 3081 ‘am‘
1958 3039 2081 3067 era-³³

309 3115 317 3124 .
698 3115 706 3124 .
903 3112 912 3122 .
1188 3079 1331 3122 littera
1355 3088 1598 3137 postrema.

213 3122 362 3166 poszto
394 3122 550 3163 metu,
602 3115 783 3156 redtbat
818 3115 965 3155 levius
998 3124 1114 3152 rur-
1513 3146 1514 3149 ,
1577 3149 1586 3159 ,

216 3186 325 3212 sum
374 3180 629 3225 grassatus
671 3172 801 3226 igm's.
891 3170 944 3212 ln
997 3183 1112 3211 con,
1241 3157 1468 3192 semusta.
1541 3148 1618 3194 διο
1650 3147 1751 3194 MS.
1783 3149 1908 3194 Flor.
1960 3151 2079 3205 (test.

215 3236 383 3271 textum
422 3244 472 3271 ea
505 3228 677 3287 recepit
709 3226 985 3278 Oberlinus,
1039 3241 1112 3268 re-
1186 3207 1324 3262 νὶοῐ·)
1360 3208 1725 3277 ΡΓΟΙᾹῙῙηίυ-ςία»
1767 3207 1890 3265 ‘1¹¹0d
1916 3207 2081 3252 habent

213 3284 392 3328 tinuere
437 3295 673 3343 sequentes
709 3284 933 3332 editores,
988 3282 1114 3342 quod
1185 3263 1456 3308 MS·Guelf·
1482 3265 1585 3309 edd·
1612 3281 1786 3322 Omnes·
1833 3263 1892 3308 Cf·
1915 3267 1960 3314 2»
1979 3265 2048 3308 69·

215 3342 374 3385 miror.
436 3343 550 3387 Nam
575 3330 923 3400 mirasprofecto
949 3349 1014 3384 est
1040 3339 1112 3382 lo-
1244 3334 1358 3379 CAP.
1378 3335 1450 3379 41.
1511 3335 1772 3380 Domuum.
1828 3333 2077 3394 Edd.Spir.

217 3399 367 3443 cutio:
427 3408 675 3453 grassatus
733 3400 858 3454 ignis
913 3398 1112 3442 redibat.
1187 3401 1230 3437 et
1260 3393 1364 3436 Put.
1398 3393 1628 3436 Domum.
1709 3393 1819 3437 Mox
1850 3393 1922 3436 ed.
1954 3392 2075 3451 Spir.

214 3456 436 3500 Putabam
468 3458 617 3515 ignem
651 3464 984 3512 gras-saturum
1018 3453 1115 3512 qui·
1178 3451 1310 3496 ..mire
1334 3465 1417 3507 pro
1443 3452 1580 3494 inire.

219 3514 335 3565 dem,
365 3529 509 3571 neque
535 3531 639 3558 vero
661 3521 934 3568 grassatum
958 3513 1116 3556 redire
1246 3507 1427 3552 Lunae.
1486 3508 1588 3553 MS.
1613 3509 1726 3566 Agr.
1746 3505 1965 3551 Lucinae.
