2164 3990
172 232 219 266 Α.
239 227 293 264 U.
308 225 396 267 8⁰1.-

170 271 311 318 Λζα,
333 268 396 303 40,
566 225 741 287 LIB.
775 180 883 285 xl.
965 218 1158 295 CAP,
1194 222 1296 284 27.
1339 222 1444 285 28.
1851 220 1934 284 47

251 354 507 420 XXVII.
561 354 742 412 Haud
787 373 919 410 sum
959 353 1198 428 ignarus
1236 338 1576 410 fabu‘losum
1618 351 1815 410 visum
1859 355 1937 412 iri

89 459 315 508 tantum
346 437 510 501 ‘ullis
535 451 537 453 ’
562 440 907 498 mortalium
964 437 1288 496 securitatis
1341 438 1521 494 fuisse
1578 435 1644 492 in
1696 438 1935 497 civitate

86 532 352 592 omnium
390 547 570 603 gnara
605 538 662 584 et
696 520 851 581 nihil
880 525 1186 594 reticente,
1238 523 1464 579 nedum
1496 523 1798 580 consulem
1832 526 1939 580 de-

85 619 376 692 signatum
419 633 553 670 cum
587 631 767 669 uxore
803 610 1087 686 principis
1125 608 1422 685 praedicta
1459 609 1588 679 die,
1652 605 1938 666 adhibitis

85 704 188 781 qui
226 701 605 774 obsignarent
643 697 807 754 velut
846 696 1362 771 suscipiendorum*
1394 694 1720 751 liberorum
1766 715 1939 752 causa

84 786 453 854 convenisse,
488 795 662 860 atque
686 782 851 845 illam
877 781 1106 838 audisse
1131 779 1434 856 auspicum
1456 779 1666 849 verba,
1692 780 1939 851 subisse,

83 873 427 930 sacrificasse
451 870 608 945 apud
632 869 797 924 deos:
829 866 1185 945 discubitum
1207 865 1364 922 inter
1388 864 1690 922 convivas:
1721 867 1938 936 oscula,

83 957 448 1033 complexuS‚
511 965 746 1011 noctem
793 952 1047 1027 denique
1102 961 1291 1007 actam
1336 949 1574 1007 licentia
1625 951 1939 1024 coniugali.

82 1036 183 1099 sed
205 1038 362 1098 nihil
386 1039 777 1114 compositum
797 1036 1072 1092 miraculi
1096 1055 1267 1092 causa
1281 1080 1296 1105 ‚
1339 1055 1548 1092 verum
1569 1035 1770 1112 audita
1793 1036 1938 1093 scri-

81 1141 295 1205 ptaque
321 1125 652 1200 senioribus
677 1123 922 1182 tradam.
1532 1205 1534 1207 „

250 1230 536 1306 XXVIII,
582 1233 770 1309 Igitur
795 1234 1006 1292 domus
1032 1231 1320 1307 principis
1355 1227 1766 1302 inhorruerat,
1807 1253 1940 1290 ma-s

79 1323 350 1398 ximeque
417 1339 565 1397 quos
612 1338 792 1396 penes
839 1317 1134 1397 potentia,
1207 1327 1264 1373 et
1313 1316 1365 1371 si
1412 1322 1523 1372 res
1550 1311 1946 1396 verterentur,

81 1407 357 1467 formido,
443 1427 569 1476 non
609 1406 727 1462 iam
763 1403 998 1461 secretis
1034 1400 1378 1479 colloquiiS‚
1433 1403 1533 1458 sed
1582 1414 1781 1479 aperte
1813 1405 1941 1462 fre-

125 1575 328 1643 ‘enez
359 1605 546 1640 cantum
570 1597 695 1639 uuis.
734 1594 976 1639 Msmor.

82 1655 358 1713 (teseVict.)
383 1662 518 1697 tanto
542 1654 702 1705 nullis,
729 1653 848 1694 unde
866 1668 972 1695 con-

80 1715 202 1759 iicias
215 1746 227 1765 ‚
248 1713 360 1756 olim
383 1713 603 1770 scriptum
623 1709 759 1753 fuisse
785 1716 973 1751 tantam

81 1774 378 1948 :fig-{bedam
405 1840 496 1883 die.
555 1837 656 1881 Vid.
681 1845 777 1880 not.
801 1837 855 1880 ad
877 1836 969 1881 An.

97 1991 101 2002 2
135 1969 401 2009 liberorum.
463 1964 566 2008 Non
598 1963 760 2022 legitur
793 1964 840 2007 in
868 1964 968 2009 MS.

24 2063 28 2065 .
80 2024 234 2069 Guelf.
349 2044 352 2045 ⁷
718 2043 722 2047 ·

135 2117 274 2166 atque
318 2109 454 2155 illam
496 2107 682 2150 audisse
732 2107 973 2161 auspicum

76 2168 244 2215 verba,
273 2166 471 2215 subisse,
498 2165 794 2220 sacrificasse.
857 2163 971 2206 Ver-

76 2227 186 2268 bum
208 2224 384 2267 subisse
396 2221 567 2280 Lipsius
585 2223 836 2280 suspicaiur
854 2221 973 2264 inter

78 2284 118 2326 le
149 2283 272 2325 itima
296 2280 551 2337 nuptiarum
580 2278 743 2330 fuisse,
774 2279 869 2326 sive
892 2279 967 2321 in-

77 2299 318 2396 telgligenda
352 2338 406 2380 sit
435 2334 601 2379 subitio
637 2338 691 2380 de
725 2353 802 2390 eo,
844 2336 968 2395 quod

76 2397 265 2441 deducta
283 2395 453 2437 subiret
472 2395 616 2438 mariti
637 2395 826 2437 domum
841 2427 852 2444 ‚
873 2394 968 2438 sive

79 2455 132 2497 de
155 2453 280 2510 iugo.
341 2452 374 2493 Ι.
396 2450 473 2493 Fr.
498 2449 753 2495 Gronovius
782 2452 826 2494 id
860 2466 969 2496 ver-

77 2513 187 2554 bum
221 2508 406 2552 retrahit
436 2508 490 2552 ad
535 2510 676 2550 verba
718 2510 970 2563 auspicum,

76 2576 126 2612 ut
159 2568 220 2611 ita
250 2566 423 2610 audisse
459 2574 502 2608 et
533 2566 703 2609 subisse
735 2565 970 2623 auspicum

75 2626 213 2670 verba
249 2623 438 2667 dicatur.
510 2622 849 2666 Strombeckius
889 2639 969 2665 su-

76 2683 272 2741 spicatur
295 2683 465 2723 subisse
487 2680 657 2723 dictum
683 2696 777 2723 esse
805 2697 891 2740 pro
923 2683 971 2722 in

77 2754 275 2783 manum
324 2739 489 2781 mariti
533 2739 797 2781 convenire.
877 2737 969 2782 Alii

77 2798 250 2841 malunt
279 2796 476 2854 priorem
496 2795 631 2853 Lipsii
658 2796 967 2839 coniecturam

77 2856 305 2908 nupsisse,
342 2854 410 2896 vel
429 2855 606 2895 subisse
626 2852 967 2910 intelligendum

77 2914 131 2956 de
151 2911 249 2954 velo
271 2911 458 2969 nuptiali
479 2918 652 2968 putant.
710 2910 801 2953 Alii
827 2926 963 2968 quae·-

78 2966 180 3012 dani
203 2968 414 3012 excidisse
438 2975 622 3011 censent
645 2984 749 3012 cum
768 2968 964 3020 Heinsio,

74 3035 123 3070 ut
163 3029 336 3078 templa
374 3025 441 3068 vel
481 3023 625 3068 simile
667 3026 791 3083 quid.
878 3026 967 3069 Sed

76 3083 226 3126 omnia
261 3082 373 3126 haec
406 3081 509 3125 satis
553 3082 722 3126 incerta
766 3092 966 3126 manent.

77 3141 225 3197 Quam
246 3140 352 3183 olim
375 3139 505 3182 huius
524 3139 613 3182 loci
634 3140 880 3197 explicandi
900 3157 966 3183 ra-

77 3201 244 3241 tionem
272 3195 485 3245 inieram,
526 3197 615 3238 iam
647 3198 775 3240 video
807 3214 966 3240 vanam

78 3271 188 3298 esse.
255 3255 345 3298 Sed
375 3254 559 3297 sortasse
594 3255 756 3298 frustra
784 3254 964 3298 labora-

79 3327 177 3354 mus
205 3311 252 3354 iu
283 3311 384 3355 loco
418 3314 678 3369 depravato.
739 3311 890 3366 Quid,
929 3312 965 3355 si

81 3369 266 3410 verbum
300 3370 490 3411 audisse
521 3385 571 3410 ex
597 3369 859 3426 glossemate
885 3379 965 3419 est,

79 3425 198 3480 quod
213 3426 485 3484 adscriptum
502 3425 590 3469 fuit
606 3426 741 3468 verbo
756 3427 965 3469 subisse?

78 3481 279 3539 Namque
321 3485 561 3536 auspicum
600 3484 741 3525 verba
789 3485 966 3527 subisse

78 3538 118 3581 h.
141 3554 178 3582 e.
213 3555 251 3582 a.
285 3556 322 3583 v.
358 3539 553 3590 audisse,
599 3556 704 3585 cum
738 3539 961 3597 significa-

1045 1593 1168 1636 tione
1191 1593 1412 1636 audaciae.
1472 1591 1683 1637 Ceterum
1707 1595 1762 1639 de
1787 1611 1838 1640 re
1869 1598 1943 1642 iu-

1045 1659 1116 1694 vat
1137 1651 1337 1694 conferri
1362 1650 1655 1701 luvenal.-1o,
1678 1651 1767 1697 330
1786 1669 1883 1713 sqq.
1990 1684 1993 1686 v

1102 1707 1395 1751 discubitum.
1455 1707 1530 1752 Sc.
1558 1708 1940 1778 forma-nuptiali,

1043 1765 1216 1810 iacente
1241 1774 1379 1823 nupta
1399 1764 1447 1806 in
1468 1766 1639 1822 gremio
1664 1767 1829 1812 mariti.
1875 1770 1949 1814 cf.

1042 1822 1244 1867 luvenal.
1264 1824 1306 1870 2,
1333 1822 1429 1865 119.
1765 1849 1768 1854 -
1947 1844 1950 1847 -

1098 1882 1184 1922 sed
1203 1880 1320 1921 nihil
1345 1887 1430 1922 etc.
1491 1878 1587 1921 Sed
1609 1879 1795 1927 Heinsio
1814 1875 1939 1928 men*

1044 1937 1205 1980 <losum
1244 1944 1320 1978 aut
1360 1935 1640 1993 superfluum
1684 1940 1941 1987 videbatur.

1042 1994 1189 2036 lmmo
1216 1994 1332 2036 bene
1356 1994 1504 2046 adest;
1536 1997 1721 2054 respicit
1741 2000 1862 2042 enim
1884 2002 1941 2044 ad

1045 2051 1203 2094 verba:
1222 2051 1499 2107 fabulosum
1522 2055 1671 2096 visum
1693 2056 1766 2099 iri.

1101 2111 1313 2150 tradam.
1375 2108 1546 2168 Accipe
1568 2109 1617 2154 in
1640 2119 1845 2171 tempore
1863 2116 1940 2158 fu-

1044 2174 1172 2217 turo,
1212 2182 1303 2223 quo
1323 2165 1617 2212 Noster-cum
1639 2168 1824 2215 Graecis
1845 2173 1946 2216 uti--

1042 2232 1144 2276 tur,
1182 2231 1234 2266 ut
1267 2224 1508 2282 exprimat,
1545 2224 1592 2269 id
1625 2226 1709 2271 sibi
1740 2228 1938 2274 destina-

1042 2289 1141 2324 tum
1164 2280 1439 2339 solitumque
1461 2298 1578 2338 esse,
1610 2293 1662 2328 ut
1683 2286 1839 2331 tradat.
1881 2289 1951 2332 cf.-

1040 2338 1156 2382 Hist.
1171 2339 1212 2387 3,
1224 2339 1294 2381 51.
1323 2342 1455 2381 haud
1474 2343 1674 2383 absurde
1693 2358 1939 2388 memora-

1040 2397 1209 2440 bimus.
1263 2417 1269 2442 f
1294 2397 1400 2453 Agr.
1450 2413 1488 2441 c.
1533 2399 1600 2441 10.
1645 2413 1809 2455 rerum
1837 2404 1944 2459 fide

1043 2457 1306 2498 tradentur.
1367 2453 1427 2498 cf.
1453 2463 1550 2498 not.
1574 2456 1628 2499 ad
1656 2455 1721 2508 13,
1742 2459 1812 2502 20.
1841 2493 1844 2496 .
1895 2490 1897 2493 -
1936 2471 1940 2474 ·
1976 2486 1977 2489 =

1069 2535 1072 2538 ·
1101 2510 1301 2555 CAPAES.
1341 2519 1653 2557 verterentur.
1700 2514 1779 2559 Sic
1799 2515 1936 2561 MSS2

1040 2568 1156 2612 Bud.
1173 2567 1326 2612 Guelf.
1354 2569 1454 2612 edd.
1483 2570 1584 2613 Put.
1605 2571 1674 2615 Μ.
1699 2572 1742 2616 εἰ
1754 2573 1808 2616 V.
1834 2575 1942 2619 Ber.

1045 2629 1172 2681 (cum
1206 2627 1384 2670 silentio
1415 2625 1631 2680 Victorii,
1683 2630 1805 2688 quod
1834 2632 1937 2676 MS.

1041 2685 1168 2728 Flor.
1184 2700 1452 2728 consensum
1467 2689 1670 2744 testatur)
1683 2687 1782 2732 Alc.
1794 2687 1955 2735 Rhenz‘

1041 2741 1147 2785 Ald.
1179 2769 1238 2778 -—-
1276 2748 1547 2783 vetarentur
1571 2744 1640 2788 ed.
1665 2745 1785 2804 Spir.
1844 2747 1936 2791 Sed

1041 2799 1144 2842 edd.
1168 2806 1357 2843 recenti.
1379 2798 1527 2856 Lipsio
1555 2810 1741 2846 auctore
1769 2802 1936 2847 habent

1038 2863 1301 2908 verterent,
1347 2872 1412 2900 sc.
1458 2872 1590 2900 sensu
1635 2859 1937 2913 intransitive,

1037 2923 1087 2957 ut
1127 2915 1167 2965 6,
1206 2914 1277 2957 46.
1324 2922 1367 2955 et
1409 2913 1527 2956 alibi.
1607 2916 1695 2960 Sed
1736 2919 1937 2975 probum

1040 2971 1170 3014 etiam
1201 2979 1266 3014 est
1296 2972 1429 3013 verti.
1489 2971 1578 3014 An.
1602 2972 1643 3024 3,
1666 2974 1738 3018 54.
1770 2976 1935 3020 civita-

1040 3037 1135 3071 tem
1156 3029 1299 3079 verti;
1346 3029 1383 3079 5,
1403 3027 1446 3070 4.
1476 3030 1689 3074 brevibus
1714 3046 1932 3076 momen-
2011 3029 2023 3073 ἶ,

1039 3089 1096 3130 tis·
1114 3101 1304 3129 summa
1324 3086 1456 3140 verti.
1498 3086 1641 3144 Igitur
1659 3090 1933 3136 restituenda

1039 3152 1131 3186 erat
1151 3152 1275 3186 vetus
1296 3144 1532 3200 scriptura.
1587 3145 1775 3203 Aptiore
1796 3149 1931 3192 etiam

1038 3201 1404 3259 interpunctione
1466 3199 1617 3244 locum
1681 3203 1931 3250 iuvandum

1040 3257 1159 3301 duxi.
1222 3256 1370 3315 Vulgo
1393 3258 1569 3316 legunt:
1598 3259 1928 3307 inhorruerat:

1038 3317 1337 3370 maximeque
1373 3345 1384 3356 .
1420 3347 1430 3357 .
1464 3347 1474 3356 .
1507 3346 1520 3359 .
1552 3316 1794 3372 formido,
1833 3336 1931 3365 mm

1037 3373 1136 3413 iam
1161 3404 1172 3415 .
1190 3404 1200 3414 .
1218 3404 1229 3414 .
1250 3372 1649 3428 aperteftemere.
1709 3377 1798 3420 Sed
1820 3394 1926 3421 ma-

1035 3431 1261 3485 ximeque
1281 3430 1460 3488 respicit
1481 3431 1536 3474 ad
1559 3433 1750 3477 verbum
1773 3437 1928 3478 inhor-

1036 3494 1221 3553 ruerat:
1275 3487 1329 3530 ad
1367 3489 1599 3547 sequentia
1631 3498 1731 3549 apte
1769 3494 1928 3537 referri

1035 3552 1205 3602 nequit.
