2164 3990
229 215 315 276 44
898 212 1405 295 ANNALIUM

232 346 305 408 L.
340 343 564 405 Brutus
610 344 912 402 minorum
961 342 1225 417 gentium
1268 344 1740 419 appellaverant,
1791 343 2087 406 exhaustis

233 433 411 491 etiam
442 451 590 508 quas
619 430 869 487 dictator
893 430 1107 489 Caesar
1131 427 1254 502 lege
1280 427 1478 486 Cassia
1503 441 1557 486 et
1583 428 1855 507 princeps
1877 427 2087 507 Auguss

234 529 358 576 stus
388 518 516 590 lege
541 516 756 575 Saenia
788 515 1107 586 sublegere.
1193 514 1459 591 laetaque
1483 510 1627 572 haec
1652 515 1717 571 in
1739 537 1866 572 rem
1885 518 2086 593 publi-

232 611 360 661 c'am
393 602 601 659 munia
633 602 821 658 multo
859 597 1071 671 gaudio
1108 600 1363 656 censoris
1398 600 1720 659 inibantur.
1807 599 2087 663 Famosos

232 688 470 766 probris
494 706 757 764 quonam
778 684 956 741 modo
985 694 1190 739 senatu
1215 685 1531 759 depelleret
1554 687 1762 743 anxius
1793 686 1997 743 mitem
2033 698 2088 744 et

231 793 434 831 recens
458 783 752 848 repertam
775 788 954 845 quam
979 788 1047 824 ex
1073 768 1376 826 severitate
1395 771 1585 846 prisca
1605 772 1897 829 rationem
1917 768 2090 829 adhi-

231 859 366 917 buit
387 855 686 916 monendo
702 901 717 924 ‚
763 873 957 910 secum
983 853 1231 929 quisque
1257 855 1328 909 de
1353 874 1412 910 se
1449 857 1807 914 consultaret
1837 868 2089 932 peteret—

233 965 349 1022 que
384 944 477 1001 ius
515 940 768 999 exeundi
803 938 1049 1022 ordinis,
1134 939 1366 995 facilem
1413 940 1536 996 eius
1568 942 1652 997 rei
1690 942 1944 1001 veniam.
2032 954 2090 1000 et

231 1042 426 1088 motos
455 1031 661 1095 senatu
686 1035 1100 1099 excusatosque
1124 1024 1299 1081 simul
1322 1025 1791 1099 propositurum,
1829 1038 1898 1084 ut
1930 1027 2090 1084 iudi-

233 1115 395 1172 cium
448 1130 757 1170 censorum
807 1129 874 1165 ac
923 1111 1119 1184 pudor
1171 1121 1378 1185 sponte
1425 1111 1762 1167 cedentium
1813 1112 2091 1186 permixti

230 1197 622 1275 ignominiam
646 1195 969 1253 mollirent.
1058 1190 1159 1250 Ob
1186 1215 1253 1251 ea
1277 1192 1603 1269 Vipstanus
1629 1196 1836 1252 consul
1864 1196 2091 1256 rettulit

228 1297 459 1362 patrem
484 1292 718 1340 senatus
743 1279 1162 1356 appellandum
1184 1286 1304 1336 ‘esse
1318 1277 1664 1339 Claudium:
1709 1281 1928 1357 quippe
1949 1301 2091 1357 pro-

229 1371 523 1428 miscuum
546 1366 730 1444 patris
753 1365 978 1441 patriae
1009 1377 1489 1438 cognomentum:
1534 1386 1690 1423 nova
1725 1365 1790 1423 in
1824 1386 1950 1424 rem
1976 1387 2091 1442 pu-

1773 212 1831 291 k:
1849 211 2004 293 8:⁹22<

282 1590 342 1634 L.
363 1584 566 1634 Bruttis.
624 1586 886 1633 Secundum
907 1583 1012 1631 Liv.
1030 1585 1125 1637 1,8.

226 1646 452 1692 Romulus
479 1653 663 1690 centum
684 1644 855 1689 creavit
879 1651 1125 1687 senatores.

225 1706 353 1750 Idem
373 1704 468 1748 Liv.
493 1706 532 1755 1,
553 1703 625 1748 35.
651 1720 675 1747 a
693 1701 944 1761 Tarquinio
965 1701 1125 1746 Prisco

227 1771 413 1809 centum
458 1762 568 1804 alios
612 1760 785 1806 additos
830 1759 992 1810 refert,
1050 1757 1127 1816 qui

228 1820 390 1865 deinde
421 1819 655 1863 minorum
690 1818 891 1875 gentium
923 1816 1012 1859 sint
1044 1833 1124 1873 ap-

228 1877 396 1938 pellati.
458 1877 521 1921 At
544 1877 586 1929 2,
612 1878 652 1919 1.
687 1882 898 1918 narratur
929 1882 971 1916 et
1004 1873 1123 1916 Bru-

227 1945 329 1982 tum
360 1933 638 1993 supplevisse
672 1939 877 1976 senatum
909 1931 1125 1989 primori-

227 1995 315 2038 bus
357 1991 577 2050 equestris
616 1989 783 2049 gradus
831 1989 981 2037 lectis,
1047 1987 1125 2045 qui

226 2051 592 2117 conscriptorum
624 2062 795 2090 nornen
831 2047 979 2105 adepti
1020 2046 1124 2089 sint.

231 2109 362 2166 Quae
392 2124 429 2152 sl
463 2105 750 2155 consideras,
789 2111 910 2162 patet
934 2102 1129 2146 familias

227 2184 254 2212 a
274 2167 418 2210 Bruto
439 2164 488 2207 in
514 2171 721 2207 senatum
747 2163 942 2207 adiectas
967 2159 1130 2204 eodem

225 2225 328 2269 iure
377 2222 612 2266 minorum
663 2220 865 2278 gentium
920 2218 1126 2263 debuisse

227 2272 319 2327 dici
351 2289 486 2339 atque
526 2279 650 2326 illas,
708 2292 819 2334 quas
850 2275 1126 2335 Tarquinius

226 2338 424 2385 addidit:
495 2336 640 2381 immo
702 2350 726 2377 e
786 2333 1125 2391 comparatione

225 2396 531 2457 posteriorum
552 2393 725 2452 priores
748 2391 904 2436 exinde
922 2390 1126 2435 debuisse

226 2454 455 2500 maiorum
472 2451 674 2511 gentium
729 2449 896 2493 atriciis
913 2448 1126 2491 adnume-

228 2511 341 2556 rari.
395 2511 460 2554 lta
494 2525 591 2553 rem
623 2524 669 2552 se
696 2465 932 2556 gemuisse,
972 2503 1127 2563 colligi

226 2576 374 2630 potest
395 2584 445 2611 ex
467 2566 554 2611 hoc
575 2564 722 2610 Taciti
746 2564 867 2608 loco.

210 2646 213 2650 ·
285 2627 658 2682 appellaverant.
738 2621 815 2666 Sic
863 2621 968 2674 libri
1012 2627 1124 2667 vett.

176 2705 180 2708 ·
230 2699 415 2736 omnes,
458 2698 551 2724 non
579 2683 965 2739 adpellaverant5
1005 2678 1127 2723 scri-

260 2749 409 2785 turam
439 2742 679 2795 appellare
702 2736 874 2781 exhibet
900 2736 1033 2779 etiam
1057 2744 1127 2778 ta-

227 2757 340 2844 gula
371 2813 531 2848 aenea,
573 2796 629 2839 de
661 2811 750 2853 qua
782 2795 956 2839 dictum
981 2800 1045 2838 est
1070 2793 1125 2836 ad

230 2873 275 2904 c.
297 2855 368 2900 14.
393 2862 437 2899 et
463 2854 594 2897 Mon.
621 2853 852 2912 Ancyran.

287 2915 490 2957 dictator
523 2912 718 2956 Caesar.
785 2908 848 2954 cf.
883 2910 1007 2953 Suet.
1038 2907 1126 2951 Iul.

231 2971 498 3085 mplirininceps
523 3026 778 3080 Augustus.
836 3023 928 3067 Dio
960 3021 1030 3071 52,
1055 3023 1126 3066 42.

232 3085 505 3130 Moniment.
532 3083 705 3142 Ancyr.
727 3083 818 3126 tab.
841 3081 885 3125 2.
906 3081 962 3124 ab
989 3079 1090 3123 init.

235 3145 468 3247 AlmfifiZ}
481 3143 753 3242 '2⁰⁶²‘Za1'x'i's
767 3138 1128 3239 Fiissffpssss‘rsser'

237 3216 377 3301 velci‘n
402 3257 462 3299 R.
475 3215 683 3299 ⁴Pin-Sed
708 3230 779 3298 ed.
796 3255 901 3298 Put.
925 3211 1131 3297 MURf’.

237 3313 408 3359 omisso
441 3314 514 3361 in,
562 3313 668 3356 Put.
702 3315 758 3356 V.
789 3327 866 3367 po.
899 3325 971 3355 ro.
1039 3311 1132 3355 Pro

237 3375 369 3417 laeta
390 3370 490 3413 MS.
513 3368 663 3412 Guelf.
694 3371 768 3414 dat
790 3374 924 3414 lecta.

296 3428 513 3473 censoris.
572 3426 657 3468 Int.
672 3427 886 3471 Caesaris.
924 3426 982 3470 cf.
1008 3443 1048 3471 c.
1066 3425 1134 3468 13.

240 3494 286 3532 et
306 3487 491 3531 sueton.
511 3483 670 3535 Claud.
694 3500 733 3527 c.
750 3485 818 3530 16.
843 3485 941 3528 MS.
955 3486 1134 3529 Fames.

243 3543 347 3594 edd.
366 3541 575 3590 Beroald.
599 3540 700 3586 Alc.
728 3558 811 3602 pro
835 3543 1044 3587 censoris
1064 3540 1136 3586 ha·

1196 1587 1304 1629 bent
1331 1585 1552 1629 Caesaris
1587 1602 1636 1629 ex
1668 1585 2088 1644 interpretamento.

1197 1641 1370 1686 Verum
1408 1643 1654 1687 Rhenanus*
1686 1643 1879 1688 restituit
1922 1659 1947 1688 e
1985 1643 2088 1688 MS.

1196 1701 1343 1751 Eud„
1382 1717 1488 1744 cum
1553 1717 1612 1744 uo
1644 1701 1932 1745 consentiunt
1957 1702 2093 1745 MSS.

1196 1760 1327 1803 Flor.·
1367 1762 1485 1809 (test.
1563 1758 1639 1802 ict.
1676 1774 1781 1802 cum
1819 1759 1896 1816 al.)
1937 1756 2091 1803 Guelf.

1198 1817 1301 1860 edd.
1326 1817 1445 1874 Spir.
1466 1816 1568 1859 Put.
1590 1817 1658 1859 M.
1681 1823 1726 1859 et
1745 1815 1805 1859 V.

1252 1902 1413 1931 recens
1453 1894 1707 1943 repertam.
1773 1886 1863 1930 Int.
1899 1886 1954 1930 ab
1988 1885 2095 1931 Au-

1197 1953 1343 2047 {¹¹3}
1403 1944 1495 1988 Dio
1530 1943 1599 1997 52,
1625 1945 1701 1988 42.
1760 1943 1949 1988 Sueton.
1982 1942 2093 1990 Oct.

1259 2088 1405 2129 quam
1432 2087 1495 2116 ex
1519 2073 1784 2116 severitate.
1854 2069 1932 2116 Sic
1953 2073 2094 2117 MSS.

1199 2130 1323 2174 Flor.
1340 2134 1387 2184 (t.
1399 2129 1540 2187 Picb.)
1554 2130 1672 2174 Bud.
1689 2129 1838 2175 Guelf.
1857 2130 1958 2174 edd.
1974 2130 2092 2188 Spir.

1198 2188 1326 2232 Pich.
1354 2204 1452 2246 sqq.
1487 2192 1731 2245 quandam
1763 2203 1828 2231 ex
1847 2189 2094 2234 severitate

1199 2245 1303 2289 edd.
1326 2245 1430 2289 Put.
1456 2262 1554 2303 sqq.
1578 2245 1634 2289 ad
1660 2245 1920 2292 Pichenam.

1256 2316 1462 2358 exeundi
1503 2316 1694 2359 ordinis.
1765 2315 1842 2360 Sic
1879 2316 2015 2362 MSS.
2054 2325 2097 2360 et

1197 2382 1305 2418 vett.
1333 2373 1432 2417 edd.
1458 2381 1678 2433 quantum
1709 2381 1886 2417 constat
1918 2389 2094 2419 omnes.

1197 2430 1347 2488 Lipsio
1388 2441 1571 2475 auctore
1607 2447 1752 2489 nuper
1782 2439 2014 2476 mutarunt
2048 2432 2096 2476 in

1199 2489 1418 2532 exuendi.
1477 2487 1537 2532 cf.
1563 2487 1676 2531 Hist.
1698 2489 1740 2540 2,
1760 2488 1833 2532 86.
1891 2488 1980 2532 Sed
2002 2488 2095 2532 Ta-

1200 2547 1314 2590 citus
1336 2545 1467 2589 etiam
1487 2548 1617 2588 exire
1639 2545 1875 2604 coniungit
1896 2562 2000 2590 cum
2022 2563 2094 2590 ac-

1202 2604 1416 2647 cusativo.
1462 2603 1522 2647 cf.
1541 2604 1583 2654 6,
1606 2602 1679 2645 49.
1742 2602 1962 2646 Similiter
1985 2603 2095 2648 dicit

1201 2662 1362 2716 egredi
1396 2662 1606 2702 tentoria
1647 2661 1686 2712 1,
1721 2659 1793 2704 30.
1838 2661 2095 2704 cubiculum

1197 2733 1293 2762 non
1326 2732 1543 2773 egressus
1577 2717 1645 2767 15,
1674 2718 1747 2760 45.
1809 2718 1869 2762 cf.
1903 2727 2004 2763 not.
2039 2720 2094 2762 ad

1199 2777 1267 2827 12,
1288 2776 1359 2820 63.
1420 2774 1514 2817 Iam
1543 2774 1584 2818 si
1610 2775 1714 2819 licet
1737 2775 1932 2820 scribere
1965 2778 2096 2820 exire

1198 2835 1414 2877 ordinem
1428 2864 1440 2882 ,
1465 2849 1545 2876 cur
1563 2849 1658 2876 non
1678 2831 1873 2877 feramus
1894 2835 2100 2877 exeundi

1200 2894 1378 2935 ordinis
1437 2891 1537 2934 ius?
1619 2889 1855 2935 Consentit
1913 2907 2094 2936 mecum

1198 2947 1510 3007 Kiesslingius.

1259 3027 1428 3062 motos.
1515 3017 1602 3061 Ed.
1659 3017 1778 3075 Spir.
1831 3026 2004 3064 motus.
2037 3049 2097 3058 —-

1203 3085 1543 3132 excusatosque
1597 3076 1732 3119 MSS.
1782 3076 1906 3120 Flor.
1961 3082 2093 3134 (test.

1202 3134 1343 3191 Vict.)
1369 3133 1518 3178 Guelf.
1547 3158 1605 3167 —
1653 3142 1699 3177 et
1722 3142 1971 3179 excusatos
1991 3137 2094 3180 edd.

1203 3200 1310 3235 veit.
1334 3200 1375 3234 et
1396 3201 1586 3236 recentt.

1263 3250 1543 3304 Vipstanus,
1603 3250 1679 3294 Sic
1699 3250 1909 3295 suadente
1922 3249 2095 3310 Ryckio

1206 3307 1309 3350 edd.
1353 3315 1542 3350 recentt.
1623 3308 1694 3350 De
1738 3306 1956 3364 scriptura
1997 3310 2093 3354 vid.

1205 3373 1302 3408 not.
1329 3364 1383 3407 ad
1407 3365 1533 3408 (223.
1591 3365 1677 3407 Hic
1697 3365 1798 3408 MS.
1821 3365 1943 3409 Flor.
1973 3368 2096 3419 (test.

1207 3421 1348 3477 Vict.)
1375 3423 1476 3466 edd.
1502 3423 1617 3477 Spir.
1644 3423 1762 3480 Lips.
1785 3437 1882 3481 sqq.
1918 3423 2093 3479 Vipsa-

1206 3482 1327 3522 nius.
1388 3480 1502 3524 Edd.
1526 3480 1629 3524 Put.
1651 3481 1721 3529 M..
1738 3490 1782 3524 et
1795 3481 1850 3525 V.
1874 3482 1981 3526 Ber.
1995 3481 2096 3527 Ale.

1206 3537 1352 3583 Rhcn.
1373 3538 1475 3584 Ald.
1499 3554 1538 3584 c.
1565 3538 1663 3583 MS.
1679 3537 1832 3587 Guelf.
1846 3541 2095 3596 Vipsanas.
