2164 3990
1759 167 1810 202 U.
1835 166 1882 205 Α,
1899 170 1983 203 9¹20.

1763 211 1880 263 msc,
1925 215 1985 250 υτ.

219 172 342 231 458
873 167 1391 239 ANNALIUM,

222 298 506 359 Anteium
530 311 586 365 et
610 296 920 360 Ostorium
947 300 1256 364 imminere
1279 302 1456 365 rebus
1482 311 1539 358 et
1562 319 1668 358 sua
1693 298 2071 380 Caesarisque

225 387 343 443 fata
370 385 636 444 scrutari.
715 384 875 443 Exin
896 385 1108 441 missae
1129 385 1456 442 liburnicae
1482 379 1908 463 advehiturque
1932 408 2074 464 pro-

229 490 364 547 pere
392 468 691 528 Sosianus,
780 490 845 526 ac
878 470 1115 543 vulgato
1157 470 1282 526 eius
1314 469 1535 527 indicio
1574 471 1729 526 inter
1767 473 2074 530 damnatos

225 555 411 629 magis
446 576 623 632 quam
655 555 813 610 inter
843 574 974 610 reos
995 551 1248 611 Anteius
1276 550 1665 632 Ostoriusque
1687 551 2076 627 habebantur,

226 642 371 697 adeo
408 652 474 698 ut
509 647 932 696 testamentum
956 636 1160 696 Anteii
1197 659 1370 696 nemo
1410 640 1772 714 obsignaret‚
1823 643 1941 699 nisi
1965 641 2075 699 Ti-

226 727 479 800 gellinus
526 736 727 783 auctor
775 725 1100 784 exstitisset.
1200 725 1460 781 monitus
1507 726 1672 800 prius
1688 796 1697 801 >-
1710 723 1962 784 Anteius
1999 747 2074 782 ne

227 829 527 886 supremas
562 810 790 866 tabulas
824 821 1179 867 moraretur:
1266 821 1441 886 atque
1477 806 1822 890 ille-hausto
1848 833 2073 868 veneno

225 896 560 954 tarditatem
599 895 722 952 eius
761 901 1003 971 perosus
1044 893 1335 952 intercisis
1372 894 1537 951 v'enis
1571 905 1822 952 mortem
1861 899 2077 974 adpro—

225 980 470 1058 peravit.

388 1102 529 1164 XV.
584 1100 862 1163 Ostorius
902 1106 1244 1183 longinquis
1282 1107 1348 1174 in
1386 1107 1539 1180 agris
1576 1108 1735 1185 apud
1770 1107 1948 1163 finem
1970 1105 2081 1164 Li-

225 1210 440 1262 gurum
472 1190 535 1246 id
566 1192 849 1268 temporis
883 1181 1027 1250 erat.
1117 1213 1183 1248 eo
1221 1192 1435 1249 missus
1471 1193 1765 1262 centurio,
1809 1192 1913 1269 qui
1950 1212 2080 1249 cae-

227 1277 362 1331 dem
394 1277 519 1332 eius
551 1288 893 1337 maturaret.
978 1276 1167 1335 Causa
1199 1278 1520 1334 festinandi
1555 1297 1624 1332 ex
1658 1298 1724 1334 eo
1762 1278 2080 1346 oriebatur,

226 1363 389 1436 quod
427 1357 706 1418 Ostorius
737 1363 925 1419 multa
961 1363 1206 1418 militari
1237 1365 1392 1419 fama
1430 1373 1485 1418 et
1519 1362 1763 1419 civicam
1801 1383 2082 1419 coronam

227 1446 385 1520 apud
425 1443 801 1503 Britanniam
851 1448 1097 1504 meritus
1141 1446 1368 1521 ingenti
1417 1447 1680 1522 corporis
1721 1448 1936 1503 robore
1984 1469 2081 1504 ar—

226 1551 578 1607 morumque
618 1526 860 1589 scientia
905 1545 1128 1591 metum
1165 1532 1391 1590 Neroni
1427 1533 1669 1600 fecerat,
1721 1551 1797 1586 ne
1836 1532 2082 1590 invade-

228 1627 317 1672 ret
343 1617 625 1692 pavidum
652 1637 881 1692 semper
908 1630 963 1674 et
990 1630 1218 1694 reperta
1243 1637 1434 1692 nuper
1463 1616 1870 1674 coniuratione
1898 1618 2082 1690 magis

227 1702 589 1762 exterritum.
674 1701 862 1776 Igitur
898 1704 1194 1772 centurio,
1248 1702 1355 1760 ubi
1392 1701 1607 1774 effugia
1642 1701 1820 1757 villae
1859 1703 2082 1772 clausit,

227 1788 384 1843 iussa
422 1787 795 1862 imperatoris
820 1785 1064 1845 Ostorio
1103 1789 1308 1863 aperit.
1394 1787 1443 1842 is
1467 1786 1878 1844 fortitudinem
1915 1807 2082 1863 saepe

227 1874 538 1928 a‹‘lversum
581 1869 777 1929 hostes
814 1886 1130 1949 spectatam
1169 1875 1232 1928 in
1271 1894 1330 1929 se
1367 1873 1560 1930 vertit.
1648 1883 1703 1928 et
1730 1872 1868 1949 quia
1902 1893 2084 1929 venae

229 1978 572 2034 quanquam
641 1959 1002 2033 interruptae
1058 1980 1267 2035 parum
1325 1957 1627 2030 sanguinis
1684 1957 2086 2028 effundebant,

227 2038 513 2098 hactenus
536 2051 719 2099 manu
743 2047 898 2099 servi
922 2065 1090 2112 usus,
1123 2056 1192 2100 ut
1214 2044 1525 2098 immotum
1552 2042 1872 2116 pugionem
1898 2044 2085 2102 extol-

215 2118 406 2197 leret,
449 2129 737 2203 adpressit
766 2130 1030 2187 dextram
1058 2130 1181 2184 eius
1209 2128 1527 2205 iuguloque
1552 2127 1825 2184 occurrit.

828 2205 854 2236 Ι

289 2363 496 2407 monitus
537 2364 672 2418 prius
722 2364 931 2406 Anteius.
1020 2362 1120 2405 MS.
1195 2377 1474 2418 morumque
1505 2361 1711 2404 sciencia.
1775 2360 1825 2402 ln
1854 2359 1985 2403 Bodi.
2021 2362 2088 2404 a!-

229 2418 356 2463 Flor.
390 2427 489 2464 test.
529 2422 615 2465 lae.
650 2419 888 2463 Gronovio
922 2421 1123 2461 monitus

224 2480 359 2532 prius
379 2480 547 2522 Anteio
561 2510 573 2526 ,
603 2490 689 2534 qua
713 2479 932 2536 scriptun-a
950 2476 1121 2533 Ryekio

230 2542 274 2578 et
303 2536 386 2578 lac.
404 2534 645 2580 G1·onovio
669 2537 839 2578 videtur
862 2533 1123 2579 confirmari

229 2593 493 2637 coniectura
514 2590 709 2638 A'cidalii
737 2601 779 2635 et
802 2590 1123 2636 Freinshemii:

232 2650 511 2699 exstitisset,
558 2653 737 2693 monito
774 2653 908 2705 prius
940 2651 1122 2692 Anteio.

232 2707 464 2750 Victorius
501 2717 543 2752 et
575 2707 771 2752 Piehena
809 2707 973 2750 intacta
1018 2707 1127 2749 reli—

231 2775 427 2821 querunt
469 2766 663 2825 vulgata.
736 2765 837 2808 MS.
869 2765 980 2822 Agr.
1024 2774 1127 2808 test.

231 2822 419 2921 Peinsio
451 2823 573 2882 ipsos
603 2824 822 2868 ablativos
853 2821 954 2866 illos
994 2838 1126 2881 prae·

254 2888 335 2922 ert.

263 2930 404 2982 'CAR
431 2938 498 2981 15.
542 2953 684 2982 causa
695 2935 972 2994 festinandi.
1031 2935 1131 2981 MS.

231 2994 372 3039 Corb.
398 3013 434 3038 c.
457 2997 749 3039 maturandi.

291 3068 354 3096 ex
388 3068 441 3096 eo
473 3057 723 3096 oriebatur.
783 3051 886 3095 MS.
916 3052 1024 3110 Agr.
1058 3052 1128 3096 ed.

230 3111 350 3169 Spir.
370 3112 689 3162 exoriebatur,
715 3103 882 3154 omisso
908 3125 976 3153 εο.
1009 3109 1124 3152 Gru·

231 3178 353 3211 tex-us
389 3169 691 3212 omittendum
729 3168 936 3212 censebat
979 3175 1126 3210 totum

233 3226 370 3270 illud:
413 3242 477 3269 ea:
511 3242 563 3268 co
598 3227 859 3276 oriebatur,
901 3225 1021 3282 quod
1057 3235 1127 3267 ta-

234 3300 339 3326 men
371 3300 464 3326 non
497 3292 563 3327 est
590 3282 788 3327 alienum
816 3299 837 3326 a
863 3281 1010 3326 Taciti
1039 3281 1129 3323 elo-

234 3342 416 3384 cutione
492 3341 550 3384 cf.
589 3350 683 3384 not.
715 3340 769 3382 ad
807 3343 874 3390 11,
905 3341 950 3383 4.
1021 3339 1130 3381 Mox

232 3399 302 3441 ed.
350 3397 469 3456 Spir.
527 3401 718 3451 corpori
769 3414 852 3454 pro
906 3399 1127 3451 corporis.

232 3455 367 3500 MSS.
402 3455 557 3499 Guels.
593 3455 713 3498 Harl.
749 3455 881 3499 Bodl.
913 3455 992 3497 [es.
1029 3454 1130 3496 edd.

234 3512 335 3556 ΡΜ.
367 3514 436 3557 Μ.
460 3523 501 3557 et
527 3513 580 3556 V.
613 3514 791 3568 ingenti
820 3526 1012 3566 corpore
1046 3526 1125 3553 ar-

1195 2428 1292 2462 tera
1346 2435 1504 2462 manus
1557 2417 1811 2461 emendavit
1865 2421 2084 2471 corporis.

1198 2477 1430 2536 Vulgatam
1447 2476 1712 2534 scripturam
1727 2483 1975 2533 sequuntur
1989 2476 2088 2521 edd.

1194 2536 1296 2578 Ber.
1322 2550 1418 2592 sqq.
1446 2549 1549 2576 cum
1573 2531 1643 2575 sil.
1668 2531 1787 2575 Vict.

1250 2607 1312 2635 ne
1353 2593 1623 2647 invaderet„
1668 2589 1783 2634 Edd.
1817 2589 1921 2634 Put.
1945 2590 2013 2635 M.
2045 2600 2089 2635 et

1198 2648 1252 2693 V.
1284 2665 1345 2691 ne
1367 2652 1681 2693 invaderetur.

1255 2707 1593 2750 coniuratione.
1654 2702 1752 2747 MS.
1780 2703 1933 2748 Guelf.
1964 2707 2091 2759 cogi-

1198 2768 1391 2808 tatione.

1256 2824 1385 2864 iussa
1404 2821 1702 2874 imperatoris
1719 2817 1903 2862 Ostorio
1925 2823 2089 2874 aperit.

1202 2881 1278 2924 Sic
1303 2878 1402 2921 edd.
1431 2877 1532 2919 Ber.
1567 2877 1689 2931 (eum
1721 2877 1790 2921 sil.
1814 2875 1954 2934 Viet.)
1986 2877 2087 2925 Ate.

1202 2937 1345 2980 Rhen.
1381 2950 1477 2992 sqq.
1548 2934 1782 2977 Consentit
1812 2933 1915 2977 MS.
1947 2933 2086 2979 Corb.

1202 2994 1317 3054 apud
1342 2991 1610 3035 Broterium.
1671 2991 1807 3035 MSS.
1822 2991 1949 3036 Flor.
1969 2993 2087 3047 (test.

1205 3050 1557 3104 lac.Gr0novio)
1580 3048 1689 3105 lieg.
1715 3049 1783 3091 ed.
1810 3049 1930 3105 Spir.
1959 3051 2092 3093 iussa

1197 3111 1244 3152 in
1287 3109 1337 3150 Ρ.
1382 3108 1586 3150 Ostorio.
1660 3104 1796 3149 MSS.
1838 3106 1963 3151 Harl.
2005 3107 2087 3150 les.

1199 3166 1353 3210 Guelf.
1407 3166 1538 3206 iussa
1583 3164 1692 3205 inde
1737 3173 1843 3216 post
1887 3164 2089 3212 Ostorio.

1200 3224 1300 3266 MS.
1321 3222 1452 3265 Bodl.
1482 3221 1584 3264 edd.
1610 3221 1713 3264 Pnt.
1737 3220 1805 3264 M.
1829 3228 1871 3264 et
1882 3221 1938 3264 V.
1964 3224 2092 3264 iussa

1201 3284 1307 3323 inde
1334 3280 1532 3323 Ostorio.
1591 3278 1692 3321 MS.
1720 3278 1833 3321 Bud.
1865 3280 1989 3321 iussa
2014 3281 2091 3321 in-

1196 3347 1319 3394 μηδι.
1354 3338 1546 3379 ostorio.
1606 3336 1707 3380 MS.
1741 3335 1849 3392 Agr.
1881 3337 2006 3379 iussa
2037 3337 2088 3379 P.

1206 3396 1390 3438 Ostorio
1399 3427 1408 3436 .

1260 3456 1299 3495 is
1321 3452 1654 3508 fortitudinem
1682 3465 1818 3503 saepe
1842 3454 2091 3494 adversum

1202 3512 1356 3555 hostes
1382 3517 1655 3565 spectatam.
1714 3507 1790 3552 Sic
1813 3508 1916 3553 MS.
1938 3508 2090 3554 Guels.
