2164 3990
121 1950 123 1955 »
199 1917 282 1961 les.

1718 198 1771 234 A.
1788 197 1841 233 U.
1861 195 1946 236 816,

1715 244 1768 278 A.
1789 239 1835 276 C.
1881 241 1945 276 63.

179 190 303 265 312
838 197 1272 298 ANNAmu
1281 201 1354 261 M

176 345 279 393 aut
303 332 550 390 salutem
574 331 681 389 tali
707 331 953 389 consilio
981 329 1186 408 quaeri
1211 304 1312 388 aut
1334 326 1490 388 nihil
1519 331 1755 406 gravius
1791 330 2033 390 audenti

179 439 357 498 quam
386 417 970 493 ignavopatiendum
997 432 1135 476 esse.
1199 437 1203 443 ’

347 527 508 590 LIX.
566 527 684 587 Sed
719 526 999 584 Plautum
1040 547 1105 584 ea
1143 547 1268 585 non
1305 548 1570 600 movere,
1637 526 1758 584 sive
1806 528 2036 586 nullam

181 635 355 692 opem
390 614 741 690 providebat
775 612 1020 669 inermis
1063 623 1238 689 atque
1278 613 1439 688 exsul
1478 633 1581 670 seu
1614 615 1807 671 taedio
1847 613 2039 671 ambi-

182 721 328 775 guae
354 700 494 775 spei,
520 718 596 755 an
623 717 820 754 amore
849 697 1114 771 coniugis
1142 709 1196 754 et
1222 698 1563 767 liberorum,
1601 700 1815 775 quibus
1840 689 2039 776 placa-

181 787 459 844 biliorem
485 786 612 841 fore
639 781 969 858 principem
1000 783 1241 839 rebatur
1277 783 1441 838 nulla
1481 783 1878 842 sollicitudine
1912 796 2041 841 tur-

183 872 408 930 batum.
495 868 650 926 Sunt
679 869 784 944 qui
814 869 960 924 alios
990 889 1023 924 a
1059 887 1258 924 socero
1294 867 1537 924 nuntios
1571 869 1799 927 venisse
1832 871 2042 938 ferant,

184 969 467 1032 tanquam
505 949 662 1009 nihil
697 964 862 1010 atrox
899 953 1261 1022 immineret,
1305 954 1688 1028 doctoresque
1723 955 2041 1030 sapientiae

184 1040 520 1100 Coeranum
537 1037 780 1107 Graeci,
823 1037 1174 1096 Musonium
1189 1037 1372 1096 Tusci
1399 1038 1628 1111 generis
1653 1040 2044 1096 constantiam

186 1126 581 1202 opperiendae
619 1123 829 1181 mortis
864 1144 973 1199 pro
996 1124 1230 1180 incerta
1269 1134 1323 1179 et
1357 1123 1587 1198 trepida
1622 1123 1743 1181 vita
1782 1124 2047 1182 suasisse.

185 1211 480 1286 Repertus
524 1220 609 1266 est
649 1221 802 1266 certe
837 1229 943 1284 per
977 1201 1242 1265 inedium
1283 1209 1404 1266 diei
1445 1210 1642 1264 nudus
1678 1200 2048 1266 exercitando

191 1296 445 1371 corpori.
489 1301 495 1310 '
531 1294 707 1352 talem
734 1314 870 1353 eum
896 1295 1162 1351 centurio
1191 1293 1506 1352 trucidavit
1533 1314 1729 1349 coram
1752 1292 2050 1368 Pelagone

190 1382 478 1456 spadone,
522 1400 699 1457 quem
722 1378 882 1436 Nero
914 1379 1248 1438 centurioni
1277 1390 1332 1435 et
1356 1380 1662 1454 manipulo
1687 1379 1854 1455 quasi
1877 1380 2052 1436 satel-

190 1467 398 1524 litibus
436 1466 779 1523 ministrum
820 1464 1050 1539 regium
1097 1476 1529 1540 praeposuerat.
1598 1462 1818 1542 -lCaput
1865 1464 2052 1520 inter-

189 1551 331 1608 fecti
364 1552 643 1608 relatum:
702 1549 869 1608 cuius
907 1561 1144 1626 aspectu
1172 1546 1334 1626 (ipsa
1369 1548 1870 1624 principisverba
1900 1549 2054 1605 refe-

191 1634 375 1717 ram):
446 1635 640 1707 „Cur‚'
701 1635 932 1713 inquit,
994 1628 1234 1693 Nero*''
1279 1645 1335 1691 et
1377 1635 1571 1710 posito
1608 1645 1771 1691 metu
1817 1634 2055 1711 nuptias

195 1860 239 1912 2,
272 1860 344 1903 26.
416 1857 527 1901 Mox
564 1860 739 1901 bellum
770 1858 894 1901 abest
928 1875 952 1904 a
986 1857 1088 1901 MS.

1163 1855 1249 1900 nisi
1279 1855 1399 1914 quod
1422 1855 1597 1899 Plinius
1629 1855 1778 1900 indice
1805 1856 1884 1900 lib.
1907 1857 1948 1899 2.
1983 1856 2059 1899 in-
2123 1909 2125 1911 Ι

1115 1960 1127 1975 x
1150 1924 1233 1960 ter
1264 1921 1493 1963 auctores,
1535 1930 1649 1971 quos
1673 1913 1945 1964 delibitavit·‚
1983 1933 2057 1959 re-

254 1976 460 2019 audenti.
520 1975 623 2018 MS.
651 1975 774 2018 Flor.
809 1975 928 2028 (test.
954 1974 1095 2030 vict.)
1167 1979 1320 2014 censet
1363 1972 1614 2014 Ceranum.
1687 1970 1747 2015 of.
1790 1971 1964 2030 Lipsius
2003 1974 2059 2017 ad

199 2040 242 2074 et
270 2033 338 2075 ed.
362 2033 481 2091 Spir.
504 2032 737 2083 audienti,
775 2031 950 2087 Vulgari
979 2047 1094 2072 con-

197 2089 393 2133 fusione.
451 2089 510 2133 cf.
544 2098 641 2138 not.
676 2089 729 2131 ad
763 2087 829 2139 15,
853 2089 922 2132 63.
980 2088 1093 2132 Hist.

200 2149 238 2199 1,
271 2149 312 2190 6.
385 2146 613 2190 Victorius
646 2146 854 2189 emendat
891 2147 1096 2194 audenti,

198 2205 322 2263 quod
348 2213 411 2248 est
438 2204 485 2246 in
507 2204 604 2247 edd.
628 2204 731 2247 Put.
755 2220 855 2265 sqq.
911 2202 1094 2249 Beroal-

204 2264 287 2308 dus
323 2271 472 2306 tamen
513 2277 594 2319 per
630 2261 788 2304 vitium
829 2261 1095 2320 typographi

203 2319 334 2364 habet
357 2319 567 2363 aduenti.
1094 2367 1096 2371 ,

261 2376 373 2420 CM».
420 2375 490 2419 59.
558 2389 775 2423 movere,
823 2375 938 2418 siue.
1020 2374 1114 2418 Sic·

207 2434 463 2481 edd.R·hen.
494 2442 535 2476 et
556 2449 702 2491 nuper
715 2431 907 2476 Belzlzer.
923 2455 981 2464 -
994 2448 1102 2474 mo-

205 2507 329 2536 vere.
369 2491 475 2534 Sive
500 2491 599 2533 edd.
616 2490 775 2534 Oberl.
793 2506 889 2548 sqq.
908 2518 967 2528 —-
997 2505 1102 2533 mo-

205 2564 343 2602 vere5
369 2550 464 2593 sive
490 2548 560 2592 ed.
587 2548 872 2595 Lunemann.

265 2623 329 2649 an
354 2620 538 2650 amore.
599 2606 682 2648 Ed.
710 2604 918 2666 Spin-an
938 2613 1104 2648 morte.

208 2664 356 2708 Hillus
378 2664 585 2708 Tacitum
611 2663 858 2721 vituperat,
890 2663 1011 2722 quod
1039 2677 1105 2704 an

239 2721 411 2766 'osuerit
452 2735 534 2777 pro
574 2723 668 2763 sive
710 2721 775 2764 vel
813 2735 909 2763 seu.
981 2721 1106 2763 Buh-

209 2739 298 2824 llus
340 2781 400 2838 (p.
434 2779 519 2834 58.)
564 2786 687 2821 recte
729 2778 995 2836 respondet,
1041 2794 1108 2821 an

210 2838 284 2882 hic
307 2853 401 2879 non
429 2850 520 2879 esse
552 2835 871 2880 disiunctivam
903 2836 1103 2894 particu-

210 2896 298 2940 lam
314 2927 326 2946 ‚
357 2894 433 2937 sed
456 2891 744 2938 dubitationis
769 2901 940 2939 notam.

272 2953 555 2995 immineret.
637 2949 790 2994 Guelf.
843 2951 1107 3006 imminere,

212 3025 360 3068 neque
404 3016 553 3051 tamen
593 3007 688 3050 sine
732 3007 910 3054 alterius
951 3024 1111 3051 manus

216 3065 498 3112 correctione
520 3064 567 3107 in
590 3064 679 3108 fine
700 3065 827 3109 verbi
853 3066 1112 3121 conspicua.

274 3124 548 3176 sapientiae.
629 3121 713 3169 Ed.
754 3122 872 3180 Spir.
915 3123 1109 3176 sapien-

219 3190 336 3225 tum.

279 3239 559 3283 Coeranum.
620 3236 696 3280 Sic
726 3237 828 3280 edd.
861 3237 977 3295 Spir.
1009 3237 1111 3280 Put.

222 3295 290 3342 M.
327 3304 370 3337 et
397 3295 450 3336 V.
484 3294 628 3337 Rhen.
661 3294 750 3349 (hic
781 3310 805 3336 e
840 3295 942 3344 MS.
980 3295 1113 3351 Bud.)

222 3367 322 3410 sqq.
402 3351 648 3395 Beroaldus
692 3353 945 3396 Coetanum
994 3351 1117 3395 dedit

209 3425 329 3453 tum
384 3407 560 3451 silentio
613 3408 838 3458 Victorii,
912 3410 1115 3454 Alciatus

225 3465 503 3511 Coetanum.
573 3464 662 3508 Sed
698 3482 843 3524 neque
879 3466 1118 3510 Coeranus

224 3539 310 3572 nec
341 3523 572 3567 Coetmws
605 3538 654 3566 ex
694 3522 775 3567 illo
818 3541 929 3569 aevo
972 3532 1119 3574 notus,

1224 2084 1505 2128 Musonium.
1568 2085 1624 2127 cf.
1641 2085 1753 2127 Hist.
1771 2085 1811 2137 3,
1825 2087 1895 2130 81.
1931 2088 1972 2140 4,
1986 2083 2059 2131 40.

1166 2141 1257 2185 An.
1289 2141 1354 2193 15,
1384 2143 1453 2185 71.
1514 2142 1631 2186 Ptin.
1664 2158 1734 2200 ep.
1759 2143 1800 2194 3,
1828 2146 1895 2188 11.
1957 2145 2058 2189 MS.

1167 2198 1320 2246 Guelf,
1384 2201 1660 2254 sapientiae:
1719 2205 2063 2252 ‘cons-tantiam,

1166 2256 1382 2314 neglectis
1409 2258 1612 2301 virorum
1641 2259 1916 2302 nominihus.

1227 2316 1560 2368 opperiendae.
1606 2315 1683 2358 Sic
1704 2316 1811 2359 edd.
1825 2315 1944 2374 Spir.
1962 2317 2064 2363 Put.

1172 2388 1269 2430 sqq.
1340 2372 1443 2416 MS.
1484 2371 1633 2415 Guelf.
1681 2372 1755 2415 dat
1797 2376 2066 2429 opprimen-

1174 2434 1295 2480 dae;
1322 2429 1368 2472 in
1392 2445 1532 2487 marg.
1555 2429 1797 2487 vulgatum.
1818 2452 1820 2454 ’
1858 2431 2074 2476 Heinsius

1174 2486 1367 2531 malebat
1390 2491 1700 2541 oppetendae,
1732 2495 1781 2530 ut
1802 2489 1941 2548 magis
1962 2492 2067 2534 stoi-

1177 2561 1297 2588 cum.
1358 2543 1414 2587 cf.
1437 2545 1478 2596 Ξ,
1500 2545 1574 2587 24.
1607 2546 1648 2596 4,
1670 2545 1739 2588 50.
1796 2546 1983 2594 Plautus
2007 2558 2068 2592 ta·

1177 2617 1283 2645 men
1320 2617 1413 2644 non
1455 2603 1672 2660 quaesivit
1718 2612 1936 2652 mortem,
1989 2605 2068 2648 sed

1179 2667 1437 2703 constanter
1461 2660 1736 2717 exspectavit.

1234 2731 1396 2758 coram
1427 2717 1674 2770 Pelagone.
1754 2716 1838 2761 Ed.
1871 2717 1989 2778 Spir.
2025 2727 2070 2762 et

1177 2789 1340 2819 coram
1361 2774 1436 2824 R,
1469 2773 1584 2817 haud
1608 2774 1770 2833 inepte.

1236 2833 1527 2874 satellitibus.
1588 2831 1672 2874 Ed.
1703 2831 1909 2876 Beroald.
1945 2834 2072 2893 lapsu

1182 2903 1419 2946 operarum
1454 2892 1714 2941 satellibus,
1757 2890 1879 2947 quod
1911 2891 2072 2935 Victo—

1181 2946 1273 2989 rius
1305 2961 1328 2988 e
1355 2945 1453 2989 MS.
1474 2947 1598 2990 Flor.
1632 2948 1826 2990 correxit
1857 2950 2071 2992 satelliti-

1182 3006 1276 3047 bus.

1240 3059 1463 3116 reseram.
1522 3062 1657 3106 MSS.
1692 3062 1807 3106 Bud.
1841 3072 1884 3107 et
1917 3063 2074 3110 Guelf.

1183 3117 1474 3173 referebant,
1527 3137 1590 3164 sc.
1630 3120 1660 3163 ii
1703 3120 1779 3178 qui
1823 3130 2075 3178 praesentes

1181 3175 1456 3220 audiverant.
1519 3177 1604 3221 Ed.
1637 3178 1753 3235 Spir.
1786 3181 1908 3221 cuius
1936 3194 2077 3233 aspe-

1186 3240 1309 3277 ctum
1343 3234 1447 3288 ipsa
1475 3235 1697 3290 principis
1728 3237 1868 3277 verba
1900 3236 2076 3292 refere-

1188 3293 1312 3332 bant.
1360 3291 1590 3335 Praestant
1612 3293 1812 3350 vulgata,
1838 3309 1949 3350 quae
1971 3302 2076 3336 sunt

1187 3347 1235 3389 in
1269 3347 1369 3391 edd.
1403 3349 1504 3393 Pul.
1527 3351 1594 3394 M.
1621 3358 1662 3393 et
1690 3350 1742 3391 V.
1770 3349 1875 3393 Ber.
1910 3351 1969 3405 (c.
2004 3352 2075 3395 sil.

1191 3404 1328 3461 Viet.)
1353 3407 1451 3450 Alc.
1475 3407 1618 3450 Rhcn.
1643 3423 1739 3464 sqq.

1248 3477 1355 3514 cur,
1395 3466 1563 3522 inquit,
1602 3463 1796 3508 Nero*?
1844 3472 1889 3507 et
1926 3468 2077 3518 posito

1191 3528 1315 3563 metu
1333 3530 1417 3565 etc.
1476 3522 1593 3569 Edd.
1621 3521 1739 3581 Spir.
1754 3521 1854 3565 Put.
1873 3522 1940 3566 M.
1962 3532 2005 3566 et
2023 3524 2077 3570 V.
