2164 3990
609 191 783 253 LIB.
806 189 943 253 XII.
1004 187 1203 252 CAP.
1234 191 1328 252 17.
1359 192 1455 252 18.
1858 145 1961 256 Α83

102 331 353 391 abfuisse
373 327 448 384 ab
471 344 642 382 amne
659 321 852 380 Tanai
877 319 1155 382 constitit.
1236 319 1354 379 Sed
1383 321 1448 376 in
1470 339 1733 395 regressu
1758 324 1961 401 dispar

100 420 335 475 fortuna
369 412 510 478 fuit,
553 409 692 485 quia
729 407 972 465 navium
1013 405 1324 483 quasdam,
1362 425 1514 482 quae
1546 407 1699 463 mari
1733 429 1960 467 remea-

101 504 272 570 bant,
339 498 405 554 iu
447 495 623 552 litora
666 491 1004 550 Taurorum
1059 491 1279 548 delatas
1330 491 1764 549 circumvenere
1819 495 1960 551 bar—

99 586 257 654 bari,
321 581 610 660 praefecto
656 573 914 635 cohortis
960 587 1016 634 et
1059 575 1354 654 plerisque
1396 577 1816 635 centurionum
1860 579 1958 636 in-

98 669 367 730 terfectiS.

268 748 495 810 XVIII.
561 746 791 806 Interea
821 740 1202 803 Mithridates
1238 745 1405 804 nullo
1441 745 1507 802 in
1546 747 1726 805 armis
1764 747 1960 805 subsi-

97 841 197 898 dio
236 837 554 904 consultat,
599 834 764 904 cuius
798 831 1261 887 misericordiam
1304 830 1682 907 experiretur.
1778 835 1960 891 frater

95 915 275 1003 Cotys
311 920 583 998 proditor
611 919 787 988 olim,
825 916 1039 972 deinde
1077 911 1261 971 hostis
1294 917 1689 974 metuebatur:
1729 916 1960 976 Roma-

95 1030 312 1067 norum
354 1026 527 1063 nemo
573 1004 636 1060 id
681 1001 1041 1060 auctoritatis
1090 1001 1320 1072 aderat,
1389 1012 1457 1058 ut
1499 1002 1788 1077 promissa
1833 1004 1959 1061 eius

93 1094 297 1168 magni
349 1092 764 1168 penderentur.
869 1086 944 1142 ad
988 1082 1310 1141 Eunonem
1355 1087 1647 1149 convertit
1698 1090 1957 1164 propriis

95 1180 249 1237 odiis
273 1185 397 1235 non
422 1175 718 1231 infensum
744 1182 801 1228 et
823 1190 1025 1227 recens
1055 1171 1369 1227 coniuncta
1406 1172 1717 1229 nobiscum
1752 1175 1959 1234 amici-

94 1264 176 1324 tia
209 1263 492 1320 validum.
591 1257 776 1331 Igitur
821 1256 985 1312 cultu
1026 1255 1314 1332 vultuque
1364 1277 1543 1332 quam
1586 1258 1839 1316 maxime
1880 1261 1952 1316 ad

93 1359 454 1426 praesentem
497 1345 797 1400 fortunam
845 1351 1180 1416 comparato
1238 1340 1459 1414 regiam
1496 1342 1828 1415 ingreditur
1857 1363 1926 1418 ge

94 1434 386 1509 nibusque
424 1430 547 1485 eius
589 1426 932 1504 provolutus
987 1421 1459 1495 „Mithridates”
1513 1426 1710 1504 inquit
1755 1440 1954 1499 „terra

92 1518 406 1594 „marique
436 1513 727 1572 Romanis
770 1531 876 1586 per
913 1521 1000 1567 tot
1036 1529 1224 1567 annos
1265 1510 1560 1587 quaesitus
1594 1525 1800 1588 sponte
1850 1517 1960 1571 ad-

39 1625 42 1627 ·
96 1623 292 1675 ‚‚sum.
378 1612 562 1667 utere,
604 1610 672 1654 ut
695 1598 872 1665 voleS‚
918 1596 1084 1670 prole
1110 1596 1310 1668 magni
1333 1592 1745 1668 Achaemenis,
1790 1599 1952 1676 quod

95 1683 295 1759 „mihi
321 1686 512 1743 solum
534 1679 731 1740 hostes
753 1701 878 1738 non
902 1681 1292 1743 abstulerunt.
1306 1679 1333 1699 '⁹

188 198 242 233 A.
259 195 313 232 U.
330 162 420 230 acis.

190 242 243 276 A.
262 239 311 276 e.
357 237 416 291 ευ.

148 1917 381 1974 plerisque
442 1912 782 1956 centurionum.
883 1910 985 1955 MS.
1058 1910 1178 1968 apud
1210 1909 1420 1965 Tacitum
1465 1927 1622 1955 vocem
1658 1912 1781 1958 Flor.
1818 1913 1955 1958 inter·

95 1974 219 2021 Flor.
266 1974 382 2028 (test.
415 1970 534 2013 Vici.
567 1986 605 2012 c.
639 1969 712 2026 al.)
757 1970 987 2024 plerisque
1089 1967 1338 2010 retabimur
1385 1969 1440 2012 de
1477 1969 1582 2012 viris
1615 1969 1782 2014 Iulium
1813 1971 1956 2031 Aqui-

94 2032 428 2079 consiliarium.
499 2025 632 2070 MSS.
653 2026 774 2069 Vatt.
799 2025 983 2069 Oxonn.
1057 1983 1172 2075 Iam,
1203 2025 1522 2068 Romanorum
1553 2026 1741 2080 ducem,
1772 2028 1955 2074 consilii

37 2848 39 2852 ’
97 2832 358 2877 Gronovius
395 2829 814 2871 contubernalium.

95 2089 247 2136 Guelf.
271 2087 386 2130 Bud.
415 2087 500 2144 (pr.
518 2086 600 2140 m.)
623 2083 732 2141 Reg.
748 2083 858 2141 Agr.
883 2083 984 2126 edd.

94 2149 211 2207 Spir.
244 2146 345 2188 Put.
377 2144 444 2186 Μ.
473 2152 516 2185 et
537 2141 591 2185 V.
632 2140 842 2184 Beroald.
878 2139 984 2183 Alc.

89 2206 322 2261 plerisque
341 2199 668 2244 consularium.

93 2263 182 2308 vidi
216 2259 512 2304 cusularium.
577 2255 705 2312 Quae
743 2271 867 2298 nunc
891 2253 985 2295 vul-

24 2340 26 2347 ·
92 2329 254 2381 gantur
283 2317 388 2360 inde
419 2331 443 2357 a
470 2314 712 2357 Rhenano:
751 2315 983 2367 plerisque

91 2376 441 2424 centurionum,
513 2372 753 2414 Rhenanus
810 2368 984 2412 invenit

92 2438 140 2478 in
168 2433 270 2475 MS.
303 2430 419 2473 Bud.
462 2445 486 2471 a
529 2444 647 2470 man.
682 2425 982 2470 emendatoris

92 2491 255 2537 addita.
313 2486 390 2531 Sic
422 2494 465 2530 et
492 2485 596 2528 infr.
621 2502 661 2529 c.
685 2484 756 2527 38.
793 2482 982 2525 coniun-

92 2556 261 2608 guntur
301 2543 571 2600 praefectus
606 2550 648 2584 et
682 2549 782 2583 octo
811 2547 981 2584 ,centu-

93 2608 250 2650 riones
281 2619 305 2646 a
335 2600 561 2644 Britannis
595 2599 728 2642 caesi.
804 2597 980 2654 Lipsius

94 2661 310 2707 coniecit:
373 2658 712 2706 auxiliarium;
784 2654 981 2697 Pichena

93 2722 404 2763 classicorum.
461 2713 529 2757 vel
600 2712 947 2755 classiariorum
967 2743 980 2762 ,

95 2776 299 2819 Heinsius
341 2772 843 2824 commanipularium;
890 2768 982 2867 lqac(i

893 2844 949 2868 xe

98 2897 257 2934 cuneta
282 2887 387 2930 haee
410 2886 579 2929 incerta
601 2892 717 2927 sunt.
751 2907 805 2916 ·-
855 2883 980 2926 Con-

97 2947 326 2988 sularium
376 2951 495 2987 certe
534 2957 670 2983 nemo
712 2940 774 2984 ibi
814 2939 983 2990 adfuit3

99 3004 237 3045 immo
269 3017 402 3059 eques
427 2998 655 3042 Romanus
695 3014 867 3041 summa
902 3012 982 3055 po·

99 3067 250 3107 testate
271 3066 359 3101 erat
382 3056 622 3115 praeditus.
684 3055 744 3099 cf.
771 3072 811 3099 c.
839 3055 908 3098 15.
943 3062 986 3097 et

98 3132 201 3159 mox
238 3114 424 3170 legimus
461 3130 501 3156 c.
540 3113 607 3154 18.
651 3113 984 3154 Romanorum

97 3187 234 3215 nemo
271 3173 319 3213 id
359 3171 646 3212 auctoritatis
688 3173 879 3218 aderat,
933 3176 983 3211 ut

98 3238 181 3273 etc,
265 3228 387 3270 Vana
437 3226 571 3283 igitur
618 3225 691 3268 illa
740 3227 978 3283 scriptura.

101 3286 429 3329 consiliarium
481 3283 550 3326 vel
612 3283 982 3326 consiliariorum

99 3343 278 3386 nomine
313 3343 549 3389 dicuntur,
592 3339 668 3398 qui
705 3341 982 3383 constituunt

98 3399 336 3443 consilium
363 3397 493 3442 alicui
526 3397 628 3440 duci
651 3396 723 3441 vel
755 3397 981 3456 magistra-

95 3456 160 3499 tui
181 3456 392 3499 additum.
453 3454 511 3498 ef.
531 3453 715 3496 Sueton.
731 3453 840 3502 Tib.
861 3471 899 3498 c.
917 3455 981 3498 18.

97 3520 138 3556 et
158 3512 279 3557 c.33.
306 3520 347 3555 et
374 3512 442 3555 55.
490 3511 645 3556 Claud.
667 3526 707 3556 c.
735 3512 802 3556 12.
859 3511 980 3557 Nun·

1056 2098 1190 2126 causa
1218 2082 1577 2127 comitantibus?
1635 2094 1637 2097 “

1113 2138 1392 2195 interfectis.
1429 2140 1637 2199 Particip.
1651 2142 1832 2196 aorist.;
1855 2158 1954 2187 non

739 2198 790 2240 In
826 2195 982 2241 Guelf.
1048 2204 1302 2252 postquam
1333 2199 1570 2254 interfecti
1599 2207 1731 2252 sunt,
1771 2201 1853 2244 sed
1883 2202 1954 2244 ita

1056 2263 1109 2299 ut
1130 2255 1368 2310 interfecti
1388 2256 1497 2299 sint.

1112 2311 1225 2355 CAP.
1257 2312 1324 2355 18.
1395 2314 1527 2356 cuius
1560 2314 1950 2362 miscricordiam.

1053 2368 1154 2412 MS.
1181 2368 1334 2412 Guelf.
1363 2370 1528 2426 quoius
1550 2374 1763 2416 miseria.

1111 2426 1162 2468 id
1194 2429 1502 2470 auctoritatis.
1576 2427 1654 2470 Sic
1686 2429 1788 2475 MS.
1824 2429 1952 2475 Flor.

1058 2483 1174 2538 (test.
1198 2481 1335 2540 Viet.)
1371 2493 1415 2527 et
1450 2500 1608 2528 omnes
1640 2485 1742 2529 iibri
1773 2496 1954 2546 praeter

1054 2539 1155 2582 edd.
1187 2539 1397 2584 Beroald.
1433 2550 1475 2584 et
1498 2540 1602 2584 Ale.
1638 2558 1753 2600 quae
1786 2545 1952 2589 babent

1053 2597 1153 2638 cius
1173 2600 1484 2642 auctoritatis.
1528 2598 1772 2646 Rhenanus
1796 2602 1952 2646 vitium

1053 2654 1321 2697 emendavit.

1105 2711 1311 2766 propriis
1326 2712 1444 2754 odiis
1460 2725 1558 2754 non
1576 2714 1827 2770 infi’nsum.
1874 2716 1951 2762 Sic

1054 2769 1152 2810 edd.
1188 2766 1331 2825 Ryck.
1365 2768 1542 2813 Ernest.
1572 2769 1732 2816 Oberl.
1769 2790 1868 2834 sqq.
1901 2792 1953 2818 ex

1052 2825 1152 2868 MS.
1181 2825 1290 2880 Agr.
1352 2825 1501 2869 Ceteri
1539 2825 1639 2871 libri
1674 2839 1780 2875 vett.
1819 2831 1950 2874 omit·

1052 2891 1152 2926 tunt
1202 2896 1326 2934 non,
1382 2882 1550 2926 idoneo
1609 2901 1741 2929 sensu
1803 2888 1948 2932 nullo.

1052 2939 1144 2982 Alii
1179 2939 1476 2984 emendavere
1505 2943 1648 2985 nullis
1665 2958 1742 2998 pr.
1772 2951 1847 2987 od.
1872 2946 1952 2987 in-

1042 2997 1260 3053 fensum.
1322 2996 1410 3040 lac.
1434 2995 1641 3044 Gronov.
1666 3004 1743 3043 ino
1781 3017 1950 3046 ensum

1057 3054 1209 3097 edidit.

1113 3127 1257 3167 quam
1309 3110 1538 3154 maxime.

1058 3169 1226 3211 omittit
1248 3183 1404 3223 quam.

1114 3225 1394 3278 ingreditur.
1454 3224 1537 3269 Ed.
1570 3225 1691 3285 Spir.
1723 3222 1945 3284 aggredi-

1055 3290 1152 3325 tur.

1109 3339 1351 3382 Romanis.
1414 3337 1496 3382 Ed.
1522 3339 1641 3399 Spir.
1658 3357 1696 3385 a
1716 3340 1944 3390 romanis.

1107 3398 1240 3449 prole
1258 3399 1449 3462 ‘magni
1483 3400 1594 3441 Ach.
1682 3399 1772 3443 Dio
1804 3395 1874 3454 60,
1905 3402 1945 3446 8.

1053 3452 1325 3512 ΝΙιθριδατῃ
1345 3451 1397 3499 τὸ
1419 3456 1552 3511 γένος
1570 3454 1647 3501 ἀπ’
1668 3457 1846 3504 ἐκείνου
1862 3461 1945 3506 τοῦ

1054 3507 1180 3555 πάνυ
1201 3510 1367 3568 ἔχοντι.

1298 3571 1431 3630 ΡΞ

1635 3112 1737 3158 MS.
1792 3114 1945 3162 Guelf.
