2164 3990
1747 245 1972 285 .A.1J.sos.

1747 290 1870 328 A.(L
1910 293 1968 330 δὲ

210 245 330 307 152
883 241 1392 307 ANNALIUM.

207 375 438 435 foribus
462 373 594 432 velo
628 375 905 445 discreta,
944 374 1107 451 quod
1139 374 1334 433 visum
1369 389 1616 450 arceret,
1658 382 1896 440 auditus
1931 403 2057 441 non

209 461 511 520 adimeret.
598 458 775 534 Quin
810 471 866 516 et
904 459 1109 532 legatis
1139 454 1563 521 Armeniorum
1600 484 1835 523 causam
1868 469 2056 542 gentis

208 546 367 622 apud
407 544 707 603 Neronem
745 544 1052 602 orantibus
1088 547 1395 604 escendere
1432 561 1765 623 suggestum
1802 552 2058 629 impera-

207 631 352 688 toris
378 643 435 689 et
458 631 788 706 praesidere
812 629 990 685 simul
1010 630 1279 704 parabat,
1319 633 1437 689 nisi
1461 636 1665 692 ceteris
1698 657 1917 711 pavore
1952 640 2057 695 de..

207 716 336 773 fixis
360 715 581 774 Seneca
608 714 1038 784 admonuisset,
1080 715 1344 789 venienti
1367 719 1540 775 matri
1562 733 1911 783 occurreret.
1966 721 2057 782 Ita

209 801 398 877 specie
418 801 650 876 pietatis
673 799 912 856 obviam
934 799 1085 856 itum
1102 800 1406 861 dedecori.
2044 856 2047 861 .

377 884 484 945 VI.
550 884 698 942 Fine
722 885 868 940 anni
897 884 1151 941 turbidis
1182 887 1523 959 rumoribus
1554 892 1889 968 prorupisse
1923 913 2057 949 rur-

208 990 340 1031 sum
361 965 613 1028 Parthos
639 980 697 1027 et
718 969 850 1045 rapi
874 964 1221 1026 Armeniam
1248 971 1509 1047 adlatum
1540 980 1653 1043 est,
1691 977 1862 1049 pulso
1887 974 2058 1037 Rha-

206 1055 499 1128 damistO,
555 1055 659 1131 qui
691 1074 858 1130 saepe
891 1055 1059 1128 regni
1095 1055 1506 1131 eiuspotimS,
1569 1058 1712 1114 dein
1759 1063 2058 1136 profugu8‚

204 1152 348 1199 tunc
394 1160 629 1218 quoque
673 1140 898 1211 bellum
942 1142 1291 1200 deseruerat.
1393 1139 1581 1215 Igitur
1635 1143 1701 1199 in
1742 1145 1891 1201 urbe
1937 1152 2059 1203 ser-⁶

202 1246 450 1284 monum
472 1226 672 1296 avida,
710 1226 1206 1302 quemadmodum
1233 1226 1506 1302 princeps
1529 1231 1628 1284 vix
1664 1231 2060 1304 septendecim

204 1330 393 1367 annos
421 1316 679 1384 egressus
707 1311 998 1386 suscipere
1029 1331 1156 1367 eam
1178 1302 1399 1367 molem
1425 1323 1526 1369 aut
1549 1315 1893 1388 propulsare
1922 1330 2062 1392 pos-J

205 1397 329 1453 set?
395 1397 555 1472 quod
598 1397 928 1453 subsidium
967 1397 1032 1451 in
1068 1417 1167 1466 e0,
1220 1397 1324 1472 qui
1373 1417 1408 1453 a
1457 1398 1675 1454 femina
1722 1401 2063 1473 regeretur?

202 1500 350 1538 num
385 1481 607 1556 proelia
639 1502 874 1558 quoque
912 1493 967 1538 et
1005 1482 1471 1555 oppugnationes
1503 1484 1746 1540 urbium
1779 1497 1836 1542 et
1874 1498 2062 1543 cetera

200 1565 347 1625 belli
380 1586 487 1644 per
523 1566 833 1641 magistros
878 1566 1281 1633 administrari
1321 1578 1593 1641 possent,
1649 1570 2060 1655 anquirebant.

258 1797 452 1840 audz'ms
475 1811 572 1838 mm
597 1798 841 1840 adimeret.
899 1796 976 1841 Sic
997 1797 1096 1854 Lip-

199 1854 291 1899 sius
319 1854 595 1911 corrigebat,
623 1856 819 1897 auditus
850 1854 933 1908 (sic
958 1870 998 1898 c.
1029 1855 1095 1898 16.

1169 1854 1324 1910 Pieh.)

1227 1800 1481 1840 escendere.
1541 1796 1618 1840 Sic
1641 1797 1772 1841 MSS.
1794 1798 1919 1845 Flor.
1942 1771 2066 1853 (test.
2119 1780 2122 1783 ¹

1374 1855 1554 1897 Fax-nes.
1598 1853 1667 1908 (h.
1707 1870 1746 1899 e.
1784 1857 1885 1900 MS.
1919 1856 2068 1903 Vatic-

199 1912 342 1967 visus)
365 1927 448 1968 pro
470 1912 642 1959 aditus,
676 1912 797 1969 quod
821 1912 972 1954 ferunt
994 1921 1095 1955 vett.

200 1967 318 2012 libri.
379 1968 466 2011 Sed
493 1983 515 2009 e
536 1968 755 2012 Picbenae
780 1969 1094 2012 emendatione

199 2024 335 2069 hodie
394 2025 597 2083 plerique
658 2021 798 2068 edunt
861 2026 1091 2068 auditum.

200 2083 295 2129 lam
337 2098 450 2127 vero
494 2085 687 2126 auditus
732 2083 914 2141 quidem
963 2082 1095 2126 facile

199 2138 347 2200 potuit
371 2140 493 2182 abire
521 2139 569 2183 in
595 2141 774 2192 aditus,
815 2157 909 2183 uon
942 2141 1000 2184 ita
1032 2139 1096 2183 fa-

199 2197 284 2243 cile
308 2197 521 2240 auditum
557 2199 601 2241 in
631 2201 812 2249 aditus,
846 2198 882 2241 si
908 2197 1093 2256 quidem

158 2265 171 2271 ·
198 2254 359 2299 vitium
398 2263 463 2298 est
497 2254 666 2299 librarii
709 2271 759 2300 ex
832 2255 1096 2313 raecipitan-

197 2311 260 2356 tia
306 2310 381 2356 vel
433 2312 719 2372 negligentia.
826 2312 1095 2356 ‹mendandi

198 2369 348 2413 studio
390 2379 512 2413 certe
553 2386 646 2418 non
679 2370 781 2413 licet
816 2371 910 2414 *hoe
941 2370 1093 2413 tribui.

199 2426 411 2472 Ceterum
443 2426 552 2470 nihi-l
584 2427 632 2470 in
667 2443 720 2470 co
750 2437 815 2471 est
847 2427 1011 2486 inepti,
1045 2435 1105 2469 ut·

199 2484 374 2528 dicatur
396 2484 543 2528 velum
564 2484 675 2528 illud
702 2485 851 2529 visum
882 2485 1108 2534 arcuisse‚.

198 2541 347 2585 aditus
379 2558 473 2585 non
509 2541 742 2587 ademisse.
833 2542 949 2585 Nam
985 2543 1095 2591 vela.

199 2613 315 2656 quae
353 2598 460 2642 obdi
511 2597 688 2642 foribus
744 2598 974 2650 solebant,
1033 2599 1095 2645 ita

197 2663 326 2699 erant
351 2665 630 2712 comparata,
671 2665 721 2699 ut
745 2657 884 2702 levari
914 2665 1095 2715 possent

196 2711 480 2771 ingredienti.
541 2713 714 2772 Lipsius
750 2714 930 2782 quidem
961 2715 1089 2758 adfir-

195 2777 317 2813 mat:
371 2770 524 2823 „adiri
575 2772 836 2830 conspiclve
888 2771 1090 2815 noluit.”

194 2825 285 2871 Sed
318 2829 438 2875 unde
466 2829 642 2888 Lipsius
675 2829 719 2872 id
757 2828 911 2872 novit?
973 2830 1089 2874 Con-

195 2884 308 2944 spici
341 2886 512 2929 senatui
551 2886 719 2938 noluit,
767 2903 822 2929 ne
859 2886 1089 2929 videretur

195 2936 280 3001 ipsi
306 2943 489 2996 *senatui
535 2943 768 2992 interesse.
846 2943 941 2987 Cui·
977 2943 1087 2987 adiri

198 2998 397 3044 noluerit
417 3017 441 3045 a
466 3001 654 3060 singulis
678 3002 970 3050 senatoribus,
1000 3016 1093 3042 non

150 3059 156 3062 ’
198 3057 343 3102 video.
426 3058 572 3101 [mmo
613 3059 716 3113 satis
747 3058 993 3102 verisimile
1029 3065 1094 3099 est

199 3114 495 3174 Agrippinam
548 3115 593 3158 id
643 3115 864 3164 voluisse,
921 3124 970 3157 ut
1013 3129 1094 3172 per

200 3173 367 3216 amieos
393 3174 535 3231 ipsam
566 3172 779 3217 adeuntes
812 3181 992 3216 senatus
1026 3188 1092 3214 re-

195 3227 283 3271 bus
323 3245 417 3273 sese
461 3230 752 3275 immisceret.
838 3231 952 3272 Nam
996 3244 1091 3271 non

197 3283 292 3327 sola
318 3287 525 3331 audiendi
552 3287 788 3345 cupidine,
821 3288 896 3331 sed
923 3295 971 3329 ut
994 3286 1092 3343 plus

198 3341 283 3384 sibi
324 3345 600 3388 auctoritatis
639 3354 752 3388 esset
791 3345 836 3387 in
875 3353 1093 3390 senatum,

197 3405 345 3498 {latres
377 3399 423 3441 in
457 3402 671 3457 palatium
703 3402 857 3446 vocari
892 3403 1092 3444 iusserat.

242 3471 300 3498 on
322 3455 458 3555 igitur
483 3459 612 3514 plane
635 3459 881 3503 necessaria
912 3458 1091 3503 videtur

197 3528 330 3557 emen
361 3512 469 3556 atio.
506 3514 646 3557 Malui
663 3525 928 3560 tamencum
944 3515 1090 3559 Kiess-

197 3569 335 3628 lingio
359 3569 491 3614 edere
511 3570 647 3630 Lipsii
670 3572 997 3618 coniecturam.

1172 1912 1315 1966 1864.)
1339 1911 1444 1954 edd.
1460 1912 1578 1967 Lips.
1599 1911 1723 1955 Pieh.
1746 1929 1848 1971 sqq.
1908 1914 2063 1958 Victo-

1166 1969 1260 2012 rius
1277 1977 1425 2011 tamen
1451 1968 1669 2034 intactum
1693 1969 1876 2037 reliquit
1895 1984 2064 2014 ascen-

1165 2030 1296 2077 dere,
1329 2026 1451 2082 quod
1473 2034 1538 2069 est
1566 2042 1614 2068 ln
1643 2027 1828 2085 reliquis
1852 2028 1987 2073 MSS.
2020 2039 2064 2073 et

1172 2083 1272 2126 edd.
1299 2091 1409 2126 vett.

1575 2141 1675 2184 MS.
1711 2140 1863 2186 Guelf.
1901 2158 2060 2190 occur-

1224 2147 1501 2183 occurreret.

1170 2205 1264 2241 ret.

1223 2255 1384 2308 specie.
1466 2254 1549 2299 Ed.
1593 2254 1713 2313 Spir.
1757 2271 1907 2311 spem.
1995 2259 2056 2303 cf.

1169 2320 1264 2355 not.
1289 2312 1343 2355 ad
1372 2315 1439 2361 11,
1464 2313 1535 2355 45.

1225 2369 1337 2413 CAP.
1370 2370 1412 2413 6.
1501 2384 1711 2416 rursum.
1798 2371 1882 2415 Ed.
1940 2373 2065 2431 Spir-

1167 2430 1349 2471 iterum.
1410 2427 1579 2469 Eadem
1599 2429 1765 2470 deinde
1788 2445 1870 2486 pro
1895 2431 2017 2474 dein.

1227 2492 1336 2527 tunc
1390 2499 1584 2540 quoque.
1687 2485 1764 2530 Sic
1818 2486 1889 2530 ed.
1943 2487 2062 2544 Spir.

1166 2541 1314 2593 Beue,
1362 2551 1409 2585 ut
1441 2542 1546 2584 mihi
1587 2541 1782 2594 videtur,
1825 2552 1868 2586 et
1903 2546 2064 2588 meli-us

1168 2616 1301 2657 quam
1349 2607 1446 2640 tum
1496 2614 1695 2655 quoque,
1755 2601 1879 2658 quod
1923 2602 2061 2661 vulgo

1168 2657 1316 2698 editur
1341 2673 1363 2698 e
1389 2657 1545 2698 ceteris
1567 2655 1694 2699 libris
1719 2666 1823 2700 vett.

1220 2713 1547 2767 septendecim.
1631 2713 1717 2757 Ed.
1747 2713 1864 2772 Spir.
1894 2718 2061 2759 *decem

1160 2778 1350 2825 septem.
1423 2770 1524 2812 MS.
1549 2769 1658 2827 Agr.
1698 2780 1875 2826 septem
1908 2781 1952 2814 et
1975 2779 2061 2816 de·-

1161 2844 1275 2871 cem.
1335 2826 1465 2882 Quae
1496 2828 1682 2871 varietas
1716 2838 1812 2871 orta
1837 2838 1902 2873 est
1926 2847 1949 2873 e
1973 2847 2053 2873 no-

1160 2886 1216 2930 tis
1259 2900 1569 2931 numerorum.
1658 2885 1766 2928 Bon
1802 2886 1903 2930 MS.
1941 2888 2063 2946 Agr.

1162 2959 1243 3001 pro
1281 2956 1394 2983 num
1423 2943 1606 2996 proelia
1640 2943 1714 2984 dat
1745 2947 1888 2987 multi
1909 2961 2058 3000 proe-

1167 3001 1249 3043 lia.
1309 2999 1413 3042 MS.
1446 2998 1598 3041 Guelf.
1630 3002 1829 3042 mollem·
1849 3018 1932 3059 pro
1956 3018 2061 3046 mo·-

1166 3060 1275 3099 Iem.
1338 3057 1387 3098 ln
1414 3055 1571 3098 eodeni
1599 3070 1716 3098 mun
1749 3066 1849 3101 ante
1881 3063 2063 3114 proella

1167 3130 1262 3156 non
1297 3121 1480 3171 apparet
1520 3113 1600 3156 nisi
1639 3116 1892 3172 perpall-idis
1931 3116 2062 3161 vesti·

1166 3171 1273 3230 giis,
1305 3179 1352 3213 ut
1379 3171 1472 3212 sere
1498 3170 1653 3213 lacuna
1680 3188 1774 3215 esse
1799 3173 2020 3217 videatur.

1222 3228 1550 3284 anquz'rebant.
1635 3227 1711 3271 Sic
1756 3230 1889 3273 MSS.
1935 3231 2061 3274 Flor.

1167 3287 1285 3339 (test.
1322 3283 1442 3327 Vict.
1478 3301 1516 3327 e.
1549 3285 1624 3341 al.)
1669 3286 1812 3329 Vatic.
1849 3287 1975 3330 1958.
2012 3287 2060 3335 in

1171 3342 1386 3400 margine,
1414 3342 1650 3387 edd.l’ieh.
1675 3359 1771 3400 sqq.
1795 3371 1854 3381 --
1894 3346 2064 3400 anqui-

1165 3402 1298 3442 rebat
1327 3399 1426 3442 MS.
1457 3398 1600 3442 Vatic.
1637 3399 1763 3442 1863.
1800 3400 1924 3458 quod
1948 3403 2060 3445 Bro-

1165 3458 1304 3499 terius
1339 3457 1533 3514 positum
1565 3465 1690 3514 putat
1722 3473 1803 3515 pro
1837 3463 2059 3515 anquire-

1163 3516 1320 3558 ὁσίαν.
1383 3513 1465 3556 Ed.
1488 3513 1518 3556 S
1554 3513 1608 3556 ir.
1637 3514 2060 3570 alii.1·nqu1‘reb'ant.

1163 3571 1298 3615 MSS.
1335 3570 1488 3614 Guelf.
1563 3569 1638 3614 ud.
1685 3580 1728 3613 et
1772 3572 1914 3620 ceteri
1948 3574 2061 3619 Bm..
