2164 3990
133 203 136 208 ’
174 190 308 288 182·

828 227 1347 290 ANNALIUM

2012 0 2164 93 ,ἴῃ

2028 43 2074 65 1¹³

2084 74 2085 77 ,
2152 68 2155 75 .

1707 228 1759 263 A.
1777 227 1830 263 n.
1854 203 1943 268 sto.

1711 269 1762 306 Α.
1781 269 1827 307 c,
1879 270 1937 312 ⁵7.

172 367 424 432 patrono
451 377 789 421 concessum
813 370 1081 436 quamut
1105 357 1449 417 vicesimum
1479 360 1637 419 ultra
1668 361 1929 438 lapidem
1962 361 2028 420 in

177 462 344 499 oram
393 440 750 520 Campaniae
806 445 1087 500 libertum
1140 445 1397 519 releget?

175 527 539 602 promiscuas
582 540 657 598 eb
676 538 848 605 'pares
891 547 1032 588 esse.

179 613 341 688 quod
375 614 575 689 sperni
606 624 879 690 nequeat.

1496 457 1715 503 ceteras
1770 449 2031 506 actiones

1125 529 1510 587 tribuendum
1547 532 1791 608 aliquod
1827 535 2032 605 telum,

976 633 1085 669 nec
1115 633 1288 687 grave
1325 617 1702 673 manumissis
1734 638 1841 692 per
1873 620 2034 676 idem

2125 104 2131 108 ·
2151 95 2163 116 b

178 698 528 776 obsequium
550 698 850 757 retinendi
869 697 1229 770 libertatem,
1265 719 1370 776 per
1404 702 1565 777 quod
1602 703 1863 762 adsecuti
1898 705 2061 768 sint,

165 879 344 918 'auctor
370 873 510 919 fieret.
565 873 827 934 Saepissime
860 874 979 918 enim
1011 891 1077 918 an

184 930 386 990 elliptiee'
428 931 639 999 ponitur,
703 933 871 975 omisso
922 935 1077 984 verbo,

183 991 305 1032 unde
337 989 554 1032 dubitatio
589 989 795 1047 pendeat.
852 989 912 1034 cf.
945 991 986 1041 2,
1008 991 1078 1034 42.

171 1045 328 1104 finem
355 1048 474 1089 vitae
499 1055 666 1101 sponte
691 1044 882 1103 an-fato
906 1048 1078 1102 imple-

186 1105 268 1147 vit.
329 1103 408 1147 Est
436 1102 742 1147 anacoluthon
806 1104 1007 1147 uoddam
1029 1105 1079 1148 in

186 1161 354 1207 verbis.
423 1161 532 1203 Mox
563 1160 704 1205 defuit
779 1161 964 1211 alfius,
1002 1163 1080 1222 qui

189 1217 244 1261 ad
270 1218 392 1263 hunc
423 1218 600 1270 locum,
630 1220 694 1262 uti
726 1222 761 1271 l,
781 1221 822 1262 4.
850 1224 1015 1276 (aegro
1037 1228 1080 1263 et

187 1278 417 1332 corpore),
463 1274 647 1319 doceret
679 1285 724 1319 et
753 1287 854 1320 ante
887 1285 1082 1320 senten-

189 1334 286 1375 tiae
320 1332 429 1392 poni
461 1349 546 1390 pro
577 1336 732 1377 ettam.
807 1334 1083 1379 Sententiae

188 1399 338 1433 autem
361 1407 417 1433 ne
435 1392 586 1448 accipe
603 1391 649 1434 in
670 1391 831 1449 dativo,
855 1393 920 1436 uti
937 1393 1086 1437 solent

189 1446 469 1506 interpretes,
492 1449 567 1491 sed
590 1448 635 1491 in
653 1450 849 1507 genitivo
903 1450 1085 1500 ositum,

189 1512 241 1548 ut
251 1508 508 1548 sententiae
524 1510 745 1550 adversos
759 1507 870 1550 intel
893 1508 980 1564 igas
995 1524 1087 1560 eos,

192 1562 270 1621 qui
291 1561 390 1607 aliis
413 1564 583 1607 adversi
606 1573 711 1608 sunt
731 1563 951 1608 sententia
972 1566 1086 1621 (ent-

190 1628 570 1675 gegengesetzter
578 1621 829 1679 Meinung).
865 1622 974 1666 Post
983 1624 1085 1678 sre-

193 1680 426 1721 mentibus
484 1694 538 1720 eo
586 1682 861 1735 prorupisse
898 1680 1088 1724 debebat

192 1735 321 1794 sequi
349 1744 425 1787 ut,·
460 1736 537 1779 sed
560 1737 722 1780 iterum
745 1747 907 1781 auctor
928 1737 1090 1782 maluit

193 1792 389 1851 elliptice
410 1793 556 1852 loqui,
589 1795 757 1838 omisso
780 1796 940 1847 verbo,
969 1796 1090 1839 unde

195 1851 414 1895 dubitatio
444 1852 633 1895 eluceat.
707 1854 822 1897 Nam
847 1853 1090 1898 dic-endum

195 1918 316 1954 erat:
358 1925 411 1952 eo
438 1911 732 1965 prorupisse,
767 1921 817 1955 ut
851 1913 1092 1962 nescirent,

194 1968 300 2009 vine
332 1982 395 2008 an
424 1982 572 2022 aequo
605 1976 712 2018 etc.,
745 1978 787 2012 et
813 1970 1000 2013 deinde:
1040 1975 1093 2010 ut

195 2025 479 2068 sententiam
504 2039 668 2067 eorum
695 2031 1013 2070 consultarent
1036 2041 1093 2067 ac

198 2098 242 2125 v.
267 2099 331 2125 m.
355 2097 403 2124 u.
425 2084 728 2127 intenderent.
788 2084 928 2142 Igitur
948 2099 1091 2141 quum

197 2139 426 2184 incertum
455 2147 589 2190 esset,
621 2158 676 2184 an
704 2141 911 2200 princeps
934 2150 1093 2184 auctor

198 2196 534 2242 constitutionis
571 2197 699 2242 fieret
738 2215 823 2243 nec
866 2215 948 2251 ne,
998 2200 1092 2240 im-

195 2258 360 2312 pulere
382 2257 456 2297 vel
468 2270 517 2308 p.
540 2269 582 2298 s,
611 2257 939 2300 dissuadentes
971 2256 1017 2299 h.
1052 2271 1092 2298 e.

200 2323 299 2358 tum
330 2311 550 2370 impulere
585 2315 667 2368 (sc.
693 2324 743 2358 ut
766 2324 926 2358 auctor
948 2313 1093 2368 fieret)

202 2371 261 2423 ii,
300 2369 377 2428 qui
421 2370 493 2414 vel
531 2385 722 2428 poenam
758 2388 886 2416 suam
928 2371 1095 2414 dissua-

202 2429 379 2473 derent.
424 2428 513 2471 Sed
532 2429 604 2472 hic
627 2429 780 2473 haeret
804 2445 932 2488 aqua.
979 2428 1094 2471 Nam

201 2486 314 2547 quid
357 2494 444 2529 est:
491 2501 699 2541 poenum
732 2502 874 2531 suam
909 2487 1094 2529 dissua-

203 2545 356 2589 dere?
405 2551 448 2587 et
483 2543 560 2601 qui
589 2553 694 2587 sunt
719 2560 924 2601 poenam
953 2558 1096 2587 suam

202 2602 572 2646 dissuadentes?
646 2602 718 2646 De
762 2601 934 2646 libertis
974 2609 1096 2645 certe

203 2675 400 2718 poenam
431 2675 557 2703 suam
601 2658 982 2711 dissuadentibus,
1031 2658 1098 2700 uti

203 2718 369 2766 volunt
391 2715 598 2775 quidam,
625 2717 698 2762 hic
719 2733 978 2761 sermonem
1003 2731 1098 2759 esse

206 2782 370 2834 negant
391 2776 644 2832 sequentia:
677 2775 800 2833 Quid
821 2775 945 2818 enim
967 2775 1098 2817 aliud

207 2841 296 2878 etc.
334 2847 446 2890 quae
480 2833 630 2891 potius
672 2833 923 2884 clamitant,
973 2847 1099 2890 prae·

206 2889 389 2936 cessisse
421 2906 678 2934 sermonem
709 2891 763 2934 de
786 2890 926 2932 inrito
951 2897 1098 2947 patro·

205 2963 377 2992 norum
394 2947 546 2990 labore
569 2949 686 2992 circa
711 2947 895 2991 libertos
913 2947 1098 3004 punien-

206 3007 306 3053 dos.
384 3004 506 3048 Num
533 3021 693 3060 poena
724 3021 814 3048 sua
849 3012 913 3047 est
941 3018 1100 3061 poena,

207 3063 390 3122 quaesit
410 3062 459 3106 in
480 3078 639 3106 eorum
663 3063 995 3122 (patronorum)
1018 3075 1099 3127 po·

207 3122 393 3166 testate?
472 3120 590 3163 Tum
625 3119 846 3164 sententia
880 3126 970 3169 est,
1017 3133 1101 3160 im·

208 3177 376 3237 pulisse
415 3193 520 3229 eos,
568 3178 646 3236 qui
688 3176 755 3221 vel
795 3175 1103 3240 dissuaderent

208 3251 401 3293 poenam
442 3236 539 3293 lege
581 3250 842 3280 concessam
888 3232 1103 3282 adhiberi,

210 3299 254 3335 et
285 3294 476 3337 verbum
517 3295 791 3336 dissuadere
837 3298 1006 3348 spectat
1047 3287 1102 3332 ad

210 3357 469 3406 sequentem
523 3351 792 3394 orationem.
875 3347 1105 3390 Lubenter

211 3406 442 3454 concedo,
489 3425 585 3451 rem
633 3409 688 3451 de
731 3405 962 3464 ellipsibus
1002 3403 1104 3454 illis,

212 3477 322 3531 quas
348 3462 433 3506 dixi
459 3464 503 3507 in
525 3465 613 3508 hoc
632 3466 733 3509 loco
751 3463 1019 3512 statuendas,
1040 3477 1105 3504 sa·

210 3528 270 3565 tis
300 3520 518 3565 incertam
543 3530 585 3563 et
607 3523 762 3566 verba:
806 3523 883 3564 vel
894 3527 1106 3576 poenam

213 3592 251 3626 δι
280 3581 330 3624 d.
360 3577 565 3624 nondum
594 3581 696 3623 satis
727 3579 886 3623 fluere.
960 3576 1106 3621 Malui

1147 882 1297 918 tamen
1321 881 1431 920 vett.
1466 875 1686 920 librorum
1715 879 1852 923 verba
1887 878 2036 928 edere,

1148 948 1285 989 quam
1333 931 1456 987 sequi
1497 935 1767 979 recentiores
1817 936 2036 981 editiones

1147 990 1340 1048 pessime
1363 988 1436 1031 hic
1463 999 1668 1040 mutatas.

1205 1062 1352 1102 quam
1373 1052 1424 1087 ut
1444 1048 1727 1093 vicesimum.
1789 1049 1892 1094 MS.
1913 1051 2038 1095 Flor.

1149 1104 1265 1159 (test.
1290 1102 1432 1159 Vict.)
1457 1105 1623 1147 omittit
1655 1121 1799 1162 quam
1823 1115 1897 1159 ut‚·
1934 1108 2040 1152 MS.

1153 1160 1304 1204 Guelf.
1326 1159 1455 1204 habet
1475 1177 1632 1217 quam,
1660 1163 1826 1208 omittit
1849 1171 1913 1209 ut.
1958 1165 2043 1209 Ed.

1153 1220 1271 1276 Spir.
1294 1234 1379 1276 pro
1404 1234 1547 1274 quam
1569 1231 1618 1261 ut
1641 1221 1770 1264 habet
1789 1225 1909 1278 quia.
1955 1223 2043 1266 Sed

1156 1277 1216 1321 cf.
1242 1278 1281 1328 1,
1302 1276 1376 1318 64.
1396 1291 1492 1318 non
1515 1278 1645 1320 aliud
1663 1282 1880 1333 repperit,
1901 1294 2045 1336 quam

1155 1342 1206 1378 ut
1227 1345 1341 1386 etc.;
1381 1335 1418 1384 l,
1440 1333 1483 1376 9.
1504 1350 1598 1377 non
1622 1336 1755 1378 aliud
1774 1339 2045 1389 remedium,

1156 1407 1302 1449 quam
1324 1399 1375 1433 ut
1398 1399 1485 1434 etc.
1544 1392 1634 1435 Pro
1659 1395 1920 1438 vicesimum
1941 1394 2045 1453 Lip-

1155 1450 1247 1493 sius
1270 1447 1463 1491 malebat
1492 1451 1820 1504 centesimum,
1849 1452 1954 1511 quia
1975 1454 2044 1495 vi-

1156 1507 1376 1550 cesimum
1413 1505 1586 1549 nullam
1616 1507 1772 1551 habeat
1802 1512 2047 1563 rationem;

1156 1565 1274 1607 intra
1322 1564 1627 1606 centesimum
1679 1565 1875 1623 lapidem
1933 1583 2046 1612 vero

1157 1621 1457 1678 cognoscebat
1479 1621 1728 1678 praefectus
1756 1624 1896 1669 urbis.
1957 1624 2048 1668 Sed

1157 1677 1350 1736 trepidat
1380 1678 1488 1722 haec
1521 1678 1807 1730 coniectura,
1837 1683 1941 1740 quia
1969 1681 2050 1734 lex,

1159 1737 1214 1780 ad
1246 1751 1382 1793 qnam
1414 1735 1486 1778 hic
1517 1736 1778 1795 respicitur,
1818 1739 1952 1783 nobis
1983 1747 2051 1782 est

1160 1793 1409 1851 incognita.
1493 1793 1608 1836 Nam
1644 1794 1736 1838 Dio
1768 1795 1836 1848 55,
1869 1796 1937 1841 13.
1973 1796 2054 1856 qui

1161 1850 1287 1894 illam
1328 1851 1468 1908 legem
1502 1852 1667 1910 tangit,
1709 1853 1757 1895 in
1787 1855 2052 1899 universum

1161 1907 1325 1950 refert:
1363 1909 1538 1958 διέταξε
1575 1912 1934 1969 (εοχΑυῧιιείιιε)
1956 1945 1968 1956 .
1983 1943 1995 1956 .
2013 1942 2024 1954 .
2040 1943 2053 1955 .

1161 1964 1216 2008 τὰ
1258 1962 1574 2024 δικαιώματα,
1630 1972 1699 2018 οἱς
1719 2000 1722 2005 .
1741 1971 1788 2011 οἴ
1832 1985 1879 2013 τε
1922 1969 2055 2013 ἄλλοι

1162 2021 1281 2082 πρὸς
1319 2021 1425 2072 τοὺς
1466 2025 1903 2084 ἐλευθερουμένους,
1975 2029 2055 2070 καὶ

1163 2082 1294 2124 αὐτοὶ
1321 2085 1364 2124 οἱ
1389 2081 1610 2125 δεσπόται
1641 2075 1781 2141 σφῶν
1810 2081 2055 2142 γενόμενοι

1156 2136 1421 2198 χρήσοιντο.
1483 2141 1599 2183 Satis
1623 2150 1772 2184 tamen
1800 2143 2055 2187 verisimilis

1164 2207 1229 2240 est
1269 2198 1524 2240 emendatio
1570 2201 1904 2252 centesimum,·
1951 2217 2056 2245 nam

1162 2255 1273 2300 haec
1295 2254 1391 2298 fere
1415 2264 1478 2298 est
1501 2255 1706 2299 distantia
1732 2255 2015 2314 Campaniae.

1222 2313 1271 2355 in
1293 2327 1428 2354 oram
1445 2313 1748 2368 Campaniae.
1808 2315 1911 2359 MS.
1933 2317 1970 2359 F
1971 2316 2056 2358 lor.

1165 2370 1282 2426 (test.
1297 2371 1334 2410 V
1341 2370 1438 2427 iet.)
1462 2370 1532 2413 ed.
1551 2370 1670 2429 Spir.
1693 2373 1741 2414 in
1766 2387 1900 2416 oram
1915 2375 2060 2417 Cam-

1161 2428 1380 2484 panium.
1452 2428 1537 2470 Sed
1565 2429 1626 2472 cf.
1652 2428 1764 2472 Hist.
1788 2431 1828 2479 1,
1847 2431 1892 2474 2.
1922 2430 1966 2483 3,
1986 2431 2058 2475 60.

1169 2485 1270 2529 MS.
1296 2483 1452 2528 Guelf.
1472 2487 1519 2527 in
1541 2501 1626 2528 ora
1654 2487 1922 2552 Campanif.

1221 2544 1525 2598 promiscuas.
1586 2543 1685 2586 MS.
1701 2544 1826 2587 Flor.
1850 2547 1899 2600 (t.
1918 2544 2034 2590 Vict.

1169 2600 1242 2643 ed.
1277 2599 1396 2656 Spir.
1428 2601 1708 2654 promissas.
1777 2602 1879 2645 MS.
1908 2602 2023 2648 Guel
2045 2634 2058 2647 .

1165 2661 1448 2713 permissas:
1477 2667 1522 2700 et
1542 2673 1645 2699 mox
1669 2660 1914 2703 tribuendi.
1960 2659 2061 2704 Ple·

1168 2730 1359 2771 rumque
1404 2713 1452 2756 in
1500 2715 1603 2758 cod.
1647 2714 1772 2759 Flor.
1821 2717 2062 2765 scribitur-2

1165 2786 1456 2828 promiscas,
1488 2788 1545 2821 a,
1577 2788 1673 2817 um.
1751 2774 1862 2818 Inde
1899 2775 2062 2823 vitium

1170 2827 1300 2872 traxit
1327 2828 1566 2886 originem.

1226 2887 1470 2929 retinendi.
1557 2887 1709 2931 Miror
1759 2887 1850 2935 hoo
1901 2906 2062 2949 gerun-

1171 2943 1296 2987 dium
1335 2944 1655 3002 interpretibus
1686 2947 1905 2991 intactum
1939 2965 2063 2992 man·

1170 3002 1300 3052 sisse,
1342 3001 1419 3059 qui
1455 3003 1557 3045 alibi
1593 3002 1675 3060 (cf.
1700 3012 1796 3047 not.
1829 3005 1884 3048 ad
1911 3006 1951 3058 2,
1971 3005 2064 3064 43.)

1172 3057 1448 3102 difficiliores
1480 3071 1642 3104 essent.
1722 3061 1891 3105 Verum
1922 3079 2065 3119 grave

1172 3116 1449 3162 substantive
1478 3116 1664 3175 ponitur
1690 3134 1773 3176 pro
1802 3123 1962 3172 gravis
1987 3123 2062 3163 la·-

1174 3176 1279 3224 bor,
1310 3189 1455 3228 grave
1487 3176 1752 3229 negotium,
1785 3187 1828 3219 et
1851 3177 1978 3221 locus
1998 3178 2064 3221 in·

1173 3230 1440 3290 telligendus
1472 3240 1558 3283 est,
1601 3232 1726 3289 quasi
1752 3234 1970 3292 scriptum
2001 3253 2065 3279 es-

1173 3297 1265 3330 set:
1295 3303 1380 3331 nec
1406 3303 1552 3342 grave
1583 3306 1647 3333 m.
1677 3292 1918 3343 negotium
1948 3294 2066 3335 reti..

1172 3347 1316 3388 nendi
1348 3349 1610 3389 libertatem
1642 3363 1729 3402 per
1762 3350 1886 3391 idem
1930 3353 2064 3393 obs-e-

1176 3407 1353 3459 quium,
1381 3418 1470 3457 per
1488 3407 1611 3459 quod
1634 3414 1720 3448 etc.
1780 3405 1884 3450 MS.
1909 3406 2065 3452 Guelf.

1175 3476 1259 3518 pro
1281 3475 1428 3515 grave
1452 3463 1539 3503 fert
1553 3476 1718 3516 prave.

1233 3519 1448 3562 adsecuti
1461 3520 1569 3562 sint.
1637 3518 1721 3562 Ed.
1742 3517 1861 3577 Spir.
1894 3537 1935 3566 c.
1961 3522 2062 3571 MS.

1179 3574 1334 3620 Guelf.
1358 3576 1566 3621 assecuti
1583 3582 1705 3619 sunt.
