2164 3990
273 214 398 272 332
443 227 446 231 ’
575 239 578 242 »
952 213 1455 306 ANNALIUM
1816 215 2038 296 2:32⁸&

270 343 554 403 ductum?
610 364 715 402 cur
741 345 970 400 deserta·
993 363 1099 418 per
1125 344 1314 406 otium
1343 368 1492 423 quae
1515 348 1676 411 bello
1701 350 2125 419 defenderant?

265 426 371 488 An
404 430 615 502 melius
655 426 1059 486 hibernavisse
1107 428 1172 484 in
1213 442 1466 489 extrema
1501 431 1872 510 Cappadocia
1907 428 2123 512 raptim
2155 446 2161 452 “

269 515 472 590 erectis
508 515 759 589 tuguriis
794 534 970 590 quam
998 514 1059 568 in
1100 515 1233 570 sede
1258 516 1426 590 regni
1444 520 1621 576 modo
1650 521 1898 578 retenti?
1940 522 2123 581 dilata

262 621 507 679 prorsus
543 620 735 668 arma,
796 610 861 654 ut
897 595 1215 672 Vologeses
1254 621 1386 656 cum
1426 603 1540 661 alio
1582 626 1759 681 quam
1799 626 1934 664 cum
1972 604 2123 664 Cor-

263 685 487 744 bulone
526 694 795 751 certaret,
838 681 1100 740 Corbulo
1138 685 1381 742 meritae
1414 695 1504 744 'tot
1537 710 1643 764 per
1676 711 1864 748 annos
1901 691 2121 765 gloriae

263 770 390 830 non
414 773 570 828 ultra
596 768 924 843 periculum
952 769 1182 829 faceret.
1267 769 1438 841 Nam,
1474 784 1541 829 ut
1563 777 1780 846 rettuli,
1811 776 2122 852 proprium

258 859 474 915 ducem
493 855 743 911 tuendae
756 853 1071 910 Armeniae
1096 867 1438 930 poposcerat
1462 868 1519 913 et
1541 856 1852 918 adventare
1865 859 2121 918 Caesen-

263 943 402 1000 nius
429 940 641 997 Paetus
669 939 1044 995 audiebatur:
1089 941 1323 1016 iamque
1359 943 1586 1010 aderat,
1632 945 1813 1020 copiis
1849 946 1930 1003 ita
1965 946 2121 1003 divi-

264 1029 342 1086 sis
367 1038 433 1083 ut
458 1036 664 1103 quarta
690 1036 747 1081 et
775 1025 1142 1082 duodecuma
1169 1025 1427 1098 legiones
1460 1027 1658 1085 addita
1694 1030 1927 1106 quinta,
1970 1051 2119 1107 quae

261 1131 465 1171 recens
494 1132 523 1166 e
546 1109 772 1192 'Moesis
802 1111 983 1166 excita
1013 1122 1164 1181 erat,
1208 1111 1384 1168 simul
1409 1110 1655 1170 Pontica
1686 1126 1741 1171 et
1771 1113 2118 1172 Galatarum

259 1196 794 1273 Cappadocumque
830 1196 1047 1275 auxilia
1070 1194 1248 1253 Paeto
1288 1186 1620 1255 obedirent:
1664 1199 1835 1256 tertia
1869 1211 1924 1258 et
1963 1212 2119 1257 sexta

259 1297 318 1342 et
341 1285 585 1340 decuma
609 1282 868 1354 legiones
887 1281 1167 1358 priorque
1196 1281 1401 1359 Syriae
1435 1284 1605 1339 miles
1641 1286 1799 1360 apud
1824 1283 2120 1342 Corbulo-

258 1390 399 1426 nem
423 1378 749 1425 manerent.
837 1378 1025 1422 cetera
1052 1388 1119 1422 ex
1148 1388 1346 1423 rerum
1370 1388 1483 1424 usu
1506 1370 1800 1426 sociarent
1823 1370 2119 1445 partiren-

258 1467 448 1513 turve.
537 1452 655 1510 Sed
693 1472 884 1527 neque
920 1449 1182 1519 Corbulo
1223 1454 1445 1509 aemuli
1480 1455 1738 1528 patienS,
1793 1467 1848 1512 et
1882 1454 2116 1529 Paetus,

259 1541 356 1598 cui
382 1538 519 1596 satis
543 1539 616 1594 ad
641 1537 889 1611 gloriam
913 1549 1064 1605 erat,
1109 1537 1157 1591 si
1191 1538 1493 1611 proximus
1533 1535 1878 1610 haberetur,
1921 1541 2117 1616 despi—

257 1626 447 1683 ciebat
470 1634 625 1697 gesta
643 1669 659 1692 ,
702 1618 857 1677 nihil
885 1622 1074 1677 caedis
1102 1633 1202 1678 aut
1223 1624 1504 1697 praedae,
1545 1636 1853 1700 usurpatas
1874 1625 2116 1681 nomine

254 1723 428 1769 tenus
477 1709 722 1766 urbium
773 1708 1231 1782 expugnationes
1286 1708 1585 1765 dictitans:
1653 1730 1713 1765 se
1769 1710 1990 1767 tributa
2049 1730 2116 1766 ac

254 1794 410 1871 leges
447 1806 503 1852 et
539 1815 648 1870 pro
685 1794 899 1850 umbra
930 1793 1084 1866 regis
1121 1791 1463 1851 Romanum
1515 1794 1607 1850 ius
1651 1795 1820 1852 victis
1869 1794 2115 1870 imposi-

253 1894 476 1941 turum.
1778 1916 1780 1922 ·

427 1963 565 2023 VII.
624 1963 751 2021 Sub
787 1964 946 2018 idem
982 1974 1211 2038 tempus
1249 1963 1423 2036 legati
1451 1962 1799 2038 VologesiS,
1849 1984 1997 2040 quos
2039 1965 2114 2020 ad

251 2051 586 2130 principem
619 2049 828 2104 missos
861 2048 1220 2116 memoravi,
1279 2060 1568 2104 revertere
1604 2051 1799 2118 inriti,
1858 2050 2114 2106 bellum-

253 2158 368 2216 que
421 2134 730 2212 propalam
787 2144 1084 2207 sumptum
1141 2153 1172 2187 a
1229 2128 1482 2192 Parthis,
1602 2154 1711 2190 nec
1752 2124 1965 2190 Paetus
2008 2135 2115 2190 de-

252 2221 551 2290 trectavit,
594 2220 696 2275 sed
735 2219 964 2274 duabus
998 2218 1358 2290 legionibus,
1401 2239 1649 2295 quarum
1690 2229 1958 2296 quartam
1991 2218 2114 2278 Fu-

251 2308 566 2366 nisulanus
610 2302 1005 2361 Vettonianus
1069 2323 1136 2358 eo
1193 2303 1259 2358 in
1320 2314 1611 2379 tempore,
1683 2304 2112 2361 duodecumam

303 2526 392 2589 per
412 2509 578 2572 otiu'm.
600 2496 601 2499 Ἴ
640 2527 700 2571 cf.
721 2533 819 2570 not.
842 2526 898 2570 ad
921 2526 958 2575 1,
980 2525 1023 2568 2.
1216 2525 1435 2570 Matthiae
1455 2525 1539 2570 Gr.
1572 2526 1599 2581 §
1621 2526 1719 2570 509.
1777 2525 1989 2585 Exempla
2012 2526 2110 2571 vide

311 2590 526 2633 meritae.
588 2584 671 2628 Ed.
696 2584 813 2642 Spir.
835 2585 1017 2626 merito.
1216 2601 1238 2628 a
1274 2585 1332 2627 ud
1361 2584 1625 2627 Ramshorn.
1651 2583 1732 2627 Gr.
1767 2587 1796 2639 §
1815 2585 1908 2637 166.
1945 2600 1988 2642 p.
2009 2586 2108 2627 410.

307 2651 579 2691 adventare.
669 2642 774 2686 Eds
802 2641 919 2701 Spir.
964 2643 1143 2684 adven·
1261 2651 1326 2686 ot.
1383 2641 1723 2699 supervacanea
1751 2642 1887 2698 igitur
1921 2650 1985 2684 est
2008 2641 2111 2684 Hil-

232 2713 402 2750 ⁴tante.
1216 2697 1298 2742 leri
1346 2699 1599 2742 emendatio
1640 2699 1851 2755 legentis:
1905 2699 1980 2741 cui
2013 2714 2108 2742 non

313 2758 789 2807 CaesenniusPaetus.
842 2755 919 2799 Sic
939 2755 1078 2799 inseri
1115 2763 1146 2798 t.
1219 2758 1338 2799 satis
1365 2763 1448 2799 etc.

251 2821 371 2880 apud
392 2819 575 2863 Gruter.
612 2833 657 2875 p.
681 2817 779 2859 651.
802 2815 844 2856 6.
889 2813 1053 2871 Xiphil.
1106 2814 1147 2863 2,
1275 2813 1660 2868 expugnationes.
1738 2811 1822 2857 Ed.
1857 2813 1979 2872 Spir.
2018 2829 2107 2859 ex-

236 2882 323 2927 20.
356 2887 398 2922 et
425 2875 636 2933 Iosephus
659 2875 931 2920 Καισέννιος
953 2875 1143 2919 Παῖτος.
1211 2874 1517 2927 pugnatione.

250 2938 336 2982 Ed.
370 2935 488 2994 Spir.
529 2933 749 2977 Cesent'us
780 2931 940 2973 Petus.
1027 2928 1143 2970 Edd.
1275 2929 1386 2972 CAP.
1424 2929 1467 2970 7.
1538 2929 1816 2971 memoravi.
1890 2928 1952 2972 ef.
1990 2946 2032 2974 c.
2063 2930 2103 2974 5.

251 2996 357 3040 Put.
399 3009 503 3036 cum
546 2990 650 3034 cod.
694 2989 844 3032 Guelf.
891 2986 1145 3028 Cesennius
1216 2985 1318 3028 MS.
1343 2983 1481 3027 Corb‘.
1509 2986 1733 3039 Vologesi
1753 2988 1875 3040 regis
1899 3002 1982 3045 pro
2009 2988 2108 3030 Vo-

250 3054 407 3106 chus,
428 3087 439 3097 ,
1215 3045 1395 3096 logesis.
1437 3041 1494 3085 cf.
1524 3042 1589 3093 13,
1611 3042 1679 3086 37.
1737 3042 1918 3086 Tacitus
1940 3051 2105 3089 utram·

311 3111 524 3165 legiones.
585 3104 667 3148 Ed.
691 3102 811 3161 Spir.
835 3102 1036 3155 legione,
1074 3100 1144 3142 id-
1217 3116 1302 3158 que
1325 3100 1521 3142 formam
1545 3108 1743 3156 usurpat.

254 3185 342 3227 que
376 3182 465 3209 rec.
501 3180 564 3207 m.
599 3163 730 3207 etiam
762 3159 871 3202 fecit
899 3160 944 3201 in
981 3157 1147 3207 Guetf„
1273 3159 1413 3200 inriti.
1472 3158 1549 3200 Sic
1571 3159 1672 3201 MS.
1702 3157 1829 3200 Flor.
1858 3166 1957 3201 test.
1984 3157 2102 3202 Vict.

253 3243 366 3270 cum,
390 3223 514 3281 prius
546 3220 608 3263 ibi
638 3226 751 3262 esset
776 3220 992 3270 legiones.
1055 3215 1146 3258 Ea-
1213 3239 1271 3247 ¹-
1304 3217 1428 3257 irriti
1443 3215 1543 3258 edd.
1569 3223 1670 3257 vett.
1697 3231 1800 3258 cum
1826 3215 1930 3262 cod.
1950 3214 2104 3259 Guels.

253 3284 354 3327 dem
379 3280 449 3323 ed.
475 3279 590 3336 Spir.
613 3294 646 3319 a
663 3277 850 3319 Moesiis
874 3291 956 3333 pro
977 3274 1143 3315 eM'oe-
1271 3274 1588 3321 Funisulanus
1624 3273 1954 3315 Vettonianus.
2029 3273 2105 3316 Sic

252 3341 345 3390 sis,
376 3348 419 3381 et
445 3336 606 3380 deinde
630 3336 813 3390 ponliln
839 3342 880 3374 et
906 3332 1140 3374 Galama-
1213 3330 1315 3373 MS.
1342 3329 1465 3372 Flor.
1504 3331 1619 3383 (test.
1648 3328 1768 3372 Yict.
1801 3346 1836 3374 e.
1875 3328 1975 3385 aL),
2017 3330 2102 3373 nisi

253 3412 376 3441 rum.
436 3395 550 3438 Edd.
566 3393 667 3435 Put.
691 3393 996 3445 gallatorum.
1215 3388 1337 3446 quod
1357 3387 1582 3430 Victorius
1609 3385 1790 3443 reliquit
1805 3387 1994 3430 Vecton.
2019 3404 2101 3445 pro

309 3454 381 3496 cui
402 3454 522 3494 satis
542 3454 605 3492 ad
625 3450 830 3503 gloriam
851 3454 970 3489 erat.
1022 3447 1142 3488 Erat
1217 3447 1404 3487 Vellon.
1469 3445 1585 3488 Cum
1608 3441 1731 3486 Flor.
1763 3445 1986 3487 consentit
2002 3446 2100 3489 MS.

251 3510 449 3572 ponitur,
474 3506 854 3564 utimperfectum
873 3503 989 3561 apud
1003 3503 1140 3547 Grae·
1214 3504 1322 3560 Reg.
1375 3511 1473 3545 test.
1525 3499 1747 3544 Broterio.
1838 3500 1941 3545 MS.
1989 3503 2097 3570 Agr.

256 3585 332 3618 cos
368 3566 518 3611 addito
553 3562 635 3617 ἄν,
689 3579 771 3623 pro
804 3562 991 3619 suisset.
1076 3560 1138 3606 es.
1212 3562 1528 3605 1⁴'u1n'solanus
1585 3559 1919 3610 Veclomanus,
2010 3560 2095 3605 hd.
