2164 3990
214 254 264 295 A.
280 254 333 290 U.
349 254 438 289 808.

213 298 327 335 MC,
372 298 435 332 5⁵,
640 252 1019 317 LIB.·XIII.
1098 253 1293 317 CAP.
1325 259 1384 316 2.
1418 258 1474 316 3.
1869 259 1986 318 149

127 388 374 445 militiae
395 385 618 462 petenti
643 385 885 442 tribuno
911 385 1075 442 dedit
1111 374 1398 444 OPTIMAE
1426 397 1681 443 MATRIS.
1768 387 1984 443 decreti

128 485 190 531 etv
231 494 264 529 a
304 483 506 528 senatu
551 471 670 526 duo
711 469 973 540 lictoreS,
1036 470 1366 526 flaminium
1400 467 1737 539 Claudiale‚
1805 472 1981 527 simul

120 557 376 616 Claudio
391 555 731 612 censorium
754 556 934 623 funus
959 565 1015 610 et
1037 575 1174 611 mox
1199 555 1574 614 consecratio,

295 640 419 702 HL-
464 639 577 697 Die
606 640 832 696 funeris
859 640 1259 698 laudationem
1283 640 1406 696 eius
1437 639 1710 714 princeps
1739 658 1976 696 exorsus
2017 685 2028 700 ,

125 739 228 787 est.
324 728 468 783 dum
513 725 922 802 antiquitatem
960 726 1218 799 generiS,
1282 716 1618 794 consulatus
1657 745 1722 780 ac
1763 725 1976 781 trium—

122 809 277 888 phos
317 811 608 867 maiorum
646 811 1053 879 enumerabat,
1096 811 1357 866 intentus
1390 810 1513 884 ipse
1549 822 1606 867 et
1641 810 1841 865 ceteri:
1888 810 1975 865 'li-

123 897 414 954 beralium
465 916 699 972 quoque
746 896 960 952 artium
1009 886 1516 966 commemoratio,
1578 906 1638 951 'et
1682 890 1836 949 nihil
1879 886 1974 950 re-

118 993 292 1057 gente
325 1001 392 1037 eo
427 982 590 1037 triste
628 981 715 1037 rei
750 980 1021 1055 publicae
1049 981 1123 1036 ab
1147 980 1400 1035 externis
1423 977 1730 1049 accidisse,
1771 973 1975 1054 pronis

125 1067 340 1125 animis
374 1067 593 1125 audita.
678 1077 991 1141 postquam
1027 1066 1101 1120 ad
1134 1065 1566 1138 providentiam
1587 1062 1976 1139 'sapientiam'—

110 1172 235 1229 que
271 1150 462 1220 flexit,
514 1170 691 1206 nemo
733 1150 881 1206 risui
925 1161 1277 1223 temperare,
1333 1171 1671 1226 quanquam
1692 1149 1898 1205 'oratio
1941 1168 1974 1205 a

112 1237 344 1295 Seneca
378 1235 696 1309 composita
730 1235 985 1290 multum
1020 1235 1212 1290 cultus
1244 1236 1590 1308 praeferret,
1632 1246 1699 1291 ut
1732 1234 1845 1290 fuit
1879 1234 1970 1289 illi

118 1318 248 1377 viro
275 1319 579 1392 ingenium
606 1339 919 1375 amoenum
943 1330 1000 1375 et
1022 1320 1303 1394 temporis
1333 1320 1456 1375 eius
1479 1321 1720 1377 auribus
1744 1339 1974 1375 accom—

110 1406 440 1463 modatum.
545 1398 931 1461 Adnotabant
979 1404 1264 1475 senioreS,
1322 1406 1537 1481 quibus
1584 1406 1838 1461 otiosum
1889 1416 1974 1460 est

119 1501 314 1546 vetera
353 1501 410 1546 ot
444 1490 773 1563 praesentia
798 1491 1179 1560 contendere,
1223 1490 1482 1565 primum
1509 1511 1575 1546 ex
1602 1490 1702 1559 iis,
1741 1489 1848 1565 qui
1874 1506 1974 1544 're—
2055 1481 2059 1485 ’

115 1595 252 1632 rum
285 1574 460 1650 potiti
494 1586 710 1643 essent,
768 1573 1067 1630 Neronem
1110 1576 1335 1631 alienae
1377 1572 1686 1631 facundiae
1736 1575 1973 1647 eguisse.

111 1680 258 1716 suam
285 1659 534 1716 dictator
559 1657 772 1715 Caesar
796 1660 1039 1715 summis
1065 1661 1399 1716 oratoribus
1430 1654 1720 1716 aemulus:
1767 1671 1824 1716 et
1841 1654 1972 1715 Au-

119 1757 286 1818 gusto
334 1755 607 1818 prompta
643 1765 708 1800 ac
754 1745 1084 1817 profluenS,
1154 1766 1302 1822 quae
1351 1747 1579 1801 deceret
1625 1745 1970 1819 principem,

119 1829 450 1905 eloquentia
472 1828 613 1896 fuit.
710 1827 988 1891 Tiberius
1028 1841 1212 1886 artem
1235 1849 1484 1907 quoque
1525 1829 1799 1906 callebat,
1857 1848 1972 1904 qua

118 1914 298 1970 verba
330 1913 706 1988 expenderet,
749 1924 875 1969 tum
901 1914 1134 1971 validus
1160 1915 1427 1971 sensibus
1451 1928 1517 1971 ac
1542 1914 1809 1972 consulto
1847 1934 1973 1968 am-

174 2146 284 2190 CAP.
310 2144 351 2188 3.
406 2145 731 2187 enumerabat.
786 2143 1004 2203 Ed.Spi1·.

114 2210 373 2246 enumerat.
451 2200 528 2244 Sic
560 2217 599 2243 e.
633 2201 703 2244 31.
744 2204 857 2243 dum
890 2218 1003 2257 pro-

110 2267 326 2317 pugnant
335 2277 352 2312 ‚⁰
395 2260 462 2308 15,
482 2259 553 2302 38.
587 2262 699 2301 dum
738 2260 786 2300 in
821 2267 1005 2313 tergum

114 2325 391 2371 respectant.
452 2316 570 2358 Huic
594 2325 744 2359 tamen
776 2316 879 2360 loco
911 2333 1005 2359 me·

116 2375 201 2418 lius
223 2374 431 2417 convenit
454 2374 683 2429 vulgatum
705 2382 896 2431 tempus.

174 2440 219 2475 et
243 2432 397 2474 ceteri.
455 2429 558 2472 MS.
579 2431 687 2487 Agr.
718 2431 788 2472 ed.
816 2430 932 2488 Spir.
959 2439 1003 2473 et

116 2490 335 2536 caeterae,
364 2487 487 2531 nulla
511 2487 798 2530 distinetione
821 2495 923 2530 ante
949 2490 1004 2530 li-

113 2548 343 2590 beralium
364 2545 522 2602 posita.

171 2604 304 2646 triste
340 2605 418 2645 rei
438 2603 648 2656 publicae
682 2603 742 2643 ab
776 2603 1003 2644 externis.

115 2662 198 2705 Ed.
221 2660 341 2718 Spir.
373 2663 448 2702 rei
462 2665 522 2712 p!
537 2661 596 2700 ab
621 2661 830 2701 externis
854 2661 1002 2701 triste.

115 2718 254 2761 MSS.
291 2718 414 2760 Flor.
459 2718 587 2771 (test.
620 2716 708 2759 Iac.
743 2715 1004 2768 Gronovio)

116 2774 271 2819 Guels.
309 2775 432 2816 nihil
461 2781 649 2826 regente
681 2789 733 2815 eo
769 2775 904 2815 triste
936 2774 1010 2815 rei

112 2835 326 2888 publicae
346 2834 405 2873 ab
424 2847 463 2874 e.
528 2830 743 2888 Vulgatus
764 2831 1006 2873 verborum

117 2890 255 2934 ordo:
309 2891 383 2931 rei
401 2905 446 2943 p.
474 2890 606 2930 triste
635 2889 693 2929 ab
727 2896 825 2931 ext.
862 2897 926 2931 est
960 2888 1005 2930 in

117 2948 218 2991 edd.
245 2946 345 2988 Put.
369 2962 466 3003 sqq.

174 3003 395 3056 temporis
428 3004 539 3045 eius.
610 3003 685 3047 Sic
710 3003 847 3046 MSS.
884 3004 920 3046 F
924 3003 1007 3045 lor.

120 3061 292 3102 Vaticc.
334 3059 444 3101 1863
486 3069 528 3102 et
572 3061 697 3103 1864.
740 3060 849 3118 Reg.
905 3061 1008 3102 edd.

117 3118 236 3176 Spir.
273 3117 346 3159 lac
392 3115 596 3162 Gronov.
628 3134 726 3175 sqq.
758 3148 816 3165 -,--
887 3126 1007 3159 tem-

114 3176 246 3231 poris
281 3174 404 3216 illius
437 3174 570 3217 MSS.
608 3175 706 3218 Vat.
733 3175 856 3218 1958.
884 3174 1008 3217 Harl.

117 3231 251 3275 Bodl.
299 3230 451 3273 Guelf.
498 3231 599 3274 edd.
636 3232 739 3275 Put.
772 3234 839 3275 M.
872 3240 915 3275 et
950 3232 1006 3274 V.

118 3288 326 3332 Beroald.
351 3288 454 3331 Ale.
479 3288 622 3331 Rhen.
647 3304 743 3347 sqq.
781 3306 922 3348 usque
953 3290 1008 3332 ad

119 3347 210 3389 lae.
234 3344 439 3387 Gronov.

175 3405 373 3448 otiosum
414 3411 497 3445 est.
586 3402 661 3445 Sic
706 3401 840 3446 MSS.
882 3403 1007 3446 Flor.

120 3462 236 3514 (test.
263 3459 404 3511 Pich.)
440 3460 540 3502 Vat.
572 3460 697 3502 1958.
727 3459 852 3504 Harl.
918 3460 1010 3502 odl.

123 3517 206 3558 les.
226 3517 341 3559 Bud.
361 3515 511 3560 Guelf.
538 3517 626 3571 (hic
649 3519 871 3560 occiosum
914 3517 1013 3560 edd.

122 3573 225 3618 Pul.
259 3574 328 3618 M.
365 3583 408 3616 et
445 3576 498 3619 V.
531 3575 741 3619 Beroald.
778 3575 836 3630 (c.
867 3575 1014 3618 silent.

1078 2145 1223 2200 Vict.)
1254 2144 1440 2188 Piehen.
1473 2158 1573 2203 sqq.
1606 2167 1666 2177 ·—
1715 2145 1863 2186 otium
1896 2151 1966 2186 est

1076 2203 1215 2247 MSS.
1234 2203 1405 2247 Vaticc.
1430 2201 1541 2245 1863
1576 2201 1743 2256 (hic-in
1766 2201 1967 2258 margine

1076 2263 1290 2317 otiosum)
1326 2269 1368 2303 et
1404 2254 1530 2302 1864.
1566 2258 1631 2301 Re
1664 2289 1676 2301 .
1714 2258 1821 2301 edd.
1850 2258 1966 2314 Spir-

1075 2318 1175 2362 Ale.
1199 2317 1401 2361 Rhenan.
1424 2322 1520 2375 sqq.
1582 2316 1638 2360 Se
1691 2315 1803 2358 Hist.
1829 2317 1872 2367 2,
1893 2314 1962 2358 38.

1074 2390 1276 2418 vacuum
1305 2374 1407 2431 fuit
1449 2375 1778 2428 concupiscere.
1853 2373 1966 2429 Agr.

1077 2449 1118 2476 c.
1157 2435 1195 2476 1.
1231 2441 1282 2474 ut
1323 2447 1461 2487 agere
1503 2438 1774 2485 memoratu
1823 2431 1970 2484 digna

1072 2505 1281 2543 pronum
1306 2522 1315 2532 .
1330 2521 1341 2532 .
1357 2523 1367 2532 .
1388 2496 1509 2532 erat.

1135 2576 1199 2602 ex
1223 2561 1289 2602 iis.
1349 2557 1566 2616 Ed.Spir.
1594 2572 1658 2599 ex
1691 2559 1761 2600 his
1792 2557 1966 2615 vulgari

1077 2616 1361 2661 confusione.
1420 2614 1523 2660 Vid.
1553 2624 1645 2658 not.
1669 2614 1723 2657 ad
1752 2631 1791 2659 e.
1816 2617 1854 2658 1.
1914 2629 1941 2651 ι’

1135 2690 1394 2730 Neronem.
1452 2685 1554 2729 Hoc
1580 2702 1747 2729 nomen
1773 2686 1897 2729 deest
1920 2684 1967 2727 in

1078 2745 1148 2788 ed.
1175 2745 1292 2802 Spir.
1351 2742 1517 2787 Eadem
1552 2759 1634 2801 pro
1659 2746 1873 2798 Augusto
1895 2742 1969 2786 dat

1077 2803 1295 2855 Augusti.

1132 2866 1356 2913 prompta
1393 2874 1449 2901 ac
1476 2859 1714 2914 profluens
1743 2866 1829 2902 etc.
1906 2857 1967 2902 ef.

1079 2917 1268 2959 sueton.
1301 2915 1407 2959 Oct.
1449 2931 1491 2959 c.
1527 2916 1598 2962 86.
1639 2917 1789 2974 ibique
1830 2915 1967 2958 inter·

1078 2982 1208 3033 prett.

1132 3031 1410 3086 principem.
1482 3029 1566 3075 Ed.
1604 3030 1723 3088 spir.
1754 3028 1966 3083 principi.

1079 3088 1179 3132 MS.
1202 3090 1310 3146 Agr.
1334 3095 1377 3130 et
1406 3102 1527 3144 quae
1550 3091 1743 3130 deceret.

1138 3167 1294 3201 artem
1329 3173 1519 3214 quoque.
1577 3156 1654 3199 Sic
1685 3155 1819 3199 MSS.
1845 3154 1970 3199 Flor.

1081 3219 1196 3273 (test.
1222 3217 1360 3267 Viet.)
1386 3214 1536 3257 Guelf.
1559 3214 1663 3257 edd.
1688 3212 1969 3270 Spin-uben.

1080 3290 1194 3372 “qu
1207 3269 1971 3372 Txe‘3“‘'1‘l1“‘³A‘i''‘⁶''²s{{idv'if'ssss-”JZ

1083 3349 1177 3431 {uli
1199 3346 1380 3443 'quoiygz
1408 3359 1482 3429 liic
1516 3345 1705 3444 §eminet
1729 3383 1782 3427 ad
1806 3360 1972 3433 artent,

1083 3462 1176 3488 non
1203 3445 1257 3487 ad
1281 3444 1531 3486 Tiberium.
1897 3454 1899 3456 '

1142 3523 1242 3556 tum
1264 3515 1452 3557 validus
1477 3514 1683 3566 sensibus
1710 3526 1764 3555 ac
1788 3529 1824 3555 c.
1847 3514 1970 3555 amb.

1087 3573 1164 3615 Sic
1188 3572 1317 3616 MSS.
1342 3571 1492 3616 Guelf.
1516 3570 1661 3615 vatic.
1682 3570 1831 3614 Oxou.
1867 3570 1970 3614 edd.
