2164 3990
168 236 219 268 A.
239 232 290 267 U.
311 233 393 265 819.

169 280 219 312 A.
237 275 283 311 C.
334 276 394 309 6⁶.

574 233 746 294 LIB.
779 234 910 293 XV.
985 231 1175 295 CAP.
1213 231 1313 296 50.
1337 234 1438 296 51.
1813 245 1934 302 387

83 367 309 424 tribuni
357 361 689 422 cohortium
739 363 1202 437 praetoriarum,
1254 363 1552 422 Maximus
1587 360 1842 428 Scaurus
1878 385 1932 431 et

85 452 343 508 Venetus
383 450 625 507 Paullus
673 449 1069 509 centuriones,
1165 450 1263 505 sed
1313 469 1608 509 summum
1647 455 1833 512 robur
1867 458 1930 514 in

84 536 134 593 F
136 538 268 592 enio
315 534 476 594 Rufo
526 534 814 608 praefecto
864 533 1203 603 videbatur,
1267 555 1441 611 quem
1494 536 1613 593 vita
1661 538 1932 618 famaque

82 622 386 678 laudatum
422 640 526 695 per
566 619 866 674 saevitiam
908 619 1454 696 impudicitiamque
1488 618 1818 695 Tigellinus
1866 628 1930 684 in

0 730 2 734 ⁷
83 708 281 763 animo
308 704 593 782 principis
621 704 878 760 anteibat
901 704 1297 780 fatigabatque
1321 705 1834 766 criminationibus
1862 731 1928 769 ac

84 812 251 866 saepe
286 791 351 846 in
383 801 606 845 metum
642 790 962 846 adduxerat
995 790 1161 865 quasi
1198 789 1531 847 adulterum
1568 787 1930 870 Agrippinae

82 888 137 932 et
162 875 453 932 desiderio
486 875 611 930 eius
645 874 862 931 ultioni
894 875 1205 934 intentum.
1294 872 1482 948 Igitur
1509 877 1615 934 ubi
1651 880 1926 939 coniura-

79 961 153 1017 tis
198 962 553 1035 praefectum
602 979 836 1035 quoque
881 959 1162 1035 praetorii
1208 958 1272 1014 in
1319 972 1511 1035 partes
1560 955 1926 1024 descendisse

79 1047 282 1101 crebro
320 1044 502 1119 ipsius
539 1045 906 1100 sermonibus
939 1046 1087 1100 facta
1122 1044 1293 1113 fides,
1346 1048 1676 1121 promptius
1702 1050 1820 1107 iam
1850 1054 1924 1109 de

77 1142 338 1205 tempore
376 1150 442 1186 ac
478 1130 607 1185 loco
650 1129 842 1184 caedis
886 1129 1201 1202 agitabant.
1299 1141 1355 1186 et
1389 1133 1605 1207 cepisse
1637 1133 1922 1210 impetum

77 1214 326 1272 Subrius
361 1213 600 1271 Flavius
639 1214 936 1269 ferebatur
978 1213 1039 1268 in
1077 1234 1245 1269 scena
1286 1229 1592 1274 canentem
1624 1217 1920 1278 Neronem

77 1300 489 1373 adgrediendi,
532 1309 633 1356 aut
657 1319 791 1354 cum
819 1299 1062 1354 ardente
1091 1300 1266 1354 domo
1292 1320 1398 1374 per
1421 1313 1651 1358 noctem
1691 1301 1807 1363 huc
1844 1307 1920 1363 il—

79 1385 174 1441 luc
222 1395 476 1440 cursaret
521 1383 928 1442 incustoditus,
1018 1379 1113 1438 hic
1151 1385 1374 1440 occasio
1413 1388 1780 1460 solitudini8‚
1838 1393 1924 1450 ibi

74 1470 198 1544 ipsa
244 1468 569 1545 frequentia
616 1468 764 1524 tanti
810 1468 1035 1524 decoris
1081 1467 1240 1524 testis
1281 1467 1748 1543 pulcherrimum
1789 1478 1922 1533 ani»-

73 1575 237 1610 mum
273 1554 813 1621 exstimulaverant‚
868 1553 984 1608 nisi
1010 1553 1377 1627 impunitatis
1405 1558 1619 1634 cupido
1644 1561 1923 1620 retinuis-

75 1650 160 1695 set
185 1638 412 1711 magnis
439 1657 664 1713 semper
685 1638 990 1694 conatibus
1017 1640 1276 1699 adversa.

238 1745 341 1806 LI.
387 1743 630 1802 Interim
655 1746 1064 1802 cunctantibus
1089 1747 1635 1826 prolatantibusque
1663 1772 1824 1829 spem
1855 1778 1921 1815 ac

71 1842 294 1887 metum
316 1826 627 1906 Epicharis
653 1832 938 1906 quaedam
971 1831 1259 1887 incertum
1295 1851 1555 1907 quonam
1589 1840 1768 1898 modo
1809 1839 1922 1899 sci...

73 1917 272 1973 scitata
302 1912 521 1993 (neque
545 1916 634 1971 illi
670 1927 805 1971 ante
832 1916 952 1972 ulla
980 1936 1180 1971 rerum
1206 1911 1585 1975 honestarum
1619 1938 1757 1980 cura
1789 1926 1919 1984 fue-

72 2000 188 2079 rat)
216 2001 532 2058 accendere
559 2012 615 2056 et
642 2019 882 2074 arguere
909 2001 1272 2056 coniuratos:
1318 2021 1384 2058 ac
1411 2014 1707 2077 postremo
1742 2010 1918 2069 lenti-

70 2086 292 2142 tudinis
327 2104 530 2142 eorum
569 2096 827 2160 pertaesa
870 2096 925 2141 et
962 2086 1027 2140 in
1060 2083 1381 2160 Campania
1420 2103 1594 2162 agens
1633 2093 1920 2166 primores

126 2304 365 2357 inpartes.
422 2296 527 2345 MS.
551 2299 705 2344 Guelf.
742 2317 765 2344 a
797 2317 865 2358 pr.
897 2318 959 2345 m·

68 2361 116 2401 in
135 2360 313 2410 partis:
343 2373 434 2402 sec.
458 2375 520 2402 m.
546 2357 651 2400 fecit
675 2359 724 2399 in
740 2366 921 2412 partes.

123 2417 270 2470 ipsius
289 2417 589 2459 sermonibus.
644 2414 720 2457 Sic
740 2415 810 2458 ed.
827 2415 962 2472 Spin,

67 2473 188 2531 quod
223 2473 421 2531 recipio,
470 2471 572 2530 quia
615 2470 663 2514 in
698 2470 798 2515 MS.
831 2472 958 2515 Flor.

67 2531 200 2574 etiam
221 2532 336 2586 (test.
352 2528 491 2585 Vict.)
518 2536 582 2572 est
601 2530 830 2573 sermonis
848 2529 956 2583 (for-

69 2597 181 2630 tasse
214 2595 366 2630 ortum
401 2602 424 2628 e
455 2587 785 2641 sermonibus).
857 2587 908 2628 Μ
945 2618 956 2629 .

69 2643 218 2687 Guelf.
260 2643 361 2688 edd.
405 2642 509 2687 Put.
547 2642 648 2686 Ber.
682 2643 782 2687 Alc.
811 2643 955 2686 Rhen.

67 2718 163 2759 sqq.
192 2716 420 2744 sermone.
484 2700 574 2744 Sed
600 2715 728 2743 num.
793 2699 876 2744 lur.
908 2701 955 2741 in

67 2759 144 2802 tali
184 2767 392 2801 contextu
425 2757 647 2801 usitatior.
722 2773 746 2799 c
768 2790 778 2801 .
817 2761 855 2808 1,
887 2756 954 2802 13.

72 2817 138 2858 16.
162 2813 233 2857 47.
267 2814 308 2865 3,
331 2815 400 2858 52.
435 2815 504 2863 13,
528 2815 574 2858 6.
606 2814 718 2858 Hist.
745 2815 787 2866 2,
812 2816 882 2858 52.
914 2823 955 2857 et

68 2871 190 2916 alibi.
249 2870 527 2929 scripturam
549 2886 761 2914 sermone
786 2871 955 2917 creavit

70 2928 339 2974 vocabulum
363 2931 533 2973 crebro.

126 2985 310 3039 cepisse.
389 2985 466 3030 Sic
506 2985 608 3029 MS.
652 2984 808 3029 Guetf.
854 2985 954 3028 edd.

69 3042 172 3085 Ber.
219 3043 276 3095 (c.
316 3041 460 3086 silent.
494 3042 638 3093 Vict.)
681 3041 824 3086 Rhen.
857 3059 954 3100 sqq.

69 3100 268 3153 coepisse
299 3099 399 3142 edd.
435 3098 556 3157 Spir.
591 3098 693 3143 Put.
729 3100 796 3143 M.
829 3109 870 3143 et
899 3100 955 3142 V.

32 3182 38 3185 ·
68 3156 169 3200 Ale.
257 3155 344 3198 Sed
407 3154 472 3198 illi
531 3156 631 3199 libri
694 3157 957 3215 plerumque

68 3223 306 3270 utramque
342 3212 611 3272 scripturam
652 3211 954 3257 confundunt.

70 3272 185 3314 Ante
209 3284 345 3313 scena
369 3270 439 3313 ed.
463 3268 580 3327 Spir.
604 3270 767 3313 omittit
789 3272 855 3313 in.

123 3331 318 3371 ardente
338 3330 494 3371 domo.
538 3327 839 3385 Cogitandum
864 3344 955 3370 esse

70 3385 123 3427 de
144 3384 353 3428 incendio
375 3383 536 3427 domus
554 3399 603 3426 re
634 3384 698 3425 iae
714 3385 830 3440 apud
847 3400 954 3427 con·

68 3441 235 3483 iuratos
262 3440 474 3484 meditato
499 3456 604 3485 cum
663 3441 807 3494 uenio,
837 3440 953 3484 Bro—

69 3497 180 3539 terio
216 3497 398 3564 aliisque
434 3513 610 3541 censeo·
677 3496 790 3539 Nam
824 3496 954 3541 aliam

68 3556 477 3611 interpretationem
502 3554 767 3599 vocabulum
781 3558 957 3598 ardens

1427 2302 1616 2348 Faciunt
1656 2302 1744 2352 huc
1787 2313 1919 2356 verba

1032 2374 1071 2400 c·
1096 2357 1165 2399 52.
1203 2359 1253 2398 in
1290 2359 1374 2399 illa
1403 2360 1557 2402 invisa
1591 2371 1637 2404 et
1665 2367 1828 2419 spoliis
1850 2371 1916 2412 ω’·-

1030 2415 1158 2455 vium
1182 2421 1424 2461 eaestructa
1444 2420 1602 2461 domo.
1662 2420 1696 2464 l.
1714 2422 1751 2464 F'
1749 2439 1788 2466 r.
1802 2422 1917 2470 Gru-¹

1030 2471 1191 2513 novius
1227 2471 1511 2516 emendando
1550 2474 1702 2520 locum
1734 2478 1939 2526 invade*-

1028 2527 1126 2569 hat:
1150 2541 1252 2569 cum
1268 2532 1464 2573 madens
1482 2532 1589 2574 vino
1602 2549 1690 2589 per
1709 2546 1919 2593 noctem:

1028 2584 1283 2627 Miillerus:
1330 2601 1433 2627 cam
1477 2604 1630 2632 aurea
1664 2593 1716 2634 in
1750 2598 1920 2650 domo,-

1027 2640 1259 2685 Heinsiusa
1308 2653 1548 2688 marcente
1588 2651 1731 2693 domo
1777 2653 1837 2709 (h.
1871 2671 1914 2700 e.

1027 2700 1329 2742 marcentibus
1353 2699 1640 2761 domesticis).

1083 2759 1154 2798 laic
1191 2757 1382 2800 occasio.
1439 2758 1522 2801 Ed.
1546 2760 1667 2828 Spir.
1700 2767 1818 2810 haee
1837 2779 1914 2813 oea

1028 2815 1168 2855 casim
1232 2814 1298 2857 De
1319 2814 1416 2858 aliis
1440 2815 1565 2860 libris
1583 2829 1642 2863 lta
1665 2828 1839 2877 tacent,
1867 2836 1916 2870 ut

1026 2870 1263 2914 videantur
1296 2873 1550 2916 consentire
1581 2891 1684 2921 cum
1719 2880 1918 2940 vulgato,

1027 2928 1148 2985 quod
1180 2937 1243 2970 est
1284 2940 1307 2969 a
1345 2927 1595 2975 Puteolano
1636 2935 1803 2982 editum
1847 2956 1914 2983 es·

1028 2992 1197 3041 statque
1218 2984 1265 3025 in
1289 2983 1389 3027 MS.
1407 2984 1561 3031 Guelf.

1082 3041 1197 3107 pap.
1223 3041 1290 3085 51.
1345 3058 1472 3097 spem
1505 3061 1561 3088 ae
1593 3057 1787 3093 metum.
1846 3052 1915 3096 Li«

1044 3113 1148 3140 »snus
1170 3098 1363 3142 coniecit
1383 3114 1466 3153 spe
1490 3117 1547 3144 oe
1567 3113 1721 3160 rnetu3
1747 3109 1914 3155 Acida-

1029 3116 1112 3199 lius
1135 3169 1263 3209 spem
1289 3157 1416 3199 inter
1431 3173 1488 3200 ac
1509 3168 1704 3205 metum.
1745 3164 1914 3212 Verum

1028 3213 1207 3270 vulgata
1229 3213 1474 3258 rectissime
1494 3230 1540 3259 se
1567 3216 1747 3266 babent.
1804 3223 1916 3270 Pro*

1030 3269 1225 3312 latabant
1247 3285 1372 3327 spem
1395 3287 1445 3314 ac
1470 3282 1642 3317 metum
1675 3276 1719 3321 h.
1739 3295 1778 3323 e.
1802 3296 1911 3340 pro-

1026 3327 1219 3368 latabant
1246 3328 1573 3374 exsecutionem
1598 3331 1664 3374 rei
1680 3335 1917 3387 meditatae

1028 3398 1081 3425 eo
1103 3381 1289 3431 effectu,
1322 3392 1368 3426 ut
1391 3392 1433 3426 et
1457 3400 1580 3442 spem
1603 3397 1647 3432 et
1667 3388 1837 3438 metum
1859 3398 1914 3440 si·

1028 3438 1122 3481 mul
1153 3438 1399 3483 differrent.
1461 3441 1570 3486 Mox
1594 3447 1663 3489 etit
1686 3449 1804 3507 Spir.
1826 3456 1912 3497 sea·-

1025 3498 1142 3538 scita
1165 3511 1246 3552 pro
1266 3498 1525 3549 scisdtata,
1568 3509 1610 3544 et
1632 3504 1792 3551 deinde
1823 3526 1912 3553 au·-

1027 3561 1119 3595 tem
1142 3569 1224 3609 pro
1246 3561 1385 3605 ante;
1414 3564 1709 3610 postremum
1730 3581 1811 3622 pro
1830 3581 1911 3622 ρυ-

1143 3611 1242 3670 Bb
1286 3617 1324 3671 2

1032 2300 1098 2343 vix
1141 2299 1346 2344 admittit.
