2164 3990
152 293 203 330 A.
221 293 276 329 U.
291 289 379 326 806.

154 338 208 373 A.
225 335 273 372 C.
318 334 383 375 6³.

612 287 786 350 mn.
827 286 967 350 ΧΠ.
1000 370 1005 377 ι
1039 283 1233 350 CAP.
1265 284 1369 348 53.

1800 285 1919 348 126

232 421 401 486 LIII.
467 418 631 480 Inter
657 439 808 496 quae
832 419 1088 477 refertur
1113 418 1189 475 ad
1209 427 1405 493 patres
1432 416 1507 474 de
1527 435 1717 493 poena
1746 417 1920 475 femi-

68 530 305 582 narum,
369 527 519 586 quae
576 505 757 562 servis
813 504 1344 578 coniungerentur,
1404 502 1796 578 statuiturque
1851 515 1920 561 ut

68 599 273 672 ignaro
297 594 539 653 domino
566 591 642 648 ad
669 590 733 646 id
755 589 1063 666 prolapsae
1094 588 1159 645 in
1193 587 1494 645 servitute:
1530 587 1634 643 vsin
1670 605 1920 645 consen-

67 683 259 751 sisset,
299 699 408 756 pro
445 676 672 734 libertis
702 671 1079 732 haberentur.

1174 671 1464 742 Pallanti,
1503 692 1682 749 quern
1715 693 1918 748 reper-

65 780 255 826 torem
283 765 408 823 eius
430 761 736 820 relationis
757 760 1021 818 ediderat
1044 756 1288 828 Caesar,
1328 756 1623 834 praetoria
1657 757 1916 832 insignia

122 987 234 1033 CAP.
267 986 336 1031 53.
407 986 530 1028 inter
563 999 697 1040 quae.
757 981 833 1027 Sic
855 979 954 1024 MS.

65 1045 216 1090 Guelf.
247 1044 352 1088 edd.
379 1043 499 1101 Spir.
532 1041 676 1084 Rhen.
698 1057 717 1084 s
753 1056 795 1098 q.
873 1040 955 1080 in-

63 1113 224 1160 terque
252 1102 353 1146 edd.
377 1101 481 1145 Put.
505 1098 572 1143 M.
594 1107 636 1142 et
650 1096 707 1141 V.
772 1096 955 1148 eroald„

63 1159 239 1219 vulgari
260 1159 389 1204 vitio.

119 1218 337 1273 refertur.
396 1214 479 1258 Ed.
511 1213 628 1270 Spir.
667 1211 826 1268 refert.
888 1209 952 1254 Ea

63 1275 195 1319 etiam
249 1273 438 1319 varietas
482 1269 702 1327 originem
748 1267 877 1311 traxit
925 1282 952 1310 e

62 1330 331 1389 compendio
405 1328 687 1384 scripturae:
760 1324 950 1381 referf'.

60 1388 228 1432 Eadem
258 1386 431 1431 ratione
461 1385 561 1428 edd.
593 1383 711 1441 Spir.
747 1381 851 1426 Put.
881 1383 949 1426 M.

61 1455 104 1490 et
123 1445 180 1489 V.
201 1443 410 1488 Beroald.
435 1443 495 1497 (c.
521 1440 667 1485 silent.
679 1439 820 1496 Vict.)
842 1438 947 1484 Alc.

59 1503 223 1548 habent
241 1503 494 1557 statuitque
514 1514 597 1556 pro
622 1501 950 1552 statuiturque,

91 1559 182 1605 uod
222 1574 445 1603 consensu
478 1557 578 1600 MS.
617 1555 768 1598 Guelf.
809 1554 950 1598 edidit

101 1617 203 1660 hen.
238 1631 337 1674 sqq.
375 1638 435 1648 —
503 1614 604 1657 MS.
643 1611 797 1655 Guelf.
844 1620 946 1655 ante

55 1688 215 1730 poena
236 1671 404 1715 omittit
428 1669 803 1730 praepositionem
824 1673 897 1711 de.

115 1739 167 1774 ut
209 1730 379 1783 ignaro
413 1731 603 1770 domino
635 1736 720 1770 etc.
798 1726 946 1768 Locus

57 1788 273 1833 varietate
320 1794 426 1832 vett.
471 1786 693 1827 librorum
742 1783 947 1840 insignis.

58 1845 159 1889 MS.
181 1844 217 1887 F
218 1844 301 1887 lor.
322 1851 421 1890 test.
442 1841 663 1885 Pichena:
697 1849 747 1883 ut
767 1844 794 1883 ι’.
814 1844 861 1885 d.
879 1842 947 1881 ad

56 1905 105 1946 id
121 1903 342 1957 prolapsa
362 1901 410 1942 in
428 1900 647 1942 servitute
667 1899 745 1941 sui
764 1911 947 1940 consen·

56 1961 216 2009 sisset,
268 1971 362 2011 pro
415 1957 593 1999 libertis
643 1957 944 1999 haberentur.

54 2017 216 2061 Iisdem
229 2013 374 2058 verbis
387 2013 489 2057 MS.
505 2012 614 2070 Reg.
628 2020 671 2055 et
684 2012 752 2055 ed.
766 2011 882 2070 Spir.
894 2035 945 2044 -—

53 2071 284 2116 Victorius
326 2072 596 2130 scripturam
630 2069 840 2113 Beroald.
878 2069 944 2112 in-

53 2139 216 2175 tactam
241 2127 436 2187 reliquit.
491 2126 729 2171 MS.Bud.
753 2142 858 2184 apr.
876 2142 940 2170 m.

49 2191 269 2245 prolapse
305 2186 354 2228 in
383 2185 607 2229 servitute
635 2185 710 2227 sin
744 2198 942 2227 consen..

52 2246 196 2289 sisset
220 2251 305 2287 etc.
333 2241 452 2286 unde
474 2256 568 2285 rec.
599 2257 664 2284 m.
696 2239 804 2285 fecit
823 2256 942 2295 pro-

53 2306 212 2357 lapsa,
243 2317 295 2343 ex
314 2301 411 2351 sin,
438 2300 515 2343 sui
531 2297 640 2342 etin
666 2297 869 2357 margine
892 2314 942 2342 ea

51 2358 222 2404 addidit
245 2364 290 2400 et
319 2359 401 2413 qui
425 2356 533 2399 nati
558 2362 730 2399 essent.
803 2354 940 2400 MSS.

52 2418 237 2460 Farnes.
263 2421 306 2456 et
326 2413 462 2456 Corb.
484 2420 533 2455 ut
553 2413 585 2455 ι’.
604 2416 652 2456 d.
675 2416 741 2455 ad
761 2412 812 2454 id
831 2426 942 2467 pro·

51 2477 209 2529 lapsa,
246 2473 296 2514 in
324 2471 572 2514 servitute:
607 2471 652 2512 si
674 2471 940 2512 consensis-

50 2538 144 2582 set,
181 2543 272 2584 pro
306 2528 476 2576 liberta
509 2527 781 2569 haberetur.
857 2525 940 2570 Ea·

52 2588 154 2632 dem
185 2585 380 2656 praefert
400 2583 504 2628 MS.
525 2584 663 2641 Agr„
699 2582 786 2626 nisi
816 2585 940 2641 quod

82 2662 135 2687 ro
155 2658 193 2687 sl
216 2642 346 2699 habet
367 2643 456 2685 sin.
515 2640 577 2683 At
600 2641 821 2683 auctiores
835 2649 940 2683 sunt

105 2701 188 2745 SS.
207 2700 332 2745 Harl.
355 2699 487 2742 Bodl.
510 2698 594 2742 tes.
620 2698 722 2740 edd.
745 2697 850 2740 Put.
867 2698 937 2740 M.

51 2767 95 2803 et
115 2757 172 2800 V.
203 2755 398 2800 Beroald
432 2755 534 2800 Alc.
570 2754 716 2798 Rhea.
750 2770 854 2812 sqq.
888 2762 940 2797 ut

52 2819 82 2860 i.
114 2819 160 2859 d.
194 2818 259 2858 ad
287 2815 335 2856 id
363 2816 615 2868 prolapsa.-
654 2813 703 2854 in
733 2813 937 2854 servitu-

51 2884 145 2918 tem
176 2873 252 2914 sui
278 2871 610 2913 consensisset:
649 2877 695 2911 et
723 2869 808 2925 qui
833 2870 940 2911 nati

51 2937 202 2975 essent
256 2943 345 2985 pro
404 2929 578 2970 liber-ns
637 2928 934 2969 haberentur.

48 2987 150 3031 MS.
192 2985 344 3029 Guelf.
376 2987 650 3041 statuiturq3
684 2991 736 3026 ut
770 2986 936 3038 ignaro

49 3045 238 3088 domino
259 3045 324 3084 ad
349 3043 397 3083 id
412 3044 641 3097 prolapsa
664 3040 756 3097 (hic
778 3056 933 3084 rasura

50 3111 94 3146 et
136 3100 384 3144 emendatio
423 3099 644 3142 secundae
682 3113 841 3140 manus
885 3098 933 3140 in

49 3158 218 3203 duabus
240 3155 564 3214 posterioribus
587 3156 712 3200 verbi
736 3154 932 3211 syllabis)

50 3217 100 3257 in
138 3215 407 3258 servitutem
447 3213 524 3254 sui
569 3212 903 3255 consensissent
918 3227 934 3254 .·

50 3280 95 3314 et
113 3277 153 3330 ᾳ
172 3273 280 3314 nati
300 3277 452 3314 essent
470 3284 560 3324 pro
583 3271 762 3311 libertis
785 3271 930 3311 habe-

51 3334 224 3371 rentur.
319 3326 337 3369 l
371 3327 460 3368 itur
498 3325 790 3384 Kiesslingius
834 3341 929 3368 non

50 3384 151 3427 satis
186 3394 305 3428 recte
337 3343 442 3426 {ixit
477 3384 610 3426 verba
642 3391 687 3424 et
717 3383 799 3439 qui
825 3383 933 3425 nati

52 3447 198 3483 essent
226 3442 374 3484 abesse
398 3457 421 3483 a
445 3440 639 3483 Msstis.
700 3440 793 3482 lam
816 3439 930 3482 Rhe-

50 3513 190 3540 nanus
241 3497 286 3539 in
339 3498 559 3556 castigatt.
615 3496 931 3538 emendaverat

49 3554 163 3596 duce
207 3554 307 3597 MS.
350 3554 461 3597 Bud.
512 3556 823 3609 statuiturque
879 3562 930 3595 ut

47 3611 214 3666 ignaro
238 3613 424 3654 domino
447 3614 511 3654 ad
533 3613 580 3654 id
597 3612 820 3666 prolapsa
834 3643 846 3663 ‚
883 3612 931 3653 in

1024 979 1242 1023 servitute
1255 993 1270 1021 .·
1297 979 1369 1022 sin
1389 980 1692 1023 consensisset
1705 1012 1717 1030 ,
1742 994 1832 1036 pro
1856 983 1913 1025 li-

1024 1038 1167 1079 bertis
1199 1038 1500 1081 haberentur.
1572 1037 1748 1096 Lipsius
1779 1039 1915 1082 male-

1025 1095 1099 1138 bat
1117 1091 1382 1150 scripturam
1396 1095 1495 1137 MS.
1509 1094 1694 1140 Farnes.
1715 1095 1915 1154 Ryckius

1025 1151 1162 1194 edidit
1198 1152 1336 1195 verba
1379 1151 1481 1195 MS.
1520 1152 1633 1208 Agr.
1708 1169 1816 1195 uum
1858 1154 1915 1197 ad

1025 1224 1130 1251 eum
1149 1206 1393 1251 duravisset
1411 1209 1526 1251 ratio
1536 1169 1792 1254 Puteoiani.
1825 1212 1915 1255 lac.

1024 1264 1264 1310 Gronovio
1298 1274 1481 1309 auctore
1501 1266 1685 1312 Ernest.
1707 1284 1807 1326 sqq.
1845 1284 1914 1311 re·

1024 1338 1185 1380 cepere
1228 1322 1360 1366 hodie
1403 1324 1650 1381 vulgatam.
1730 1325 1916 1370 Addita-

1020 1388 1249 1431 mentum,
1292 1386 1340 1422 et
1367 1383 1447 1436 qui
1475 1385 1581 1424 nati
1605 1391 1779 1436 essent,
1818 1398 1915 1427 esse

1020 1437 1221 1495 spurium
1248 1452 1346 1479 non
1374 1439 1518 1481 solum
1554 1447 1773 1484 testantur
1800 1441 1916 1497 opti·

1020 1493 1083 1536 mi
1110 1493 1303 1546 codices,
1336 1495 1410 1551 qui
1436 1495 1646 1553 ignorant
1668 1497 1806 1551 illud;
1833 1498 1915 1541 sed

1021 1552 1153 1594 etiam
1174 1551 1261 1595 loci
1288 1561 1541 1602 auctorum,
1565 1555 1639 1611 qui
1660 1555 1915 1613 posteriore

1018 1617 1225 1665 tempore
1249 1608 1357 1652 SCti
1377 1609 1608 1654 Claudiani
1633 1611 1764 1655 huius
1788 1628 1917 1656 men-⁴

1016 1665 1192 1709 tionem
1213 1665 1379 1709 fecere.
1434 1669 1493 1711 cf.
1518 1668 1644 1712 Paul.
1664 1669 1914 1716 Rec.sent.

1015 1724 1059 1772 2,
1093 1724 1166 1766 21.
1250 1722 1390 1766 Gaius
1435 1723 1602 1768 Institt.
1648 1729 1688 1775 1,
1724 1726 1797 1770 86.
1836 1728 1911 1773 91.

1016 1779 1163 1823 Nemo
1200 1780 1324 1822 enim
1359 1782 1605 1840 quidquam
1624 1782 1756 1827 habet
1778 1788 1837 1826 de
1857 1786 1914 1830 its

1016 1838 1098 1893 qui
1124 1838 1218 1878 tali
1248 1838 1464 1891 coniugio
1504 1843 1610 1882 nati
1640 1849 1789 1884 essent
1821 1849 1908 1887 etc.

1019 1895 1115 1938 Nec
1132 1893 1389 1946 Suetonius,
1419 1897 1494 1953 qui
1517 1896 1565 1939 in
1576 1896 1664 1941 Ves
1699 1915 1760 1942 as.
1779 1904 1823 1942 c.
1840 1900 1911 1944 11.

1016 1950 1180 1994 refert:
1226 1959 1392 1994 auctor
1422 1955 1612 2003 senatui
1624 1913 1729 2010 [Ειί
1749 1960 1913 2001 decer-

1013 2008 1180 2058 nendi,
1223 2015 1298 2056 ut,
1351 2024 1469 2065 quae
1499 2026 1548 2053 se
1578 2014 1738 2055 alieno
1773 2026 1910 2057 servo

1014 2067 1270 2113 iunxisset,
1308 2067 1484 2110 ancilla
1505 2070 1775 2115 haberetur.
1830 2069 1908 2114 Et-

1016 2122 1139 2165 enim
1162 2122 1461 2182 Vespasianus
1489 2134 1599 2170 tunc
1620 2127 1796 2172 videtur
1819 2137 1909 2173 ret-

1014 2178 1168 2223 tulisse
1211 2182 1356 2239 legem
1396 2180 1687 2228 Claudianam
1732 2194 1908 2244 tempo-

1012 2253 1116 2281 rum
1139 2238 1320 2281 licentia
1342 2239 1567 2283 abolitam.
1628 2241 1685 2287 A.
1699 2243 1908 2289 Moebius

1012 2294 1063 2337 in
1090 2294 1295 2338 biblioth.
1328 2296 1431 2339 crit.
1457 2297 1650 2343 Seebod.
1680 2316 1754 2345 an.
1777 2301 1904 2345 1821.

1013 2350 1095 2395 Nr.
1117 2353 1167 2403 9,
1208 2368 1252 2411 p.
1283 2353 1381 2397 817.
1415 2356 1691 2400 vocabulum
1727 2358 1908 2403 libertis

1014 2417 1158 2452 mutat
1190 2410 1237 2452 in
1266 2410 1441 2463 liberis,
1483 2428 1588 2455 cum
1616 2413 1830 2458 Gravina
1855 2416 1906 2461 in

1016 2465 1148 2522 Orig-
1181 2467 1267 2510 iur.
1300 2468 1390 2512 civ.
1428 2468 1483 2512 de
1515 2470 1651 2528 Legg.
1679 2487 1724 2514 n.
1750 2471 1822 2516 31.
1860 2483 1906 2518 et

1015 2524 1291 2577 Gundlingio
1322 2523 1370 2566 in
1408 2524 1757 2586 Gundlingianis
1789 2539 1904 2589 part.

1010 2580 1083 2623 36.
1143 2580 1235 2622 Sed
1269 2589 1456 2639 uterque
1486 2584 1569 2627 alia
1599 2586 1774 2629 ratione
1804 2603 1903 2631 eam

1012 2636 1308 2681 mutationem
1335 2655 1535 2692 suasere,
1565 2657 1728 2700 nempe
1750 2653 1798 2687 ut
1828 2644 1903 2688 de·

1008 2694 1246 2738 senderent
1268 2695 1421 2739 verba:
1453 2705 1498 2738 et
1519 2699 1601 2753 qui
1614 2703 1718 2743 nati
1734 2711 1902 2748 essent.

1011 2750 1191 2808 Quibus
1227 2752 1402 2795 abolitis
1433 2754 1557 2797 nulla
1589 2768 1789 2815 superest
1825 2776 1902 2803 ue-

1010 2809 1212 2858 cessitas,
1243 2825 1292 2850 ex
1315 2824 1401 2865 qua
1424 2812 1602 2855 libertis
1627 2823 1826 2860 mutetur
1852 2816 1901 2860 in

1008 2868 1177 2908 liberis.
1256 2867 1355 2908 Pro
1398 2868 1572 2912 libertis
1612 2873 1899 2917 haberentur

1006 2924 1052 2967 h.
1076 2938 1116 2966 e.
1150 2939 1202 2966 eo
1236 2922 1387 2966 vinclo
1414 2933 1676 2970 tenerentur
1710 2931 1897 2974 domino

1006 2981 1151 3029 servi,
1199 2996 1342 3038 eoque
1384 2989 1497 3024 statu
1533 2983 1579 3026 in
1612 2986 1749 3030 domo
1784 2989 1898 3031 eius·

1008 3038 1111 3080 dem
1140 3047 1399 3089 uterentur,
1435 3055 1525 3096 quo
1557 3040 1822 3088 libertorum
1845 3044 1896 3088 li-

1005 3096 1323 3160 bertarumque
1353 3110 1516 3152 genus3
1556 3099 1693 3157 igitur
1729 3100 1897 3146 liberae

1004 3153 1186 3251 quidem
1223 3162 1482 3218 manerent,
1523 3156 1713 3200 adnexae
1743 3166 1895 3203 tamen

1037 3224 1168 3258 omo,
1221 3225 1350 3253 culus
1387 3226 1515 3253 servo
1556 3229 1600 3255 se
1642 3215 1894 3271 iungerent.

1006 3265 1130 3321 Quid
1158 3267 1329 3309 multa?
1373 3265 1554 3311 Tacitus
1576 3286 1670 3313 non
1694 3273 1893 3330 scripsis-

1000 3331 1067 3367 set
1088 3339 1176 3377 pro
1203 3324 1360 3366 liberis
1387 3325 1695 3380 haberentur,
1733 3331 1808 3373 sed
1831 3332 1894 3373 li-

1000 3383 1139 3423 berae
1162 3382 1451 3422 haberentur
1482 3383 1548 3425 vel
1580 3395 1751 3438 essent,
1782 3403 1889 3430 ma-

1002 3445 1184 3480 nerent.
1244 3436 1360 3480 Nam
1390 3439 1566 3482 liberae
1594 3451 1743 3496 erant;
1781 3461 1890 3502 ergo

996 3510 1089 3550 pro
1113 3493 1265 3538 liberis
1287 3509 1383 3537 non
1406 3496 1625 3540 debebant
1647 3499 1815 3545 haberi.

1059 3551 1288 3595 ediderat.
1349 3551 1452 3595 MS.
1476 3551 1628 3599 Guelf.
1657 3559 1886 3605 ediderat.

1052 3611 1292 3666 praetoria
1324 3609 1546 3664 insigmia.
1627 3614 1699 3657 Ad
1741 3622 1887 3661 totum
