2164 3990
1763 240 1988 295 &1³2³ss-

1766 292 1818 327 A.
1836 289 1884 326 c.
1928 291 1974 325 ⁵5

225 249 345 312 156
889 205 1397 310 ANNALII'JM

213 391 450 458 pararet
482 401 559 438 an
595 391 662 438 ut
697 376 1109 436 aemulationis
1166 390 1460 455 suspectos
1502 400 1608 457 per
1650 400 1869 437 nomen
1911 380 2073 442 obsi*-

208 470 361 524 dum
406 477 731 535 amoveret,
792 463 972 521 tradit
1019 463 1420 522 nobilissimos
1458 486 1525 522 ex
1571 464 1798 522 familia
1835 465 2071 523 Arsaci-

213 554 444 612 darum.
488 539 493 550 ¹
541 551 874 626 accepitque
915 566 1015 603 eos
1057 551 1320 606 centurio
1357 549 1621 608 H'isteius
1657 552 1733 608 ab
1767 549 2070 608 Ummidio

210 637 426 694 missus
449 638 601 694 forte
626 636 824 710 priore
847 634 919 688 de
944 651 1115 688 causa
1139 634 1298 714 adito
1321 655 1473 709 rege.
1548 635 1728 708 Quod
1760 647 2070 712 postquam

207 720 545 781 Corbuloni
569 720 870 793 cognitum
893 728 978 773 est
995 763 1011 786 ‚
1053 717 1140 773 ire
1162 720 1518 792 praefectum
1546 717 1803 778 cohortis
1824 717 2071 777 Arrium

210 805 441 865 'Varum
464 819 520 865 et
541 806 865 880 reciperare
880 803 1114 859 obsides
1129 803 1309 862 iubet.
1361 801 1502 862 hinc
1517 817 1711 862 ortum
1726 807 1881 863 inter
1902 825 2072 881 prae-

208 894 429 950 fectum
456 903 513 948 et
534 889 939 947 centurionem
962 887 1220 960 iurgium
1243 908 1318 944 ne
1333 890 1556 946 diutius
1576 891 1826 948 externis
1849 902 2074 966 specta-

206 979 347 1043 culo
387 987 559 1046 esset,
609 975 919 1045 arbitrium
956 974 1044 1030 rei
1079 973 1387 1030 obsidibus
1426 975 1772 1051 legatisque,
1803 976 1930 1052 ‘qui
1974 995 2073 1031 eos

205 1065 533 1130 ducebant,
585 1060 954 1135 permissum.
1053 1069 1227 1134 atque
1258 1059 1349 1114 illi
1388 1060 1466 1115 ob
1501 1072 1790 1116 recentem
1815 1061 2072 1133 ⁵‘g‘lorim‘n

212 1161 272 1208 et
336 1147 723 1204 inclinatione
789 1146 1043 1222 quadam
1106 1144 1282 1199 etiam
1346 1141 1604 1201 hostium
1670 1135 2074 1202 Corbulonem

210 1234 558 1323 praetulere.
645 1229 819 1290 Unde
854 1230 1147 1287 discordia
1185 1230 1342 1286 inter
1366 1232 1573 1301 duceS‚
1619 1240 1900 1306 querente
1925 1220 2075 1287 Um2—

131 1942 134 1943 .
207 1902 332 1946 bitat.

207 1496 378 1543 modo,
407 1490 474 1533 uti
499 1497 563 1532 est
586 1487 632 1530 in
647 1487 747 1532 MS.
771 1487 881 1544 Reg.
953 1485 1107 1529 Victo-

204 1555 303 1603 rius
343 1550 555 1594 intactam
603 1545 785 1605 reliquit
838 1544 1105 1601 scripturam

212 1622 277 1656 ex
309 1621 457 1661 aequo
482 1606 646 1653 modo,
679 1619 791 1660 quae
817 1608 880 1644 est
903 1601 950 1642 in
970 1600 1105 1643 MSS.

210 1668 325 1714 Bud.
357 1661 482 1706 Harl.
520 1661 652 1704 Bodl.
692 1661 771 1702 les.
806 1658 960 1701 Guelf.
1004 1657 1105 1699 edd.

210 1728 316 1772 Put.
341 1721 410 1764 M.
447 1729 490 1763 et
515 1719 568 1763 V.
594 1717 799 1760 Ber-eald.
830 1716 931 1760 Ale.
964 1715 1107 1758 Rhen.

206 1800 311 1843 sqq.
336 1803 394 1814 -
443 1793 508 1821 ex
549 1792 664 1833 equo
705 1778 844 1816 modo
888 1774 957 1816 ed.
988 1771 1108 1830 Spir.

207 1840 356 1888 Hodie
388 1836 565 1893 vulgata
596 1850 688 1877 esse
724 1848 823 1875 vera
858 1848 994 1880 nemo
1029 1830 1107 1872 du-

395 1893 667 1953 Oppositum
692 1898 756 1933 est
787 1898 953 1931 contra
979 1903 1105 1930 com-

206 1959 408 2002 modum
439 1951 616 2006 aliquid
636 1949 807 2004 facere
843 1946 965 1989 Suet.
1000 1944 1107 1988 Oet.

129 2081 132 2085 .
212 2032 255 2061 c.
279 2013 350 2058 78.

273 2080 434 2129 tradit.
488 2078 593 2122 MS.
617 2074 773 2120 Guelf.
796 2074 1004 2116 tradidit.

273 2152 496 2199 HisteiuS.
582 2149 659 2192 Sic
693 2145 796 2190 MS.
830 2145 954 2187 Flor.
993 2145 1108 2198 (test.

210 2212 420 2266 Piehen.)
456 2207 557 2251 edd.
585 2204 764 2248 Pichen.
788 2200 885 2259 sqq.
959 2201 1109 2244 Victo-

208 2273 280 2318 rio
352 2268 570 2311 intactum
632 2261 794 2306 mansit
855 2259 1112 2309 Hister-ius,

210 2326 338 2390 quod
389 2333 456 2368 est
506 2323 552 2366 in
597 2317 734 2364 MSS.
789 2317 897 2374 Reg.
951 2315 1107 2358 Guelf.

208 2391 321 2446 Agr.
362 2381 489 2425 Harl.
536 2379 667 2422 Bodt.
715 2376 797 2419 [es.
842 2375 946 2417 edd.
990 2372 1110 2431 Spir.

214 2447 321 2490 Put.
358 2439 425 2484 Μ.
459 2446 499 2482 et
529 2437 587 2480 V.
626 2433 831 2477 Beroald.
873 2432 971 2475 Ate.
1070 2431 1112 2473 Α

210 2501 432 2560 scriptura
466 2493 643 2554 vulgata
676 2506 835 2550 parum
863 2490 986 2531 abest
1007 2487 1108 2530 Vat.

208 2556 375 2628 Lipsii,
438 2553 481 2596 ui
510 2552 583 2595 dat
606 2550 810 2593 Histius.
870 2546 1111 2612 Rhenanus

212 2617 354 2662 edidit
388 2570 637 2656 gestarius
681 2616 724 2650 et
761 2605 818 2648 ita
850 2603 958 2648 Ald.
992 2602 1110 2659 prs.

211 2674 399 2720 Gruter.
478 2666 678 2724 Ryckius
723 2662 992 2706 coniiciebat
1026 2661 1109 2701 In-

158 2762 162 2765 ·
210 2732 357 2781 steius
389 2744 413 2770 e
443 2743 482 2771 c.
507 2725 578 2769 89.
611 2720 734 2778 quod
773 2719 942 2775 recepit
973 2717 1112 2760 Lane-

212 2787 368 2835 mand.
427 2783 515 2827 Sed
542 2783 654 2826 haee
677 2778 826 2821 forma
849 2775 951 2819 satis
978 2775 1111 2817 dubia

211 2854 293 2895 est.
353 2841 500 2886 Paulo
537 2849 637 2883 ante
674 2852 756 2893 pro
787 2839 1034 2875 amoveret
1064 2831 1110 2872 in

211 2903 317 2949 edd.
353 2900 457 2944 Put.
488 2898 556 2942 M.
592 2905 636 2940 et
666 2895 723 2938 V.
765 2892 930 2951 legitur
971 2904 1111 2932 amo-

213 2967 365 3008 neret.

270 3046 330 3088 ab
355 3038 615 3086 Ummidio.
685 3035 768 3078 Ed.
798 3032 912 3089 Spir.
945 3046 984 3073 c.
1009 3025 1111 3072 MS.

214 3100 368 3146 Guelf.
401 3101 460 3141 ab
485 3095 741 3144 Humidi03
777 3089 883 3133 edd.
914 3088 1016 3130 Put.
1040 3087 1109 3128 M.

213 3169 257 3204 et
281 3159 338 3203 V.
370 3157 471 3200 Ber.
503 3155 602 3198 Alc.
630 3151 774 3195 Rhen.
808 3165 827 3190 s
894 3177 905 3189 .
941 3147 999 3187 ab
1029 3145 1112 3186 Vi-

215 3219 357 3267 nidio.
428 3213 487 3257 cf.
522 3220 627 3256 not.·
653 3209 708 3253 ad
742 3207 809 3255 12,
831 3162 903 3247 ἓξ.
935 3203 1009 3245 48.
1039 3201 1109 3243 54.

213 3274 383 3317 Eadem
404 3271 596 3317 varietas
618 3266 728 3311 infr.

271 3356 446 3410 priore.
506 3351 610 3398 MS.
639 3349 779 3393 vatic.
806 3347 931 3391 1958.
961 3343 1113 3398 prior.

214 3413 460 3470 Perperam
485 3411 693 3452 Muretus
727 3414 769 3449 et
798 3403 975 3463 Lipsius
1007 3417 1114 3444 con-

217 3472 389 3515 iecere:
437 3467 569 3521 prior
602 3481 659 3507 ea
687 3467 745 3509 de
778 3477 947 3513 causa,
991 3459 1116 3515 quod

218 3518 534 3574 ediderePieh.
557 3538 657 3580 sqq.
690 3521 902 3564 Veterem
925 3520 1115 3577 scriptu·

219 3601 317 3639 ram
339 3581 578 3628 restituere
602 3579 700 3637 Bip.
721 3577 881 3622 Oberl.
908 3592 1009 3636 sqq.

1238 1486 1389 1529 adico.
1451 1484 1554 1528 MS.
1577 1483 1729 1529 Guetf.
1755 1484 1937 1528 addito.

1236 1557 1429 1599 Arrium
1444 1557 1647 1598 Varum.
1673 1603 1677 1609 ‚
1723 1555 1802 1600 Sic.
1818 1555 1924 1608 2MS.
1945 1553 2071 1606 Flor.

1179 1614 1297 1668 (test.
1325 1614 1484 1665 vien).
1545 1615 1739 1655 Arrium
1766 1613 1975 1655 Vorrum
2003 1613 2072 1657 ed.

1181 1672 1211 1714 S
1229 1671 1298 1713 ›ir.
1319 1700 1377 1706 —-
1414 1672 1591 1713 Anium
1616 1672 1826 1712 Varrum
1847 1671 1949 1714 edd.
1971 1670 2073 1714 Put.

1180 1689 1250 1772 Bi.
1285 1738 1327 1772 et
1354 1728 1408 1770 V.
1444 1728 1651 1770 Beroald.
1688 1728 1790 1770 Alc.
1863 1728 2073 1770 Annium

1184 1787 1236 1828 V
1229 1802 1394 1829 arrum
1418 1784 1519 1827 MS.
1546 1784 1699 1828 Guelf.
1752 1782 2074 1828 'Veram'seri-

1180 1852 1358 1902 pturam
1383 1843 1576 1886 restituit
1599 1842 1856 1886 Rhenanus.

1238 1916 1518 1968 reciperare.
1574 1913 1650 1955 Sic
1662 1912 1794 1956 MSS.
1807 1914 1934 1957 Flor.
1959 1916 2074 1970 (test.

1182 1971 1298 2015 vict.
1322 1988 1361 2015 c.
1387 1970 1530 2026 Pich.)
1554 1969 1654 2012 Vat.
1680 1971 1793 2024 (test.
1811 1970 1954 2030 Lips.)
1976 1974 2074 2017 edd.

1179 2029 1306 2072 Pich.
1332 2045 1429 2086 sqq.
1457 2056 1516 2064 -
1562 2042 1842 2079 recuperare
1866 2029 2072 2098 ed-Srir.

1181 2112 1239 2119 —
1269 2087 1474 2141 recipere
1490 2085 1625 2128 MSS.
1642 2084 1791 2128 Guelf.
1805 2085 1928 2129 Harl.
1943 2086 2076 2131 Bodl-

1182 2146 1263 2188 les.
1301 2144 1403 2188 edd.
1440 2143 1542 2186 l‘ut.
1578 2142 1645 2185 M.
1676 2152 1717 2186 et
1744 2143 1801 2185 V.
1835 2144 1938 2187 Ber.
1971 2145 2073 2190 Mc.

1184 2201 1330 2246 Rhen.
1354 2217 1453 2258 sqq.

1241 2289 1297 2315 ne
1319 2274 1503 2314 diutius.
1564 2270 1641 2314 Sic
1660 2269 1796 2314 MSS.
1814 2270 1934 2316 Flor.
1960 2274 2076 2322 (test.

1182 2330 1301 2374 Vict.
1322 2346 1362 2374 c.
1389 2329 1463 2386 al.)
1494 2329 1614 2383 Bud.
1642 2328 1746 2396 edd.
1774 2329 1895 2386 Spir.
1929 2329 2075 2375 Rhen.

1183 2405 1281 2487 sq3q.
1349 2391 1475 2443 qnod
1508 2402 1566 2428 ne
1597 2389 1774 2427 dtuttus
1799 2386 1900 2430 MS.
1922 2386 2075 2432 Guels.

1184 2444 1452 2547 ἓθιῐῖῗὶλῗοῗ.
1488 2446 1567 2498 m.)
1599 2443 1701 2487 edd.
1730 2443 1832 2488 put.
1856 2444 1924 2489 M.
1956 2455 1997 2490 et
2019 2446 2075 2488 V.

1244 2574 1506 2627 spectaculo
1531 2578 1660 2613 esset.
1691 2571 1791 2618 JMS.
1814 2573 1924 2629 Agr.
1935 2582 2075 2627 spect.

1183 2637 1360 2680 essent,
1399 2629 1517 2671 haud
1544 2628 1694 2685 inepte
1726 2638 1897 2686 puncto
1931 2632 2077 2689 posito

1183 2696 1284 2730 ante
1308 2702 1368 2728 ne
1386 2687 1572 2727 diutius.

1214 2759 1294 2856 bob
1323 2764 1576 2799 recentem.
1635 2754 1722 2800 Ed.
1756 2755 1877 2815 Spir.
1912 2758 2078 2802 omittit

1182 2831 1210 2856 ο
1243 2847 1254 2858 .

1242 2892 1285 2927 et
1331 2885 1635 2927 inclinatione
1684 2887 1909 2941 quadam.
2002 2886 2079 2934 Sic

1184 2942 1287 2987 edd.
1331 2950 1519 2984 recentt.
1553 2942 1658 2984 inde
1692 2958 1715 2984 a
1749 2942 1882 2999 Lipsii
1917 2943 2077 3001 prima.

1186 3008 1230 3042 et
1272 3000 1629 3042 inclinationem
1669 3003 1909 3055 quandam
1943 3001 2077 3044 MSS.

1184 3057 1300 3100 Bud.
1328 3056 1481 3099 Guels.
1507 3057 1606 3099 edd.
1632 3057 1734 3099 Put.
1758 3058 1825 3100 M.
1850 3065 1894 3100 et
1915 3058 1970 3100 V.
1997 3058 2077 3100 Be-

1184 3114 1329 3158 roald.
1364 3115 1421 3168 (e.
1455 3115 1601 3157 silent.
1628 3114 1774 3169 Vict.)
1810 3113 1909 3157 Ate.
1932 3114 2076 3158 Rhen.

1183 3172 1287 3215 Ald.
1351 3174 1409 3213 At
1443 3171 1512 3214 ed.
1543 3171 1660 3228 Spir.
1697 3179 1743 3214 et
1773 3172 2079 3214 inclinatione

1187 3231 1427 3286 quadrati.
1490 3228 1683 3289 Recepta
1715 3229 1933 3286 scriptura
1966 3230 2079 3272 bene

1185 3287 1395 3331 convenit
1427 3286 1614 3339 Tacito,
1665 3288 1739 3343 qui
1773 3286 1820 3327 in
1855 3285 2078 3329 eiusmodi

1186 3343 1300 3387 locis
1326 3343 1462 3387 variat
1491 3345 1894 3388 constructionem.
1955 3344 2014 3387 cf.
2044 3346 2080 3395 1,

1186 3400 1227 3444 3.
1247 3415 1336 3455 per
1358 3402 1579 3443 uxorium
1610 3402 1833 3444 mnbitum
1868 3407 1912 3441 et
1942 3402 2080 3443 senili

1186 3461 1435 3514 adoptione
1447 3476 1462 3510 ,·
1505 3460 1541 3507 l,
1565 3459 1609 3501 7.
1632 3465 1740 3501 astu
1762 3458 1915 3512 magis
1939 3473 2079 3514 quam

1183 3530 1273 3571 per
1303 3516 1631 3573 formidinem.
1723 3513 1782 3557 cf.
1818 3524 1913 3559 not.
1950 3515 2004 3558 ad
2037 3516 2079 3566 2,

1187 3573 1260 3616 ⁷0.
1323 3573 1432 3618 Mox
1457 3571 1610 3617 Guelf.
1635 3572 1799 3617 omittit
1821 3574 1980 3616 etiam.
