2164 3990
1935 73 1940 84 ι
1972 60 1995 87 ἱ

1777 261 1835 344 Ξὲῖ
1852 261 2008 343 ἕῑθὲξῑ

231 268 359 343 212
905 257 1423 332 ANNALuJM

233 407 393 469 tegre
440 404 751 470 sancteque
806 392 950 464 egit,
1023 411 1238 467 procax
1280 393 1390 452 otii
1432 405 1490 454 et
1530 395 1833 472 potestatis
1873 402 2100 475 tempe-'-

236 479 482 545 rantior.

320 568 323 573 ⁵
406 576 657 638 XLVII.
723 574 1022 632 Hactenus
1059 573 1218 632 Nero
1255 577 1492 651 flagitiis
1531 589 1588 635 et
1637 579 1954 638 sceleribus
1997 603 2101 639 ve-

236 669 494 724 lamenta
531 661 835 740 quaesivit.
922 662 1288 736 suspectabat
1311 663 1562 719 maxime
1587 660 1935 723 Cornelium
1962 665 2103 724 Sul-

237 754 390 821 lam,
431 769 628 806 socors
659 745 965 819 ingenium
992 746 1116 802 eius
1159 746 1226 801 in
1266 748 1624 805 contrarium
1659 747 1902 808 trahens
1938 752 2105 808 calli-

237 840 497 913 dumque
535 846 591 890 et
626 832 1029 888 simulatorem
1071 832 1537 908 interpretando.
1626 833 1834 907 Quem
1878 848 2103 894 metum

241 922 505 997 Graptus
543 940 612 975 ex
645 917 875 973 libertis
898 915 1163 975 Caesaris
1181 937 1295 974 usu
1321 929 1377 974 et
1403 930 1630 975 senecta
1652 918 1898 979 Tiberio
1925 923 2101 980 abus-

241 1028 355 1086 que
390 1008 635 1062 domum
671 1003 1011 1078 principum
1048 1003 1286 1059 edoctus
1329 1002 1433 1059 tali
1477 998 1783 1062 mendacio
1828 1007 2105 1067 intendit.

242 1112 395 1169 pons
418 1089 687 1147 Mulvius
714 1088 779 1143 in
808 1108 874 1144 eo
900 1099 1164 1163 tempore
1192 1087 1438 1144 celebris
1462 1090 1771 1146 nocturnis
1793 1091 2105 1150 inlecebris

245 1189 368 1235 erat
396 1175 839 1249 ventitabatque
876 1173 1019 1230 illue
1042 1172 1230 1243 Nero,
1272 1195 1389 1250 quo
1426 1174 1674 1230 solutius
1708 1177 1919 1232 urbem
1945 1189 2107 1234 extra

245 1261 555 1323 lasciviret.
644 1259 825 1332 igitur
846 1259 1204 1333 regredienti
1231 1279 1339 1334 per
1372 1257 1532 1314 viam
1553 1258 1911 1318 Flaminiam
1945 1282 2108 1320 com-

242 1348 462 1424 positas
488 1344 734 1400 insidias
755 1345 995 1420 fatoque
1024 1344 1292 1413 evitataS‚
1330 1344 1612 1421 quoniam
1636 1346 1869 1403 diverso
1895 1347 2106 1405 itinere

242 1431 635 1492 Sallustianos
661 1430 727 1485 in
747 1425 952 1486 hortos
974 1430 1348 1499 remeaverit,
1391 1441 1805 1507 auctoremque
1831 1432 1956 1489 eius
1982 1434 2108 1490 doli

249 1518 481 1576 Sullam
504 1515 838 1584 ementitur,
872 1514 1011 1591 quia
1039 1515 1190 1571 forte
1214 1515 1600 1571 redeuntibus
1627 1516 1916 1574 ministris
1938 1519 2109 1594 prin-

247 1604 396 1679 cipis
430 1602 675 1679 quidam
702 1621 807 1676 per
831 1599 1152 1657 iuvenilem
1178 1599 1476 1683 licentiam
1493 1645 1509 1669 ,
1550 1621 1699 1677 quae
1726 1611 1867 1659 tunc
1891 1603 2109 1678 passim

245 1689 656 1756 exercebatur,
701 1687 942 1742 inanem
973 1696 1198 1742 metum
1227 1686 1502 1745 fecerant.
1587 1699 1778 1763 neque
1805 1707 2110 1745 servorum

301 1934 489 1978 procax
513 1918 599 1960 otii
616 1925 702 1961 etc.
754 1916 946 1959 Brevius
971 1915 1143 1959 dictum
1216 1916 1384 1957 solitas
1412 1916 1706 1958 adulationes
1732 1919 1963 1963 edoctum.
2019 1917 2108 1962 An.

249 1988 294 2022 et
316 1975 600 2034 ἐπιφώνημα
638 1976 691 2017 ad
722 1974 1064 2032 praecedentem
1090 1974 1144 2015 de
1215 1972 1257 2023 4,
1282 1973 1351 2014 50.
1384 1974 1477 2015 vim
1512 1981 1556 2016 et
1591 1977 1887 2017 clementiam
1924 1977 2108 2020 Roma-

249 2036 435 2080 Othone
458 2049 715 2077 sermonem
740 2039 961 2088 spectans.
1022 2030 1145 2073 Ube-
1216 2045 1333 2072 nam
1355 2033 1558 2074 edoctus,

248 2094 344 2137 rius
368 2093 531 2135 Noster
561 2090 787 2132 dixissen*
810 2096 856 2130 ut
888 2088 949 2132 ita
980 2103 1147 2145 procax

251 2152 358 2203 otii,
399 2149 626 2208 potestatis
651 2154 800 2190 autem
823 2145 1148 2204 temperantior

249 2208 385 2252 fnisse
420 2206 641 2253 videatur.
707 2202 863 2245 Otium
904 2203 1055 2261 accipe
1090 2201 1144 2243 de

250 2276 458 2326 tempore
482 2263 600 2308 vitae
623 2261 718 2305 sine
739 2268 956 2319 potestate
982 2267 1097 2303 acto.

306 2336 568 2392 potestatis.
648 2329 750 2375 MS.
781 2329 921 2374 Corb.
955 2338 1000 2374 et
1032 2329 1148 2372 liber

285 2392 526 2437 ontificalis
555 2389 673 2446 (MS.
700 2389 816 2445 Vat.)
852 2405 875 2431 a
904 2385 1146 2431 Vertranio

251 2411 457 2496 faudams
500 2449 743 2503 egestatis,
801 2445 927 2505 quod
968 2445 1023 2489 ab
1059 2444 1148 2488 hoc

254 2509 359 2553 loco
385 2507 582 2551 alienum
607 2515 685 2549 est.
848 2521 855 2530 ¹

310 2579 666 2634 temperantior.
757 2574 860 2618 MS.
907 2573 1032 2617 Harl.
1075 2573 1144 2627 ed.

254 2637 374 2696 Spir.
400 2636 715 2690 temperatior.
776 2633 877 2676 MS.
894 2631 1006 2689 Agr.
1028 2639 1147 2674 tem-

250 2701 469 2750 perator.

313 2778 427 2822 CAP.
448 2774 520 2819 47.
567 2773 770 2831 flagitiis
807 2779 853 2815 et
883 2773 1146 2815 sceleribus.

252 2834 335 2878 Ed.
363 2833 479 2892 Spir.
502 2833 747 2875 sceleribus
768 2829 1039 2894 etflagitz'zsss.

311 2904 494 2948 Tiberio
533 2905 753 2957 abusque.
844 2900 980 2946 MSS.
1021 2900 1145 2943 Flor.

253 2963 382 3018 (test.
420 2962 538 3005 Vict.
575 2975 681 3003 cum
713 2961 798 3012 al.)
838 2958 983 3002 Vatic.
1019 2959 1146 3013 (test.

252 3019 405 3078 Lipsio
454 3018 572 3061 Bud.
593 3018 700 3074 Agr.
730 3017 868 3062 Corb.
892 3014 1042 3058 Guelf.
1072 3016 1144 3059 ed.

254 3077 376 3136 Spir.
436 3077 573 3119 iberia
594 3089 685 3116 avo
712 3089 881 3130 usque,
908 3080 1012 3173 gost
1036 3088 1147 3130 quae

254 3135 393 3180 verba
424 3133 561 3176 MSS.
592 3131 742 3174 Guelf.
768 3134 878 3189 Agr.
949 3130 1045 3173 orb.
1074 3130 1145 3172 ed.

255 3192 286 3234 S
320 3192 372 3234 ir.
395 3191 568 3235 addunt
589 3182 653 3231 ὶιά
670 3199 773 3232 ante
796 3194 1017 3237 domium·
1045 3186 1145 3230 MS.

255 3249 292 3290 F
313 3264 381 3290 or.
410 3247 522 3291 illud
553 3250 618 3289 ad
648 3247 840 3304 ignorat.
908 3244 1021 3288 Edd.
1045 3244 1146 3287 Put.

256 3305 322 3347 M.
347 3313 389 3347 et
413 3306 469 3346 V.
505 3304 715 3346 Beroald.
744 3304 848 3347 Alc.
882 3301 1025 3345 Rhen.
1046 3317 1146 3359 sqq.

254 3378 292 3404 av
309 3361 489 3404 Tiberio
516 3361 639 3416 (Put.
665 3361 879 3416 Tyberio)
903 3374 1044 3415 usque
1061 3363 1146 3401 do-

255 3434 405 3462 mum.
462 3419 635 3476 Lipsius
661 3418 915 3461 felicissime
939 3416 1146 3459 emenda-

255 3476 340 3519 vitz
367 3476 572 3531 abusque
595 3484 636 3518 et
656 3477 718 3518 sic
742 3475 843 3518 edd.
862 3472 1022 3518 Oberl.
1047 3489 1147 3532 sqq.

255 3531 317 3577 cf.
347 3533 412 3584 15,
433 3532 506 3575 37.
541 3533 726 3574 Oceano
756 3533 975 3588 abusque.
1037 3531 1143 3574 Do-

251 3606 383 3633 mum
423 3604 498 3642 pr.
543 3592 726 3631 edoctus
767 3598 816 3632 ut
851 3588 964 3633 Hist.
994 3589 1036 3638 2,
1069 3589 1142 3635 90.

1271 2102 1392 2142 pons
1416 2087 1635 2131 Mulvius.
1702 2088 1780 2133 Sic
1803 2090 1904 2134 edd.
1930 2090 2108 2135 Ernest.

1221 2142 1378 2187 Oberl.
1415 2161 1463 2201 sq
1502 2177 1512 2186 .
1554 2163 1688 2204 quam
1720 2147 1986 2206 scripturam
2033 2165 2109 2199 νβ·

1216 2218 1314 2244 ram
1347 2217 1441 2244 esse
1505 2203 1626 2246 ocuit
1653 2205 1832 2249 Cortius
1859 2206 1914 2249 ad
1933 2206 2111 2251 Sallust.

1218 2258 1314 2302 Cat.
1344 2275 1382 2302 c.
1405 2259 1477 2302 45.
1558 2260 1695 2305 MSS.
1718 2260 1841 2306 Harl.
1864 2262 1997 2307 Bodl.
2024 2264 2108 2307 les.

1218 2316 1372 2359 Guelf.
1397 2316 1501 2359 edd.
1520 2327 1622 2361 vett.
1640 2333 1693 2373 p.
1709 2321 1905 2364 milvius.
1965 2320 2111 2365 Ober-

1220 2373 1339 2417 linus
1374 2374 1487 2419 mira
1521 2375 1820 2421 inconstantia
1851 2393 1978 2423 nunc
2002 2378 2109 2423 Mil-

1219 2433 1365 2480 vium,
1394 2439 1518 2476 nunc
1531 2432 1757 2476 Mulvium
1780 2435 1950 2479 scribit.
2009 2436 2112 2480 MS,

1218 2489 1344 2531 Flor.
1380 2489 1495 2544 (test.
1530 2489 1649 2534 Vict.
1682 2507 1722 2535 c.
1754 2491 1841 2545 lac.
1878 2491 2110 2548 Gronov.)

1219 2548 1443 2588 mulvium
1496 2547 1672 2591 raefert.
1726 2548 1783 2592 cf.
1808 2558 1904 2594 not.
1930 2551 2111 2597 adHist.

1219 2605 1260 2656 2,
1286 2604 1356 2646 89.
1389 2603 1430 2655 3,
1481 2605 1524 2648 2.
1585 2605 1663 2648 Sic
1688 2613 1730 2648 et
1756 2606 1857 2650 MS.
1884 2607 1994 2667 Agr.

1277 2663 1326 2703 in
1358 2676 1412 2702 eo
1445 2669 1670 2717 tempore.
1738 2662 1840 2708 MS.
1878 2664 2032 2712 Guelf.
2060 2667 2111 2710 in

1220 2720 1298 2761 illo
1326 2726 1551 2772 tempore.

1277 2776 1638 2832 ventitabatque.
1700 2776 1783 2822 Ed.
1796 2777 1915 2838 Spir.
1947 2788 1989 2825 et
2005 2779 2109 2827 MS.

1216 2831 1360 2876 Vatic.
1378 2833 1671 2889 vitabatque.
1720 2835 1890 2880 Eadem
1904 2837 1976 2881 ed.
1989 2838 2110 2898 Spir-

1217 2906 1320 2933 mox
1357 2893 1535 2934 solutus
1574 2908 1660 2950 pro
1697 2895 1893 2937 solutius
1903 2912 1920 2947 ;
1969 2904 2111 2940 extra

1219 2949 1383 2990 urbem
1406 2964 1490 3003 pro
1516 2953 1677 2992 urbem
1699 2960 1860 2995 extra.
1930 2995 1936 3001 ,
1973 2989 1983 2999 .

1277 3004 1583 3050 Flaminiam.
1665 3008 1798 3052 MSS.
1829 3007 1957 3054 Flor.
1992 3011 2110 3067 (test.

1217 3060 1259 3100 V
1262 3061 1356 3117 ict.)
1382 3061 1533 3107 Guelf.
1544 3063 1833 3119 flamineam
1846 3083 1862 3118 ,·
1895 3067 1965 3112 ed.
1989 3068 2111 3128 Spir-

1219 3119 1364 3220 3Laffi
1389 3121 1728 3222 {lffingvleamz
1783 3123 1952 3223 Fiadem
2002 3142 2110 3170 cum

1360 3212 1372 3222 .
1424 3196 1453 3221 a
1475 3194 1528 3222 us
1551 3195 1685 3223 tanos
1709 3200 1722 3221 ι
1748 3196 1804 3222 οι·
1827 3197 1890 3226 os.

1274 3234 1476 3280 Sullam.
1536 3237 1612 3280 Sic
1625 3236 1725 3281 MS.
1738 3237 1860 3284 Flor.
1883 3238 2109 3284 test.Vicf.

1216 3320 1275 3327 -
1296 3293 1466 3337 Sillam
1488 3294 1687 3352 ed.Spir.
1713 3319 1771 3328 —
1812 3296 1994 3351 Syllam
2006 3297 2108 3343 MS.

1219 3348 1370 3393 Guelf.
1399 3351 1498 3394 edd.
1523 3351 1625 3396 Put.
1654 3353 1720 3395 Μ.
1744 3360 1785 3396 et
1801 3352 1855 3395 V.
1880 3353 1984 3398 Ber.
2003 3355 2107 3400 Al'c.

1218 3406 1363 3451 Rhea.
1388 3424 1487 3465 sqq.

1273 3479 1532 3523 iuvenilem.
1587 3479 1686 3522 MS.
1701 3479 1822 3524 Flor.
1851 3481 2106 3541 (tesbvict.)

1215 3535 1502 3585 iuvenalem,
1537 3539 1656 3594 quod
1688 3553 1778 3580 non
1802 3541 2106 3595 spernendum

1216 3599 1298 3634 est.
