2164 3990
1755 167 1808 210 A.
1819 168 1876 208 U.
1885 169 1969 204 818.

1755 212 1811 247 A.
1829 210 1878 247 C.
1902 212 1973 254 265.

827 252 829 255 ³
881 152 1387 229 ANNALNJ'M

375 299 566 360 XLII.
651 297 931 357 Ceterum
994 295 1155 355 Nero
1226 318 1369 357 usus
1437 311 1522 357 est
1585 300 1808 377 patriae
1874 305 2064 363 ruinis

206 387 603 464 exstruxitque
655 387 901 442 domum
919 428 938 453 ,
1010 382 1076 438 in
1129 403 1247 460 qua
1299 381 1463 443 haud
1516 387 1764 462 perinde
1807 408 2068 463 gemmae

207 485 265 530 et
292 492 518 532 *aurum
559 470 845 527 miraculo
894 479 1115 537 essent,
1170 469 1350 526 solita>
1380 471 1613 545 pridem
1656 483 1714 528 et
1746 474 1894 532 luxu
1933 476 2070 533 vul-

208 569 368 633 gata,
436 577 613 634 quam
658 574 795 611 arva
841 565 898 611 et
943 564 1149 626 stagna
1194 565 1252 611 et
1286 554 1353 610 in
1393 554 1636 614 modum
1679 558 2070 618 solitudinum

205 641 350 700 hinc
391 643 571 699 silvae
612 640 751 695 inde
785 650 983 714 aperta
1026 638 1211 713 spatia
1256 650 1312 696 et
1351 653 1722 717 prospectuS,
1779 645 2071 718 magistris

209 740 266 786 et
308 723 814 785 machinatoribus
854 723 1073 782 Severo
1120 734 1176 781 et
1211 721 1449 794 Celere,
1505 727 1721 802 quibus
1762 729 2071 804 ingenium

212 825 270 872 et
323 811 566 870 audacia
620 821 745 866 erat
798 810 975 866 etiam
1031 829 1180 885 quae
1238 821 1451 866 natura
1503 812 1903 886 denegavisset
1963 836 2071 891 per

206 910 394 957 artem
445 907 672 954 tentare
723 906 780 952 et
825 894 1056 951 viribus
1091 894 1379 970 principis
1417 895 1707 958 inludere.
1816 920 2071 977 namque

207 985 283 1042 ab
319 985 452 1039 lacu
484 981 725 1038 Averno
761 979 1160 1054 navigabilem
1191 981 1407 1037 fossam
1443 1000 1630 1058 usque
1665 983 1740 1039 ad
1775 985 1926 1042 ostia
1958 984 2071 1042 Ti-

206 1069 415 1127 berina
451 1068 831 1142 depressuros
868 1065 1263 1142 promiserant
1294 1067 1806 1142 squalenti'litore.
1831 1081 1933 1127 aut
1963 1090 2071 1145 per

205 1165 439 1211 montes
477 1154 771 1211 adversos,
858 1171 1048 1228 neque
1088 1151 1247 1207 enim
1283 1151 1448 1208 aliud
1480 1148 1796 1210 humidum
1821 1155 2070 1229 gignen-

209 1240 300 1296 dis
353 1238 522 1315 aquis
573 1237 829 1294 occurrit
887 1256 1066 1313 quam
1116 1235 1467 1312 Pomptinae
1529 1239 1802 1313 paludes:
1884 1251 2074 1315 cetera

207 1326 460 1400 abrupta
486 1335 587 1380 aut
619 1323 875 1392 arentia,
919 1343 985 1378 ac
1022 1322 1072 1376 si
1105 1322 1410 1398 perrumpi
1444 1336 1708 1398 possent,
1748 1325 2075 1382 intoleran-
2143 1396 2150 1405 ·

210 1413 321 1467 dus
344 1410 516 1466 labor
537 1429 646 1464 nec
675 1408 813 1464 satis
839 1427 1072 1466 causae.
1159 1406 1317 1463 Nero
1354 1420 1584 1479 tamen,
1626 1422 1694 1466 ut
1725 1421 1849 1467 erat
1880 1410 2074 1468 incre-

209 1495 491 1553 dibilium
538 1493 798 1569 cupitor,
870 1493 1123 1549 effodere
1167 1492 1436 1567 proxima
1471 1489 1712 1551 Averno
1750 1497 1886 1570 iuga
1931 1516 2073 1553 con-

142 1575 150 1591 '
208 1581 386 1639 nixus
413 1592 526 1650 est,
569 1591 930 1655 manentque
955 1577 1199 1651 vestigia
1225 1578 1440 1636 inritae
1463 1579 1603 1654 spei.
1950 1600 1951 1603 ¹

182 139 328 236 '376

1238 1842 1436 1877 teneare.
1496 1832 1633 1877 MSS.
1657 1831 1781 1878 Flor.
1801 1834 2054 1891 (test.Vict.

1180 1893 1291 1951 Agr.
1336 1892 1407 1935 ed.
1443 1890 1561 1949 Spir.
1603 1898 1878 1948 temperare.
1946 1894 2040 1938 Hau

1180 1951 1343 2006 inepte.
1371 1975 1431 1986 --
1478 1957 1708 2003 temptare
1733 1949 1832 1993 edd.
1853 1950 1956 1995 Put.
1970 1952 2073 1996 Ber.

1180 2016 1223 2050 et
1245 2008 1349 2052 Alc.
1372 2031 1429 2041 -
1462 2013 1649 2048 tentare
1669 2007 1770 2050 MS.
1786 2006 1938 2052 Guelf.
1966 2010 2070 2053 edd.

1179 2064 1382 2107 Rhenan.
1408 2078 1503 2121 sqq.
1574 2063 1645 2106 De
1667 2064 1765 2108 aliis
1792 2065 1918 2110 libris
1942 2067 2075 2110 silen-

209 1833 453 1878 Rationem
486 1851 596 1880 vero
630 1852 724 1878 non
757 1842 966 1899 constare
999 1833 1134 1877 vidit-

208 1891 409 1951 Lipsius:
468 1893 638 1936 scilicet
687 1910 757 1938 ex*
785 1902 944 1935 nostro
996 1892 1108 1936 haec

213 1950 506 2007 computandi
522 1951 677 1994 modo.
737 1949 798 1993 At
820 1949 883 1993 illi
905 1967 927 1993 a
953 1959 1107 1993 nostra

211 2005 403 2050 alienam
436 2007 554 2049 haud
587 2007 721 2050 dubie
748 2007 949 2050 inierunt
972 2006 1108 2049 ratio-

212 2079 347 2115 nem,
387 2063 483 2108 sive
515 2063 756 2108 Gallorum
796 2064 1107 2121 inruptionem

213 2121 270 2164 ad
313 2120 434 2165 aliud
475 2130 651 2179 tempus
683 2120 966 2171 distulerint,
1016 2120 1110 2164 sive

212 2179 337 2223 urbis
363 2178 585 2236 originem
608 2178 654 2221 in
680 2179 898 2225 altiorem*
917 2176 1110 2235 antiqui-

212 2243 350 2280 tatem
389 2235 660 2279 reduxerint.
747 2235 929 2279 Tacitus
979 2235 1109 2279 istam

214 2309 370 2338 curam
406 2292 522 2336 ridet
559 2301 609 2335 ut
642 2309 822 2339 vanam.
896 2294 994 2336 Nec
1026 2293 1110 2335 du-

211 2350 339 2394 bium
371 2350 498 2402 illos,
541 2350 601 2394 uti
625 2350 697 2402 fit,
734 2351 781 2393 in
807 2349 970 2394 talibus
992 2349 1111 2393 curis

213 2423 285 2452 res
326 2407 381 2451 ad
428 2424 561 2451 suum
594 2408 833 2451 arbitrium
869 2408 1113 2459 ordinasse,

214 2475 266 2509 ut
305 2466 422 2510 ratio
467 2473 717 2514 constaret,
766 2466 969 2522 neglecta
1038 2481 1112 2508 au-

212 2524 310 2567 lum
335 2523 534 2568 veritate.
596 2522 655 2567 cf.
681 2523 914 2567 Broterius
937 2520 993 2567 ad
1046 2553 1057 2566 .
1079 2523 1110 2566 l.

273 2632 535 2668 numerent.
618 2624 687 2667 De
722 2623 1019 2682 scriptoribus
1049 2623 1111 2666 lo-

218 2682 395 2737 quitur,
424 2676 619 2741 quoru‘rn
646 2683 809 2741 scripta
827 2681 983 2724 Tacito
1010 2689 1111 2724 ante

221 2741 380 2785 oculos
405 2748 549 2784 erant.

277 2839 392 2885 CAP.
413 2842 484 2885 42.
540 2844 590 2885 in
613 2856 720 2897 qua.
771 2839 854 2884 Ed.
868 2826 988 2898 Spir'.
1007 2857 1113 2896 qua,

217 2901 382 2943 omissa
416 2899 778 2958 praepositione,
815 2914 950 2956 quam
981 2915 1111 2956 prae-

218 2957 381 3001 cedens
404 2956 675 3001 vocabulum
701 2956 937 3013 absorpsit.

277 3060 411 3104 haud
436 3059 648 3112 perinde.
722 3055 797 3098 Sic
830 3054 927 3097 MS.
962 3053 1112 3097 Guelf.

220 3115 321 3158 edd.
346 3115 448 3158 Put.
480 3131 579 3172 sqq.
613 3115 672 3169 (c.
708 3113 853 3155 silent.
887 3111 1028 3163 vict.)
1062 3135 1111 3144 —-

219 3175 349 3215 houd
366 3173 563 3228 proinde
587 3172 661 3216 ed.
688 3171 804 3228 Spir.
868 3170 953 3212 Sed
986 3169 1045 3212 cf.
1072 3170 1112 3220 6,

218 3230 289 3272 30.
323 3230 387 3282 13,
408 3229 481 3274 21.
509 3238 550 3272 et
571 3229 642 3272 49.
675 3229 740 3279 15,
760 3229 831 3271 21.
867 3236 907 3270 et
937 3235 1030 3270 not.
1059 3227 1111 3269 ad

276 3402 409 3429 arua.
470 3387 553 3431 Ed.
581 3387 698 3445 Spir.
723 3401 878 3428 arma.
941 3384 1109 3426 Eadem

216 3460 320 3488 mox
340 3445 426 3501 pt?
452 3461 535 3503 pro
558 3459 645 3499 per
668 3453 838 3486 artem.
887 3442 985 3486 MS.
1000 3441 1113 3485 Bud.

133 3510 134 3513 ’
216 3504 326 3549 hinc
350 3510 516 3557 aperta
540 3510 624 3546 etc.
690 3501 748 3545 cf.
777 3517 813 3544 c.
843 3502 911 3544 11.

1182 2122 1294 2164 tium
1318 2129 1396 2164 est.

1240 2251 1475 2306 squalenti
1501 2251 1650 2293 litore.
1726 2250 1812 2294 Ed.
1847 2251 1878 2296 S
1911 2250 1963 2295 ir.
2000 2266 2075 2296 se-

1185 2309 1344 2364 quenti
1364 2310 1548 2360 littore;
1585 2314 1629 2349 et
1657 2306 1724 2351 sic
1743 2308 1844 2352 MS.
1917 2308 2021 2353 uelf.
2052 2327 2078 2353 e

1185 2364 1490 2415 correctione,
1522 2380 1624 2407 cum
1649 2373 1749 2408 ante
1773 2365 1924 2410 fuisset
1944 2381 2077 2425 squa-

1185 2425 1316 2475 lenti,
1359 2423 1483 2480 quod
1507 2437 1670 2467 verum
1698 2439 1793 2467 esse
1813 2424 1931 2467 inter
1952 2425 2075 2471 viros

1186 2481 1344 2524 doctos
1372 2479 1653 2523 consentitur
1685 2489 1728 2524 et
1759 2495 1784 2523 e
1814 2479 2076 2526 melioribus

1184 2537 1309 2581 libris
1341 2545 1474 2595 patet.
1542 2537 1626 2580 Ed.
1649 2537 1751 2582 Put.
1775 2537 1831 2583 V.
1860 2540 2077 2584 littorare

1184 2610 1268 2653 pro
1291 2597 1453 2643 litore,
1483 2595 1608 2654 lapsu
1632 2611 1888 2654 operarum.

1242 2723 1528 2779 Pomptinae.
1621 2722 1724 2768 MS.
1761 2721 1913 2767 Guelf.
1950 2739 2073 2781 pon-

1187 2782 1362 2825 tianae.
1420 2781 1503 2825 Ed.
1539 2780 1659 2839 Spir.
1686 2782 1927 2838 pontiane.
1983 2781 2076 2826 Ea—

1188 2839 1291 2881 dem
1324 2846 1408 2880 aut
1439 2853 1589 2880 arena
1623 2853 1707 2895 pro
1740 2846 1827 2881 aut
1859 2840 2077 2891 arenti05

1182 2896 1435 2952 prorumpi
1451 2911 1535 2954 pro
1561 2896 1821 2951 perrumpi.
1954 2897 1957 2900 ’

1243 3038 1468 3080 connixus
1498 3047 1583 3082 est.
1642 3037 1773 3082 MSS.
1797 3038 1919 3083 Harl.
1943 3038 2075 3083 Bodl.

1187 3098 1271 3139 les.
1305 3096 1539 3139 connissus
1569 3103 1661 3148 est3
1697 3097 1744 3138 in
1771 3095 1893 3139 Harl.
1925 3112 2074 3140 emen-

1187 3154 1339 3195 ‹latum
1378 3156 1607 3196 connisus.
1688 3153 1838 3197 Guelf.
1874 3155 2074 3213 primum

1185 3210 1337 3253 habuit
1357 3211 1622 3263 connis-sus,
1661 3211 1782 3254 unde
1801 3226 1894 3255 rec.
1917 3227 1978 3255 m.
1999 3210 2073 3254 fe-

1185 3267 1245 3311 cit
1278 3269 1521 3312 connixus.
1591 3269 1690 3313 MS.
1732 3269 1847 3311 Bud.
1889 3270 2070 3312 em‘xus.

1184 3324 1388 3368 Rhenan.
1423 3325 1619 3370 coniecit
1658 3327 1878 3375 anm'sus,
1935 3325 2113 3380 edidit..

1185 3380 1415 3440 vulgatum
1448 3383 1553 3427 inde
1575 3385 1628 3427 ab
1652 3383 1723 3426 ed.
1743 3383 1881 3440 Spin·
1929 3383 2071 3427 Paulo

1185 3448 1284 3483 ante
1318 3439 1419 3484 Μδ,
1440 3442 1550 3498 Agr.
1579 3441 1848 3495 concupitor
1876 3455 1960 3500 pro
1993 3456 2075 3485 cu·-

1179 3498 1322 3552 μίτον.
1981 3528 1983 3530 -
