2164 3990
169 287 386 325 A.U.so9.
412 275 414 278 ’

170 334 223 370 Α.
243 331 289 367 C.
327 330 388 364 δεῖ.Ι

92 415 346 493 amicitia
378 418 598 477 floruit.

600 290 651 347 L
666 287 693 345 Ι
706 286 779 349 Β.
823 286 992 349 XIII.

685 436 794 473 nos
831 437 1179 475 consensum
1211 429 1517 475 auctorum
1543 419 1751 490 secuti,
1793 442 1944 499 quae

1079 285 1279 352 CAP.
1319 289 1422 349 20.
1738 283 1740 285 ’
1820 290 1941 352 173

91 510 320 566 diversa
347 502 750 580 prodiderint,
795 503 903 559 sub
942 505 1286 560 nominihus
1323 496 1588 578 ipsorum
1625 506 1942 567 trademus.

90 593 245 655 Nero
276 590 541 665 trepidus
576 600 633 645 et
667 588 1104 644 interficiendae
1137 588 1342 646 matris
1376 588 1583 660 avidius
1619 609 1742 646 non
1776 592 1942 666 prius

91 676 318 738 differri
352 674 546 750 potuit
582 693 760 749 quam
789 670 1018 729 Burrus
1055 694 1259 747 necem
1293 673 1416 739 eius
1451 675 1850 749 promitteret,
1893 676 1944 731 si

87 759 368 829 facinoris
411 769 854 831 coargueretur:
915 761 1017 815 sed
1066 759 1393 835 cuicunque
1421 760 1663 826 ¹nedum
1712 762 1945 836 parenti

90 846 492 913 defensionem
541 843 945 900 tribuendam:
1013 864 1121 900 nec
1158 856 1520 901 accusatores
1558 845 1788 916 adesse,
1842 849 1945 903 sed

79 952 295 994 vocem
319 930 498 987 unius
529 949 596 985 ex
621 928 861 985 inimica
885 930 1062 986 domo
1089 928 1326 989 adferri.
1394 930 1646 986 refutare
1673 933 1944 990 tenebras

148 1166 438 1197 consensum.
496 1149 580 1194 Ed.
602 1149 721 1209 Spir.
749 1151 985 1193 inconsen-

90 1227 210 1256 surn-
525 1228 528 1232 '

148 1295 313 1338 secuti.
357 1293 433 1337 Sic
444 1293 542 1337 MS.
554 1292 662 1349 Reg.
685 1290 784 1334 edd.
800 1288 918 1346 Spir.
940 1296 985 1332 et

90 1354 267 1396 Ernest.
283 1367 381 1410 sqq.
395 1375 450 1384 -
466 1349 669 1395 secuturi
679 1348 814 1391 MSS.
833 1347 985 1391 Guelf.

89 1409 223 1453 Bodl.
261 1408 344 1451 les.
380 1407 480 1461 edd.
514 1407 618 1449 Put.
653 1407 723 1448 M.
746 1415 788 1448 et
811 1403 863 1448 V.
894 1405 983 1446 Be-

91 1466 236 1511 roald.
260 1466 382 1520 (cum
401 1464 575 1508 silentio
595 1465 734 1519 Vict.)
759 1463 856 1507 Alc.
871 1462 985 1504 Rhe-

91 1541 195 1625 {²¹:3⁹
218 1541 241 1590 s
273 1540 315 1581 q.
337 1538 475 1622 usbque
499 1523 554 1622 aid
579 1522 752 1621 Ernest.
812 1520 862 1562 In
881 1521 984 1620 MAS-

133 1600 157 1623 u
195 1614 205 1624 .
230 1599 242 1623 ι
300 1597 372 1623 ver
407 1595 482 1621 um
541 1596 610 1623 ees
651 1597 661 1607 ·
701 1595 791 1622 sec.
816 1595 876 1620 m.
902 1594 925 1621 a
961 1603 987 1612 -

93 1639 237 1683 ditum
266 1646 496 1681 secutum.
648 1614 659 1634 ²

150 1737 270 1779 quae
303 1722 489 1764 diversa
517 1719 836 1775 prodiderint.
906 1718 984 1763 Sic

91 1782 194 1825 MS.
218 1779 368 1822 Guelf.
398 1777 501 1821 edd.
528 1778 630 1820 Put.
652 1777 722 1819 M.
749 1786 790 1819 et
811 1777 869 1819 V.
890 1776 981 1819 Be-

91 1837 238 1881 roatd.
292 1841 418 1891 (cum
469 1835 643 1878 silentio
688 1833 828 1885 Viet.)
882 1834 983 1878 Alc.

92 1896 238 1939 Rhen.
271 1909 371 1952 sqq.
431 1893 519 1936 Sed
555 1891 689 1934 MSS.
720 1891 836 1933 Bud.
869 1891 983 1949 Reg.

93 1954 204 2010 Agr.
252 1960 320 2002 et,
372 1950 406 1993 si
451 1949 561 1992 fides
600 1948 638 1989 R
675 1947 800 1996 chio,
853 1950 984 1991 etiam

92 1999 218 2055 Ffor.
248 2025 350 2051 cum
385 2007 453 2049 ed.
476 2007 595 2065 Spir.
626 1965 779 2047 tiirunt
802 2007 882 2060 qui
902 2021 984 2063 pro

93 2083 239 2124 quae.
261 2064 492 2107 Broterius
518 2064 571 2106 de
595 2063 685 2106 suis
699 2063 831 2106 MSS.
854 2071 984 2111 tacet,

93 2122 449 2182 quareconiicio
473 2138 548 2163 eos
567 2120 698 2164 codd.
723 2119 984 2178 conspirare

93 2199 197 2227 cum
221 2179 373 2224 Guelf.
400 2188 442 2222 et
462 2177 575 2221 falso
598 2178 857 2221 Ernestium
881 2194 985 2235 pro·

94 2240 254 2283 didisse
292 2237 500 2280 omnibus
534 2234 671 2278 MSS.
705 2235 848 2278 inesse
889 2237 982 2291 qui.

92 2298 182 2340 Iam
209 2295 329 2354 quod
353 2293 584 2336 Ernestius
605 2292 835 2344 adfirmat,
874 2308 982 2344 „res

92 2353 232 2405 tradi,
263 2368 355 2396 non
379 2351 619 2409 scriptores
634 2349 686 2402 '’,
727 2350 910 2393 minime
935 2366 985 2393 ex

94 2410 218 2454 omni
249 2416 372 2468 parte
406 2424 562 2452 verum
595 2415 674 2450 est.
736 2408 849 2450 Nam
872 2407 982 2451 Tac·

93 2471 183 2512 An.
219 2468 256 2514 1,
294 2464 363 2509 13.
400 2478 494 2519 pro
524 2467 752 2507 Arruntio
785 2465 983 2520 quidam

95 2529 179 2571 Cn.
215 2525 433 2566 Pisonem
477 2522 734 2565 tradidere.
807 2521 984 2564 Vulcat.

95 2582 316 2628 Gallican.
342 2581 388 2622 in
410 2576 577 2622 Akidio
606 2578 757 2622 Cassio
786 2595 824 2622 c.
851 2581 891 2621 5.
928 2579 982 2620 de

93 2637 291 2684 Aemilio
332 2635 631 2694 Partheniano
673 2637 851 2679 scribit:
906 2634 981 2691 os-

79 2699 338 2756 sectatores
377 2694 642 2748 tyrannidis
682 2693 778 2745 iom
816 2694 921 2735 inde
954 2708 984 2734 a

93 2755 318 2798 veteribus
346 2752 568 2794 historiae
598 2748 804 2793 tradidit.
867 2750 981 2793 Pos-

93 2820 197 2856 sunt
221 2811 355 2868 igitur
379 2817 420 2850 et
441 2824 512 2850 res
536 2808 648 2850 tradi
671 2817 711 2850 et
733 2808 838 2853 viri.
898 2807 984 2851 Hic,

93 2881 242 2913 tamen
267 2867 347 2922 qui
366 2863 546 2907 tolerari
571 2865 748 2922 nequit,
787 2865 870 2908 nisi
904 2881 980 2907 ac-

95 2927 229 2984 cipias
261 2939 345 2982 pro
377 2923 420 2964 si
447 2922 536 2977 qui.
595 2922 749 2967 Potuit
782 2924 911 2966 etiam
943 2922 990 2964 si

94 2983 318 3031 excidere,
358 2989 430 3022 aut
466 2979 696 3022 absorberi
722 2996 744 3022 a
772 2997 882 3025 voce
907 2995 981 3021 se-

94 3043 206 3091 cuti,
250 3037 367 3080 unde
403 3036 620 3093 originem
646 3037 825 3079 traxisse
850 3036 981 3081 vide-

94 3108 167 3140 t'ur
208 3097 425 3138 secuturi.
498 3092 696 3137 Varietas
737 3094 983 3151 scripturae

96 3176 191 3212 orta
236 3175 300 3209 est
351 3182 372 3208 e
419 3164 690 3222 compendio
733 3171 799 3224 ᾳ,
861 3164 983 3222 quod

95 3234 158 3268 est
185 3225 267 3279 qui
285 3231 326 3265 et
352 3222 484 3278 quoe.
559 3219 732 3274 Deinde
759 3224 983 3278 prodide-

94 3284 191 3324 rint
223 3281 353 3324 codri.
395 3279 523 3321 MSS.
548 3278 845 3322 Ftom‘Guetf.
882 3280 983 3321 alii-

127 3356 203 3386 ue.
229 3337 343 3380 edd.
367 3336 483 3393 Spir.
515 3337 614 3378 Put.
641 3335 709 3378 M.
732 3346 773 3378 et
797 3338 849 3378 V.
876 3337 982 3379 Ber.

95 3356 191 3439 210.
207 3395 351 3437 Rhen.
367 3398 462 3450 squ.
475 3421 532 3428 —
555 3394 867 3446 prodiderunt
881 3394 981 3435 MS.

95 3456 230 3508 Agre,
270 3453 574 3504 prodiderant
606 3451 644 3503 (a
667 3448 761 3493 sec?
784 3468 842 3493 ιιι.
861 3466 980 3505 pro-

94 3510 315 3562 diderint)
337 3507 438 3551 MS.
465 3506 572 3564 Reg.

152 3610 372 3662 ipsorum.
430 3606 513 3649 Ed.
540 3606 654 3663 Spir.
688 3622 862 3650 eorum.
905 3639 907 3641 ·

1114 1148 1372 1192 trademus.
1449 1148 1517 1192 Ne
1549 1148 1759 1203 festines,
1809 1161 1858 1197 ut
1894 1172 1947 1200 ex

1056 1206 1270 1263 opinione
1304 1207 1498 1250 Ernestii
1535 1216 1678 1253 mutes
1712 1211 1758 1254 in
1794 1216 1945 1256 tradi-

1055 1279 1161 1306 mus
1200 1264 1272 1309 vel
1310 1267 1605 1309 tradidimus.
1674 1267 1787 1312 Nam
1821 1278 1948 1316 ‚tem-

1058 1337 1168 1386 pore
1212 1320 1364 1365 futuro
1399 1322 1579 1366 Tacitus
1621 1342 1725 1368 cnm
1758 1326 1946 1373 Graecis

1057 1387 1221 1430 untur,
1260 1388 1310 1422 ut
1334 1380 1546 1437 exprimat
1571 1380 1614 1423 id
1642 1382 1724 1426 sibi
1750 1383 1963 1440 solitum:

1058 1436 1353 1488 destinatum,
1394 1440 1676 1495 propositum
1711 1458 1832 1488 essea-
1881 1443 1946 1489 eft

1058 1501 1154 1536 not.
1179 1497 1233 1537 ad
1260 1497 1326 1547 11,
1347 1494 1518 1538 27..sub
1546 1497 1680 1540 verbo
1706 1505 1917 1546 tradam.

1114 1606 1310 1660 d1fferri.
1379 1606 1436 1649 H.
1467 1624 1504 1651 e.
1540 1607 1586 1650 in
1622 1607 1742 1652 aliud
1773 1619 1948 1670 tempus

1058 1664 1200 1708 reiici.
1259 1663 1361 1706 MS.
1381 1664 1491 1723 Reg.
1515 1666 1586 1709 ed.
1603 1665 1722 1723 Spir.
1746 1670 1950 1724 differre,
2020 1665 2030 1677 '
2111 1666 2129 1685 “

1053 1721 1185 1765 male.
1247 1721 1318 1763 De
1343 1738 1426 1764 usu
1447 1723 1569 1766 verbi
1594 1723 1652 1766 cs.
1675 1725 1798 1776 236.
1833 1727 1949 1773 Hist.

1052 1782 1096 1829 2,
1128 1779 1201 1822 71.
1273 1778 1570 1837 Oudendorp.
1610 1782 1663 1824 ad
1706 1782 1828 1828 Suet.
1866 1785 1951 1832 lul.

1055 1855 1094 1882 c.
1130 1837 1201 1879 82.
1273 1835 1505 1880 Schwarz.
1536 1837 1600 1880 ad
1632 1838 1752 1884 Plin.
1783 1841 1950 1901 Paneg.

1055 1913 1095 1939 c.
1134 1895 1204 1943 26,
1244 1895 1286 1936 2.
1356 1894 1658 1952 Baumgax·ten
1683 1923 1703 1931 -
1727 1897 1857 1943 crus.
1900 1902 1950 1944 in

1056 1951 1179 1996 C'lav.
1202 1950 1329 1995 Suet.
1352 1951 1435 1994 sub
1459 1950 1502 1995 h.
1525 1967 1569 1998 v.

1113 2063 1381 2119 cuicunque.
1421 2108 1424 2114 ,
1469 2061 1574 2105 MS.
1616 2062 1730 2122 Agr.
1774 2069 1950 2125 cuique.

1055 2121 1137 2165 Ed.
1168 2121 1286 2179 Spir.
1316 2121 1552 2176 cuiusque.
1717 2168 1719 2170 v

1113 2233 1340 2289 refutare.
1398 2234 1574 2292 Lipsius
1607 2233 1824 2279 malebat:
1867 2251 1951 2279 re·-

1051 2299 1256 2348 putaret.
1353 2291 1618 2350 Wagnerus
1679 2292 1953 2348 (observatu

1057 2348 1156 2393 crit.
1190 2349 1243 2392 ad
1269 2347 1375 2399 Tac.
1408 2350 1455 2392 in
1487 2347 1597 2400 bib]-
1633 2350 1732 2403 orit.
1758 2348 1950 2405 Seebod.

1058 2407 1183 2449 1820.
1217 2421 1260 2463 p.
1288 2406 1388 2463 852)
1415 2416 1631 2463 reputare
1663 2413 1747 2457 (sc.
1772 2424 1951 2452 accusa-

1055 2472 1175 2506 tores
1201 2464 1268 2506 vet
1292 2466 1615 2519 accusatorem)
1643 2467 1747 2517 (der
1758 2465 1947 2521 Anlaelc'i-

1054 2535 1137 2575 ger
1171 2520 1333 2575 bringe
1349 2522 1414 2563 'in
1443 2518 1744 2575 Rechnung.
1765 2518 1874 2580 dass
1899 2537 1952 2567 es

1057 2577 1166 2633 tiefe
1188 2575 1477 2637 Fansternzss
1510 2584 1622 2633 Sty).
1686 2577 1838 2634 Quam
1872 2574 1953 2624 raa-,⁷

1054 2638 1227 2678 tionem
1267 2651 1396 2691 spero
1437 2634 1605 2678 nemini
1644 2633 1947 2695 fore'proba-

1056 2702 1161 2736 tam.
1222 2692 1312 2741 Atii
1337 2694 1502 2739 rectius
1526 2691 1951 2754 traditagn'scriptn..

1055 2767 1150 2794 ram
1186 2750 1404 2800 retinent,
1442 2757 1485 2792 at
1516 2748 1620 2792 satis‘
1641 2755 1847 2802 contorte
1873 2757 1952 2796 e'x-

1055 2807 1241 2867 plicant.
1299 2806 1531 2863 Resutore
1555 2815 1619 2850 est
1641 2809 1824 2863 verbum
1852 2825 1874 2853 a
1897 2828 1948 2855 re

1060 2861 1317 2920 coquinaria
1373 2864 1625 2907 desumtmn
1647 2870 1668 2916 ,⁷
1719 2866 1957 2924 ‚significas

1056 2923 1305 2965 ferventem
1354 2922 1398 2964 in
1451 2921 1551 2965 olla·
1575 2919 1747 2979 f‘aqua'm
1800 2924 1947 2969 infuso

1057 2979 1222 3037 frigido
1239 2980 1467 3037 repetiere,
1493 2988 1795 3034 compescere.
1825 2981 1949 3026 Tum

1057 3038 1103 3080 in
1141 3037 1398 3079 universum
1439 3043 1502 3078 est
1536 3036 1787 3089 cohibere,¹
1821 3054 1950 3084 com-

1055 3108 1258 3153 pescere,
1306 3108 1540 3142 coercere,
1584 3093 1835 3151 impedire.⁴
1875 3092 1957 3150 Ciq’

1058 3169 1148 3195 cer.
1172 3151 1225 3193 de
1245 3151 1477 3208 Haruspic.
1495 3150 1547 3193 R.
1562 3151 1605 3196 4.
1633 3155 1851 3194 c'o'natum
1873 3158 1958 3196 re}

1043 3211 1233 3267 sutore.
1297 3209 1360 3250 ld.
1396 3208 1450 3250 ad
1484 3206 1592 3250 fam.
1633 3211 1669 3258 1,
1691 3210 1742 3252 ·9.
1773 3207 1955 3265 cupidi*

1059 3274 1206 3310 tatem
1270 3265 1494 3320 refutare.
1576 3264 1757 3309 ‘Eodem
1818 3267 1950 3325 plane

1057 3324 1303 3380 significatu
1345 3322 1525 3379 ponitur
1557 3321 1645 3366 hic.
1678 3359 1682 3371 ,,
1708 3323 1949 3368 Tenebras·

1056 3390 1119 3424 est
1139 3380 1418 3423 accusativus
1440 3379 1639 3430 subiecti,
1662 3390 1822 3439 easque
1838 3383 1947 3425 Bur-

1055 3455 1129 3480 rus
1173 3437 1280 3478 dicit
1323 3437 1534 3493 refutare
1582 3438 1945 3489 scseofisilium,

1055 3504 1266 3537 conatum
1305 3494 1458 3536 matris
1496 3493 1645 3537 subito
1674 3494 1947 3540 ‘interficien-

1054 3553 1156 3600 dae,
1211 3550 1264 3592 de
1304 3567 1393 3607 quo
1431 3552 1517 3593 iam
1561 3564 1707 3594 sermo
1745 3561 1852 3596 est..
1898 3554 1946 3597 Si

1054 3607 1158 3665 quid
1199 3607 1555 3659 emendandum,
1605 3609 1810 3654 mallem:
1863 3626 1946 3654 re·-
