2216 4010
219 235 261 315 δ’
423 341 426 343 -
684 320 687 326 „
895 250 1399 344 ANNALIUM

1765 251 1818 288 A.
1835 251 1990 289 uano.

1765 294 1818 330 A.
1839 295 1871 330 C
1929 297 1992 334 47.

220 397 350 443 tum
374 384 500 442 'eius
525 383 865 461 Scipionem
892 395 1398 460 percunctaretur,
1433 393 1545 442 ‘cur
1577 386 1701 442 sine
1736 405 1919 445 ux'ore
1955 390 2080 446 dis-

221 464 553 533 cubuisset?
595 481 770 548 atque
798 471 899 527 ille
926 471 1189 527 functam
1213 471 1331 529 fato
1358 473 1779 545 responderet.‘
1906 539 1909 543 ι
2046 473 2074 485 ’“

393 554 505 615 ΙΙΙ.
573 555 692 613 Sed
750 555 1106 613 consultanti
1173 574 1346 631 super
1410 557 1779 613 absolutione
1834 551 2081 615 Asiatici

180 682 185 698 x
220 641 371 698 flens
407 640 721 710 Vitellius,
778 651 1231 698 commemorata
1277 651 1562 697 vetustate
1607 642 1930 712 amicitiae,
1983 655 2082 699 ut-

224 742 339 804 que
369 721 697 785 Antoniam
732 726 1018 803 principis
1053 735 1301 783 matrem
1335 727 1557 801 pariter
1595 727 2080 798 observavissent,

320 966 692 1001 ercunctaretur.
753 956 830 1001 Sic
854 957 954 1001 edd.
974 958 1119 1001 Rhen.

226 1015 269 1058 A
291 1014 334 1058 d.
355 1015 477 1059 Pich.
497 1032 596 1075 sqq.
635 1021 996 1071 percontaretur
1016 1016 1118 1058 MS.

229 1067 382 1116 Guelf.
408 1073 510 1117 edd.
526 1073 643 1131 Spir.
666 1073 769 1115 Put.
787 1072 856 1115 M.
882 1082 923 1115 et
937 1073 993 1116 V.
1016 1073 1120 1116 Ber.

228 1131 288 1185 (c.
303 1130 515 1188 sil.Viet.)
530 1131 578 1174 Li
585 1147 650 1189 ps.
670 1129 802 1174 Grut.
851 1138 1120 1184 perconcta-

228 1195 361 1230 retur
395 1187 462 1231 ed.
496 1188 597 1234 Alc.
670 1187 762 1231 Sed
793 1197 902 1232 vett.
938 1188 1040 1231 libri
1073 1188 1119 1231 in

229 1244 363 1295 huius
389 1247 511 1290 verbi
532 1246 755 1305 scriptura
785 1246 869 1288 sibi
899 1262 992 1289 non
1019 1262 1124 1289 con-

231 1311 366 1345 stant.

286 1368 429 1416 atque
450 1361 529 1402 ille
536 1361 762 1418 functam
779 1360 892 1416 fato
924 1374 1121 1412 respon-

230 1418 374 1462 deret.
447 1418 524 1461 Sic
556 1417 658 1461 MS.
688 1417 840 1461 Guelf.
876 1419 977 1461 edd.
1012 1418 1128 1475 Spir-

232 1473 336 1526 Put.
354 1476 422 1519 M.
444 1483 486 1518 et
502 1475 559 1518 V.‘
579 1475 683 1519 Ber.
709 1476 767 1531 (c.
785 1475 999 1532 sil.Viet.)
1023 1474 1125 1519 Alc.

230 1530 375 1576 Rhen.
397 1550 448 1592 sq
485 1564 495 1575 .
525 1541 568 1575 et
598 1531 743 1591 nuper
773 1531 965 1576 Bekker.
1039 1531 1128 1575 Sed

229 1595 415 1634 auctore
453 1549 650 1633 (heinsio
701 1589 913 1633 oberlin.
962 1588 1128 1646 aliique

232 1645 436 1690 ediderez
487 1651 552 1692 ad
585 1652 708 1703 quod
736 1650 838 1695 ille,
870 1647 1012 1703 fif„
1053 1662 1127 1690 re—

231 1706 488 1759 sponderit.
550 1705 781 1748 Acidalius
811 1705 1011 1748 volebat:
1049 1720 1129 1748 re-

229 1765 489 1816 spondere3
527 1763 702 1805 Ernest.
724 1765 1036 1815 respondebat
1057 1760 1127 1804 vel

233 1823 489 1874 respondit.
542 1819 839 1863 contendunt
863 1821 994 1863 verba
1018 1819 1129 1862 haec

232 1892 330 1924 non
371 1893 501 1932 posse
530 1877 727 1934 pendere
758 1893 781 1919 e
811 1876 1030 1934 particula
1060 1883 1127 1924 ut,

232 1933 399 1993 quippe
462 1934 717 1994 ignorantia
771 1933 972 1976 Caesaris
1033 1949 1128 1976 non

231 1992 428 2049 potuerit
461 1992 634 2042 facere,
685 1999 733 2033 ut
762 1989 915 2048 Scipio
953 1991 1017 2035 sic
1061 2007 1128 2033 re-

232 2050 485 2104 sponderet.
564 2048 712 2091 lmmo
769 2047 931 2106 potuit.
1011 2047 1127 2091 Nam

232 2105 330 2148 sine
353 2106 552 2150 Caesaris
584 2104 838 2163 ignorantia
858 2105 1012 2162 Scipio
1046 2105 1127 2164 mi-

233 2164 357 2209 nime
398 2180 530 2208 ausus
575 2172 688 2208 esset
728 2163 877 2206 dicere
922 2162 1127 2207 functam

235 2234 330 2271 esse
371 2220 481 2265 fato.
556 2221 706 2269 Locus
739 2219 813 2267 hic
845 2229 1129 2280 comparatus

233 2286 300 2322 'est
321 2286 372 2323 ut
394 2278 591 2322 sexcenti
619 2278 708 2322 alii.
765 2276 925 2324 Solent
944 2277 1130 2334 scripto-

235 2344 307 2379 'res
345 2335 394 2380 in
425 2337 480 2379 iis
507 2336 644 2379 rebus
685 2335 970 2387 enarrandis,
1023 2350 1131 2393 quas

235 2393 486 2450 'explicandi
508 2409 639 2438 causa
664 2393 923 2441 adnectunt,
953 2392 1014 2437 ita
1040 2409 1131 2435 ver·

233 2451 343 2502 sari,
385 2458 435 2494 ut
459 2451 598 2494 semel
624 2458 831 2509 coeptam
860 2458 1128 2495 structuram

234 2506 527 2559 continuent,
579 2507 685 2551 licet
725 2523 795 2550 res
834 2523 931 2551 non
973 2507 1130 2550 eadem

232 2564 366 2623 plane
389 2565 562 2608 ratione
589 2564 875 2611 cohaereant.
923 2565 981 2609 cf.
1007 2564 1128 2615 1‚79.

232 2623 480 2666 orantibus
515 2621 832 2672 Florentinis,
875 2637 936 2665 ne
971 2622 1131 2665 Clanis

229 2702 251 2730 η
275 2706 291 2723 .
310 2710 321 2723 .
337 2679 682 2734 transferretur
712 2680 849 2736 idque
883 2681 992 2735 ipsis
1019 2694 1133 2734 per-

233 2737 406 2779 niciem
455 2737 682 2791 adferret.
775 2737 880 2781 vid.
926 2738 989 2785 ib.
1031 2745 1128 2783 not.

235 2793 349 2840 Infr.
376 2795 443 2846 14,
467 2793 539 2842 47,
575 2798 693 2838 adeo
726 2802 778 2836 ut
809 2797 937 2839 Nero
963 2826 974 2837 .
992 2823 1031 2841 ..
1053 2807 1132 2835 re-

234 2853 502 2907 sponderit,
540 2854 715 2894 habere
744 2853 1003 2900 subsidium
1027 2866 1131 2893 rem

228 2910 499 2965 «ρυόἱίοαηις
547 2910 817 2964 rogantibus
849 2910 1039 2960 dehine,
1083 2909 1131 2950 in

270 2981 330 3008 uo
363 2966 705 3022 potissimum?
762 2967 1024 3018 addiderit,
1082 2965 1131 3006 in

289 3027 457 3070 σηιητίο
479 3024 690 3079 Regulo‚·
733 3024 800 3076 15,
825 3026 892 3068 16.
920 3024 1132 3068 Ceterum

177 3118 181 3127 ,
238 3082 439 3134 obsessis
461 3085 580 3127 adeo
603 3090 716 3136 etc.;
755 3084 821 3133 11,
842 3081 912 3129 34.
937 3083 1132 3126 sednon

243 3137 348 3186 ideo
372 3167 436 3181 ...
460 3146 683 3186 uteretur.
744 3139 869 3184 Suet.
893 3138 977 3183 lul.
1004 3137 1132 3183 0:22.

239 3197 549 3249 responderit.

298 3250 412 3300 CAP‚
445 3250 487 3295 3.
555 3255 652 3298 Sed
683 3253 990 3302 consultanti.
1057 3249 1135 3294 Sic

238 3317 349 3358 vett,
374 3307 477 3351 libri
495 3308 629 3359 MSS,
647 3319 688 3353 et
708 3312 808 3355 edd.
828 3327 986 3355 omnes
1008 3323 1133 3368 prae-

239 3373 308 3410 ter
337 3364 439 3416 MS,
473 3366 662 3418 Harlei.,
705 3369 776 3410 cui
804 3369 919 3411 inest
949 3368 1132 3412 consul-

240 3420 399 3473 tante,
474 3423 563 3466 uod
592 3423 805 3467 suadente
826 3425 1033 3469 Ernestio
1067 3439 1133 3466 ree

238 3496 405 3538 cepere
436 3439 645 3525 gherliti.
671 3481 722 3540 s‘q
760 3514 769 3526 .
831 3483 1013 3527 Scilicet
1041 3496 1135 3524 non

243 3538 402 3583 vident
424 3537 472 3582 in
489 3538 708 3592 permisit
751 3546 867 3582 atere
895 3539 1135 3595 respondit

243 3610 295 3639 se
320 3594 602 3651 permittere
638 3595 706 3643 vel
741 3598 972 3654 respondit
1009 3603 1134 3642 suam.

1191 973 1286 1001 esse
1326 958 1616 1012 sententiam,
1671 969 1721 1004 ut
1759 960 1956 1004 Asiatico
1993 993 2005 1006 .
2033 993 2042 1003 .
2071 993 2082 1004 .

1190 1013 1540 1073 permitteretur.
1617 1015 1677 1060 cf.
1715 1027 1812 1061 not.
1851 1018 1906 1062 ad
1940 1018 1982 1068 3,
2013 1017 2081 1062 17.

1192 1073 1274 1115 sub
1307 1089 1351 1118 v.
1382 1075 1635 1127 relegatur.
1697 1074 1791 1117 Iam
1827 1091 1931 1118 vero
1961 1084 2083 1119 recte

1194 1130 1384 1188 legimus
1418 1132 1726 1183 consultanti,
1759 1132 1862 1188 quia
1893 1150 1945 1176 eo
1980 1148 2088 1176 casu

1194 1188 1419 1231 indicatur
1456 1188 1514 1236 is,
1558 1190 1630 1232 cui
1666 1190 1929 1232 sententiam
1960 1205 2088 1233 suam

1195 1245 1306 1288 dixit
1331 1245 1550 1288 Vitellius.
1618 1245 1722 1288 Non
1755 1246 1914 1289 desunt
1945 1263 2087 1290 exem-

1195 1303 1267 1361 pla
1293 1303 1489 1344 eiusdem
1524 1311 1788 1359 structurae.
1853 1303 1911 1347 cf.
1942 1305 1984 1355 2,
2013 1303 2086 1346 76.

1196 1361 1354 1413 Igitur
1390 1361 1502 1415 quid
1533 1364 1766 1415 agendum
1802 1361 2092 1415 consultanti

1196 1418 1262 1460 M.
1286 1418 1397 1459 Piso
1405 1417 1541 1473 filius
1567 1450 1577 1462 .
1601 1450 1612 1461 .
1630 1450 1642 1461 .
1668 1414 1907 1470 censebatj
1951 1418 2017 1470 14,
2038 1419 2080 1462 8.

1199 1476 1462 1517 centurioni
1474 1476 1665 1531 serrum
1689 1476 2008 1529 destringenti
2023 1507 2034 1518 .
2051 1488 2088 1519 .·.

1202 1533 1515 1584 exclamavit5
1574 1534 1640 1583 14,
1661 1531 1738 1589 ¹13.
1773 1535 2061 1576 cunctanti..
2078 1565 2088 1575 .

1199 1592 1458 1639 disserunt‚·
1497 1591 1540 1638 6,
1565 1591 1638 1632 46.
1672 1591 1818 1632 etiam
1851 1593 1909 1632 de
1946 1591 2090 1636 Clau-

1200 1647 1279 1688 dio
1318 1648 1524 1700 agitanti
1555 1682 1568 1693 .
1593 1676 1605 1691 .
1631 1679 1641 1691 .
1674 1650 1923 1690 imminuta
1960 1662 2092 1691 mens

1202 1704 1298 1745 eius
1323 1704 1504 1745 obstitit
1529 1704 1573 1747 h.
1594 1721 1634 1747 e.
1668 1704 1851 1762 agitanti
1876 1705 2093 1764 apparuit,

1198 1761 1485 1803 imminutam
1526 1770 1723 1804 mentem
1772 1762 1867 1805 eius
1899 1762 2092 1806 obstare.

1197 1820 1237 1868 6,
1261 1819 1330 1860 22.
1363 1822 1449 1860 sed
1477 1820 1596 1861 mihi
1620 1822 1732 1860 haee
1761 1835 1816 1861 ae
1851 1820 1970 1861 talia
1999 1836 2094 1862 au..

1200 1875 1349 1917 dienti
1406 1877 1453 1917 in
1505 1879 1682 1918 incerto
1738 1876 1960 1918 iudicium
2007 1885 2089 1920 est.

1202 1932 1357 1975 Germ.
1398 1949 1439 1975 c.
1478 1932 1519 1975 6.
1562 1934 1612 1974 in
1643 1934 1912 1975 universum
1945 1935 2091 1977 aesti-

1200 1990 1360 2031 manti
1377 1992 1484 2043 plus
1503 2004 1648 2044 penes
1672 1993 1878 2045 peditem
1910 1993 2095 2035 roboris

1201 2047 1244 2090 h.
1284 2046 1328 2088 e.'
1361 2047 1612 2089 aestimanti
1649 2046 1933 2104 intelligitur,
1969 2049 2094 2092 aesti-

1198 2111 1349 2147 matur
1379 2105 1450 2147 vel
1480 2103 1622 2148 simile
1656 2105 1779 2163 quid.
1851 2104 2095 2173 Rupertius

1201 2161 1318 2205 male
1351 2162 1608 2218 coniungit:
1649 2165 1934 2205 consultanti
1966 2178 2097 2206 com·-

1200 2227 1484 2263 memorata.
1542 2219 1840 2278 Kiesslingius
1861 2219 1959 2266 vult
1984 2226 2095 2264 con-

1201 2278 1499 2319 sultantibus.
1555 2277 1755 2319 Frustra.
1815 2276 1868 2320 In
1911 2278 2096 2335 reliquis

1204 2348 1349 2390 neque
1387 2335 1734 2392 transpositione
1765 2350 1913 2393 neque
1945 2352 2095 2379 enien-

1202 2390 1386 2435 datione
1421 2407 1534 2448 opus
1571 2408 1664 2444 esse
1701 2400 1824 2449 puto.
1886 2392 2096 2442 Vitellius

1203 2448 1398 2490 ludibrio
1432 2449 1563 2491 habet
1594 2448 1808 2491 stolidum
1842 2447 2096 2503 Claudium,

1202 2507 1277 2549 cui
1293 2520 1386 2546 non
1409 2506 1659 2557 iudicium,
1681 2521 1779 2547 non
1796 2508 1954 2548 odium
1981 2515 2096 2559 erat,

1202 2563 1294 2605 nisi
1328 2564 1477 2605 indita
1512 2571 1556 2604 et
1592 2567 1723 2604 iussa
1753 2563 1831 2616 (ef.
1861 2579 1900 2606 c.
1923 2564 2011 2620 7.),
2055 2573 2098 2606 et

1199 2619 1294 2678 qui,
1319 2627 1369 2662 ut
1387 2635 1612 2675 quemque
1627 2620 2096 2676 suadentiumaudie-

1203 2683 1305 2728 rat,
1340 2685 1604 2731 promptus.
1676 2677 1765 2718 Dio
1799 2677 1868 2729 60,
1895 2678 1964 2721 29.
2000 2694 2097 2721 rem

1201 2735 1261 2776 ita
1288 2741 1464 2776 narrat:
1509 2735 1586 2776 καὶ
1606 2735 1688 2776 τοῦ
1713 2735 1952 2778 Κλαυδίου
1975 2733 2096 2780 ἀπο-

1201 2787 1328 2834 λύειν
1357 2790 1501 2834 αὐτὸν
1530 2792 1779 2850 μέλλοντος
1812 2790 1835 2836 ὁ
1865 2796 2098 2844 Battum

1201 2850 1254 2914 τῇ
1271 2853 1342 2894 Μ.
1359 2846 1685 2907 χαριζόμενος,
1720 2853 2099 2908 παρακεκλῆσθαι

1202 2906 1294 2964 ἔφη
1330 2903 1414 2949 ὑπ’
1446 2906 1617 2962 αὐτοῦ,
1651 2905 1715 2949 ἵν’
1748 2905 1873 2958 ὅπως
1897 2907 1957 2951 ἂν
1985 2916 2096 2964 βου-

1202 2965 1345 3023 ληθῇ,
1383 2961 1614 3030 ἀποθάνῃ.
1669 2962 1871 3016 ἀκούσας
1887 2967 1939 3011 δὲ
1961 2970 2097 3011 τοῦτο

1204 3023 1376 3070 ἐκεῖνος
1419 3023 1662 3067 ἔπίσΐευσέ
1697 3037 1743 3066 τε
1777 3024 1921 3069 αὐτὸν
1955 3022 2099 3075 ὅντως

1204 3081 1372 3124 ἑαυτοῦ
1395 3079 1472 3123 διὰ
1499 3078 1550 3124 ’τὸ
1581 3080 1790 3132 συνειδὸς
1813 3087 2098 3141 κατεγνωκέ-

1204 3153 1306 3194 ναι,
1339 3141 1416 3180 καὶ
1436 3134 1764 3197 κατεχρήσατο.

1258 3229 1508 3268 vetustate.
1567 3222 1670 3269 MS.
1697 3223 1848 3269 Guelf.
1874 3232 2096 3277 vetustae,

1205 3295 1256 3323 ex
1281 3280 1468 3323 mendo.

1262 3363 1645 3411 observavissent.
1703 3327 1780 3411 Sic
1806 3363 1940 3409 MSS.
1972 3363 2095 3407 Flor.

1209 3419 1402 3478 (t.Viet.)
1424 3421 1578 3465 Guelf.
1608 3421 1907 3469 edd.Pichen.
1922 3436 2017 3480 sqq.
2038 3445 2098 3455 —-

1205 3480 1534 3523 observassent
1579 3480 1678 3524 edd.
1716 3479 1747 3523 S
1779 3480 1832 3526 ir.
1876 3479 1980 3523 Put.
2025 3478 2094 3520 M.

1206 3543 1249 3578 et
1270 3534 1328 3578 V.
1362 3535 1571 3580 Beroald.
1603 3536 1705 3582 Alc.
1794 3536 1953 3584 henan.
1988 3535 2094 3580 Ald.

1206 3591 1323 3655 Lips.
1342 3592 1532 3637 Gruter.
