2164 3990
1785 190 2006 272 2:31⁸&

237 190 362 251 342
891 185 1397 251 ANNALIUM
1491 246 1505 258 .

240 319 418 377 simul
452 323 510 377 et
540 320 616 377 de
647 319 981 393 legionibus
1005 316 1298 382 Romanis
1333 332 1670 398 statuerent.
1754 323 2089 402 Missi-post
2152 376 2155 378 ,

239 425 274 462 a
296 403 477 480 Paeto
501 405 702 463 nuntii
726 417 783 461 et
806 404 959 477 regis
979 404 1344 480 colloquium
1365 408 1645 481 petitum,
1687 409 1793 486 qui
1803 409 2090 472 Vasacem

238 490 599 565 praefectum
635 490 927 565 equitatus
967 489 1054 545 ire
1088 489 1276 550 iussit.
1288 489 1295 505 ”
1361 490 1522 570 Tum
1544 492 1758 552 Paetus
1782 493 2088 568 Lucu1108,

235 573 551 651 Pompeios
581 587 637 632 et
661 575 712 630 si
739 572 855 650 qua
880 570 1156 641 Caesares
1186 575 1541 635 obtinendae
1563 580 1948 638 donandaeve
1968 578 2090 640 Ar-

236 661 467 718 meniae
497 670 762 734 egerant,
795 645 1043 715 Vasaces
1067 660 1384 733 imaginem
1408 664 1705 722 retinendi
1726 667 2088 741 largiendive

235 765 415 820 penes
447 766 585 814 n05‚
637 744 762 801 vim
797 764 975 819 penes
1008 741 1261 802 Parthos
1291 749 1656 809 memoravit.
1743 763 1800 808 et
1833 753 2090 810 multum

235 830 492 888 invicem
520 830 838 905 disceptato
861 828 1233 888 Monobazus
1252 825 1598 890 Adiabenus
1621 834 1688 891 in
1712 835 1869 893 diem
1891 849 2090 914 poste-

235 937 372 973 rum
399 915 560 973 testis
583 911 683 984 iis.
728 935 877 991 quae
905 916 1293 991 pepigissent,
1332 914 1668 979 adhibetur.
1752 922 2089 999 placuitque

234 1001 476 1058 liberari
500 1000 733 1058 obsidio
755 1001 1016 1074 legiones
1039 1013 1095 1059 et
1119 1002 1396 1059 decedere
1418 1023 1654 1060 omnem
1677 1005 1927 1064 militem
1948 1008 2089 1064 fini-

233 1074 349 1143 bus
369 1081 795 1143 Armeniorum
823 1086 1174 1164 castellaque
1199 1098 1256 1145 et
1281 1101 1637 1146 commeatus
1657 1086 1894 1147 Parthis
1915 1094 2090 1153 tradi.

234 1164 452 1247 quibus
479 1172 827 1247 perpetratis
865 1173 1033 1248 copia
1057 1171 1335 1247 Vologesi
1366 1174 1529 1232 fieret
1562 1175 1839 1233 mittendi
1874 1178 1950 1234 ad
1971 1175 2092 1234 Ne-

231 1276 442 1316 ronem
467 1257 704 1331 legatos.
1241 1259 1243 1261 ’
1358 1272 1361 1275 ’

402 1340 538 1403 XV.
593 1340 840 1410 Interim
888 1341 1128 1399 flumini
1172 1335 1459 1399 Arsaniae
1509 1338 1757 1420 (etenim
1803 1344 1855 1402 is
1906 1358 2092 1405 castra

234 1541 237 1543 ’
285 1555 423 1600 missa·
457 1565 564 1614 post
604 1574 638 1602 a
667 1558 829 1602 Paeto.
899 1558 978 1603 sio
1018 1558 1122 1602 edd.

227 1613 350 1670 Spir.
375 1614 479 1659 Put.
501 1617 570 1660 M.
594 1626 642 1660 et
655 1618 712 1660 V.
735 1617 839 1660 Ber.
865 1617 963 1661 Alc.
979 1616 1125 1660 Rhen.

226 1675 823 1778 ff‡1·.“fi051'1².¹'⁸f.{.f’⁰c⁸5'‡ssf
844 1672 1127 1776 ἒῗὲῑέίδὲῑ

1197 1557 1336 1603 Corb.
1360 1556 1479 1602 Bud.
1500 1558 1612 1616 Agr.
1634 1558 1733 1603 edd.
1754 1559 1874 1618 Spir.
1894 1561 2000 1608 Ber.
2031 1563 2092 1619 (c.

1196 1614 1267 1660 sil.
1281 1614 1420 1672 Viet.)
1433 1613 1578 1675 Ryck.
1595 1615 1686 1660 Iac.
1705 1614 1912 1664 Gronov.
1926 1635 2024 1680 sqq.
2035 1648 2094 1658 -—-

1197 1673 1463 1722 donandive
1506 1671 1642 1716 MSS.
1679 1673 1803 1728 Harl.
1836 1675 1970 1722 Bodl.
2008 1677 2092 1723 les.

1198 1729 1352 1774 Guelf.
1398 1729 1500 1774 edd.
1543 1730 1650 1775 Put.
1693 1731 1762 1776 Μ.
1806 1742 1853 1778 et
1889 1732 1946 1779 V.
1987 1735 2090 1781 Alc.

227 1785 350 1831 aliud
393 1788 530 1846 quid,
574 1805 707 1847 quam
741 1791 864 1848 quod
897 1789 1121 1846 vulgatur,

225 1842 302 1888 hic
333 1844 470 1889 latere
504 1848 648 1903 arguit
683 1864 865 1906 quoque
898 1847 1122 1905 scriptura

226 1900 330 1945 cod.
353 1902 478 1947 Flor.
514 1904 589 1960 qui
624 1906 742 1959 (test.
766 1905 904 1960 Vict.)
936 1903 1025 1948 fert
1055 1920 1123 1948 aa

224 1973 312 2017 pro
335 1976 369 2002 a
390 1969 492 2003 ante
516 1961 674 2004 Paeto.

286 2015 536 2061 Vas-anem.
618 2019 694 2063 Sic
737 2019 844 2073 (sive
886 2018 1123 2070 Vasacen)

222 2071 360 2118 MSS.
391 2074 519 2118 Flor.
553 2077 667 2131 (test.
693 2075 831 2133 vict.)
865 2075 983 2118 Bud.
1019 2074 1124 2119 edd.

223 2127 344 2187 Spir.
397 2131 543 2176 Rhen.
597 2150 695 2191 sqq.
756 2161 817 2169 --
895 2133 1124 2174 Vasatem

162 2193 167 2198 '
223 2183 363 2232 MSS.
393 2187 518 2233 Harl.
546 2190 678 2235 Bodl.
709 2190 794 2234 Ies.
829 2188 983 2233 Guelf.
1020 2189 1124 2235 edd.

223 2243 328 2289 Put.
353 2245 424 2290 M.
444 2254 487 2289 et
507 2246 564 2291 V.
587 2247 694 2292 Ber.
721 2248 827 2291 Alc.

281 2310 382 2346 tum
402 2303 596 2349 Paetus.
656 2305 742 2350 Ed.
758 2305 877 2364 Spir.
904 2312 1014 2348 tuns
1032 2304 1122 2352 Pe.-

226 2366 313 2406 tus.
513 2387 516 2394 .
654 2394 656 2396 ψ
912 2373 914 2376 ’
1033 2405 1035 2408 .

288 2425 335 2461 et
363 2419 408 2461 si
439 2434 534 2476 qua
569 2419 816 2465 Caesares..
897 2419 974 2467 Sic
1018 2419 1121 2468 edd,

223 2475 448 2535 Bernegg.
479 2493 579 2535 sqq.
613 2494 662 2521 ex
696 2478 1010 2521 emendatione
1042 2477 1125 2519 Pi-

227 2532 418 2583 chenae.
449 2535 505 2579 ad
529 2551 663 2592 quam
684 2535 870 2594 praeivit
882 2535 984 2578 MS.
999 2535 1035 2577 F
1037 2534 1124 2579 lor.

227 2598 275 2632 et
312 2593 522 2647 siquaces
552 2595 679 2647 ¹(test.
723 2593 846 2638 vict.
888 2609 928 2636 e.
975 2591 1123 2648 Pich.)

226 2645 305 2692 Sic
337 2657 380 2692 et
414 2650 515 2704 MS,
544 2650 663 2696 Bud.
703 2651 788 2709 (pr.
823 2652 919 2707 m.).
958 2673 1015 2681 -
1075 2657 1123 2693 et

224 2703 448 2760 Siquaees
471 2708 543 2751 ed.
567 2708 684 2765 Spir.
715 2736 775 2746 --
833 2715 878 2750 et
901 2722 1123 2764 sequaces

224 2762 328 2807 MS.
342 2763 452 2823 Reg.
481 2793 540 2807 -.-
597 2773 643 2808 et
665 2766 709 2809 si
723 2766 806 2823 qui
824 2769 963 2808 duces
986 2764 1118 2808 MSS.

223 2819 347 2866 Harl.
383 2822 517 2866 Bodl.
553 2822 638 2866 Ies.
675 2822 828 2868 Guelf.
874 2823 976 2867 edd.
1013 2822 1121 2866 Put.

223 2876 294 2920 Μ.
319 2887 362 2922 et
381 2879 440 2923 V.
465 2881 569 2923 Ber.
594 2880 696 2929 Alc.
720 2881 865 2925 Rhen.
887 2896 987 2939 sqq.
1044 2879 1123 2924 Sic

224 2944 271 2981 et
301 2936 402 2983 MS.
434 2938 550 2983 Bud.
599 2954 624 2980 a
668 2955 756 2985 sec.
787 2956 848 2982 m.
926 2939 1123 2980 Aberrat

223 2992 326 3040 MS.
364 2996 472 3053 Agr.
514 2996 758 3052 Pompeios
803 3003 847 3039 ec
883 2994 1122 3050 Scipiones

222 3053 504 3095 obtinendae
531 3057 839 3097 donandaeve
865 3054 1123 3096 Armeniae

224 3109 434 3152 arbitros
446 3111 602 3167 stetisse
623 3113 704 3154 ait.

282 3166 504 3213 Vasaces.
559 3169 631 3213 =Ita
660 3168 733 3212 hic.
757 3167 858 3212 MS.
880 3167 1032 3213 Guelf.
1060 3190 1120 3200 —

224 3224 309 3272 Ed.
361 3227 483 3282 Spir.
539 3227 764 3268 Vazaces'.
844 3226 948 3269 MS.
994 3224 1119 3269 Flor.

228 3283 344 3335 (test.
380 3284 512 3339 Viet.)
552 3284 784 3328 Vasacen.
856 3283 972 3326 Edd.
1011 3282 1115 3324 Put.

226 3354 324 3396 sqq.
341 3340 560 3385 Vasates.
619 3341 860 3388 Rhenanus
885 3340 1007 3384 dedit
1020 3341 1072 3384 V
1065 3356 1122 3383 a-

226 3410 374 3444 socos.

675 3454 754 3499 Sic
809 3453 945 3499 MSS.
995 3454 1120 3498 Flor.

281 3452 587 3507 Iargiendiue.

194 3528 197 3531 ⁴
225 3510 342 3566 (test.
375 3510 503 3559 Pieh.
537 3521 583 3557 et
616 3512 707 3561 Iac.
745 3511 976 3570 Gronov.)
1014 3512 1125 3573 I'zeg.

1192 1787 1339 1831 Rhen.
1364 1802 1462 1846 sqq.
1867 1842 1875 1850 κ

1246 1859 1395 1900 penes
1413 1859 1514 1889 nos.
1576 1844 1653 1889 Sic
1674 1845 1774 1891 edd.
1788 1846 1890 1891 Put.
1909 1863 1960 1906 sq
1995 1881 2006 1892 .
2031 1852 2094 1901 (c.

1194 1902 1263 1947 sil.
1278 1902 1439 1954 Viam.
1470 1928 1526 1936 --
1579 1918 1728 1958 penes
1746 1919 1855 1957 suos
1874 1906 1945 1950 ed.
2002 1907 2090 1966 pir.

1197 1961 1323 2003 cuius
1348 1960 1440 2003 vitii
1464 1961 1687 2016 originem
1709 1959 1843 2006 facile
1869 1962 2088 2010 invenies.

1195 2016 1249 2060 In
1269 2016 1372 2060 MS.
1398 2016 1550 2060 Guelf.
1570 2032 1678 2061 suos
1700 2027 1764 2063 est
1783 2035 1806 2062 a
1824 2031 1922 2065 rec.
1940 2037 2092 2067 manu.

1206 2127 1208 2129 -
1254 2075 1552 2122 memoravit.
1624 2075 1700 2119 Sic
1738 2075 1843 2120 edd.
1876 2077 2091 2128 Beroald.

1196 2132 1255 2185 (c.
1277 2130 1346 2174 sil.
1373 2131 1511 2185 vict.)
1537 2138 1580 2174 et
1601 2140 1790 2176 recentt.
1815 2133 1921 2177 inde
1944 2138 1997 2180 ab
2022 2137 2092 2180 ed.

1196 2187 1344 2233 Gron.
1360 2189 1484 2234 1672.
1500 2213 1551 2222 -
1575 2198 1814 2239 memorat
1826 2191 1962 2236 MSS.
1975 2193 2091 2239 Bud.

1194 2243 1349 2290 Guelf.
1375 2245 1480 2290 edd.
1505 2246 1536 2289 S
1570 2246 1623 2289 ir.
1644 2246 1748 2290 Put.
1771 2248 1841 2291 Μ.
1863 2256 1906 2294 et
1919 2246 1975 2295 V.
1987 2250 2091 2295 Ale.

1192 2302 1337 2371 Rhen.
1373 2319 1473 2361 sqq.
1538 2262 1614 2354 be
1646 2303 1742 2351 aliis
1774 2304 1912 2350 MSS.
1949 2305 2093 2352 silen-

1192 2369 1308 2406 uum
1335 2368 1414 2403 est.

1253 2417 1573 2463 Monobazus..
1648 2417 1726 2463 Sic
1787 2419 1888 2466 edd.
1941 2419 2087 2468 Rhen.

1196 2493 1216 2520 s
1253 2492 1296 2533 q.
1335 2499 1394 2507 —-
1451 2477 1741 2519 Monobazus
1775 2476 1847 2520 ed.
1881 2478 2002 2538 Spir.
2033 2510 2093 2518 —

1196 2491 1521 2581 laonobanzus
1552 2534 1654 2582 MS.
1677 2532 1832 2579 Guelf.
1861 2536 1961 2581 edd.
1985 2537 2089 2583 Put.

1194 2587 1280 2637 M.
1303 2599 1345 2634 et
1377 2589 1434 2635 V.
1469 2590 1575 2637 Ber.
1614 2591 1672 2646 (c.
1711 2590 1782 2636 sil.
1812 2593 1950 2652 vict.)
1985 2595 2089 2642 Alc.

1196 2648 1284 2692 Sed
1310 2645 1372 2691 cf.
1401 2664 1442 2692 e.
1473 2650 1513 2692 1.

1252 2705 1383 2748 testis
1423 2707 1494 2748 iis.
1561 2705 1646 2749 Ed.
1682 2704 1802 2764 Spir.
1840 2711 1969 2753 testis·
2003 2711 2091 2764 his,

1191 2763 1258 2810 uti
1278 2762 1405 2807 solet.

1251 2820 1363 2863 CAP.
1388 2820 1455 2862 15.
1483 2817 1699 2876 flumim’.
1732 2815 1737 2826 ’
1759 2820 1837 2866 Sic
1858 2822 1959 2869 edd.
1975 2823 2091 2883 Spir.

1193 2880 1296 2922 Ber.
1319 2877 1379 2932 (e.
1405 2877 1473 2920 sil.
1499 2876 1636 2935 Viet.)
1658 2877 1786 2930 Pich.
1807 2896 1827 2922 s
1862 2897 1906 2951 q.
1931 2890 1974 2925 εἰ
1985 2882 2091 2927 MS.

1193 2935 1308 2984 Bud.
1332 2933 1513 2991 aliique.
1535 2963 1594 2972 --
1621 2934 1778 2991 fluvio
1865 2939 1913 2982 S.
1935 2938 2114 2984 Guelf...

1195 2992 1296 3037 edd.
1311 2991 1413 3035 Put.
1430 2993 1500 3035 M.
1525 3001 1568 3035 et
1583 2993 1638 3037 V.
1653 2993 1751 3037 Ale.
1765 2992 1971 3040 Rhenan.
1989 3013 2088 3061 sqq.

1250 3051 1491 3093 Arsaniae
1518 3050 1710 3103 (etenim
1743 3052 1781 3094 is
1812 3061 1972 3097 castra
1993 3058 2086 3112 μ),

1194 3107 1334 3152 MSS.
1360 3107 1484 3151 Flor.
1509 3108 1624 3162 (test.
1643 3108 1761 3153 Vict.
1784 3125 1825 3153 c.
1845 3108 1921 3169 al.)
1949 3110 2089 3158 Corb.

1192 3167 1261 3212 ed.
1288 3165 1684 3220 Spir.Arsan1·eti.·
1715 3167 1755 3209 is
1777 3176 1938 3218 castra
1953 3185 2003 3224 p.
2030 3192 2090 3201 —

1189 3223 1291 3267 MS.
1304 3223 1414 3281 lieg.
1430 3224 1667 3266 Arsaneti.
1697 3248 1754 3258 --
1812 3223 1948 3271 MSS.
1963 3225 2089 3279 Harl.

1188 3279 1324 3330 Bodl.
1344 3281 1425 3324 les.
1442 3279 1591 3324 Guelf.
1606 3279 1722 3331 Bud.
1736 3280 1845 3338 Agr.
1871 3282 1970 3337 edd.
1985 3281 2089 3328 Put.

1194 3338 1263 3382 M.
1290 3346 1333 3380 et
1355 3338 1410 3381 V.
1437 3339 1540 3384 Ber.
1564 3337 1663 3382 Alc.
1684 3337 1829 3382 Rhen.
1856 3355 1956 3407 sqq.
1990 3344 2088 3385 Ar-

1194 3397 1375 3440 samen.
1444 3395 1533 3439 Sed
1570 3404 1729 3443 verum
1760 3395 1962 3442 flumims
1996 3415 2088 3442 no-

1195 3469 1302 3497 men
1333 3453 1509 3511 Lipsius
1549 3453 1744 3500 restituit
1787 3469 1812 3495 e
1842 3454 1983 3500 Dion.
2015 3456 2086 3512 62,

1195 3512 1251 3559 21
1265 3543 1278 3565 ,
1296 3520 1352 3573 *et
1372 3512 1627 3558 Arsaniam
1648 3525 1752 3555 mox
1773 3508 1937 3559 habent
1948 3513 2085 3564 MSS.
