2164 3990
653 157 824 237 ΜΒ.
861 172 992 236 xv.
1078 173 1275 236 CAP.
1315 177 1416 234 es.
1834 174 1979 234 359·

99 310 418 387 pinqu‘nm‚
459 307 651 374 Ιοειιε,
694 306 760 361 in
800 325 916 382 quo
953 326 1144 382 nuper
1177 306 1441 362 obsessae
1478 323 1611 360 cum
1644 302 1822 362 Paeto
1861 306 1950 361 le—

100 395 317 469 giones·
337 403 531 462 erant,
590 390 724 447 cum
763 391 1028 447 barbaris
1069 390 1325 448 delectus
1360 400 1445 445 est
1484 388 1561 444 ob
1602 389 1946 446 memoriam

98 478 359 536 laetioris
393 477 508 533 sihi
545 475 828 543 reisnon
858 487 943 532 est
974 496 1007 532 a
1029 473 1369 532 Corbulone
1394 474 1639 541 vitatUS,
1683 485 1749 529 ut
1772 475 1947 529 dissi-

98 562 373 620 militudo
395 563 667 618 fortunae
693 559 940 633 gloriam
964 571 1215 634 augeret.
1301 579 1491 636 neque
1515 557 1756 613 infamia
1782 557 1948 615 Paeti

97 649 446 722 angebatur,
500 646 661 722 quod
693 665 761 700 eo
797 646 1047 702 maxime
1084 644 1298 720 patuit,
1341 644 1479 720 quia
1514 642 1636 698 filio
1677 642 1804 698 eius
1838 645 1948 700 tri-

95 733 260 790 buno
304 733 515 789 ducere
558 731 894 806 manipulos
940 742 1113 806 atque
1165 729 1395 804 operire
1442 727 1720 804 reliquias
1758 729 1943 784 malae

95 837 324 892 pugnae
372 816 699 891 imperavit.
797 813 909 871 Die
950 827 1114 891 pacta
1153 813 1429 870 Tiberius
1466 809 1800 869 Alexander
1849 813 1944 867 in-

96 902 294 959 lustris
333 920 508 978 eques
528 898 830 959 Romanas
869 900 1139 957 minister
1173 899 1330 955 bello
1369 900 1539 956 datus
1570 909 1627 956 et
1648 895 1944 955 Vinianus

104 140 113 149 ⁵
190 167 427 215 A.11.817.·

187 216 238 252 Α.
261 217 308 252 C.
350 216 413 251 64.

150 1159 252 1188 eum
281 1144 510 1189 barbaris.
580 1144 657 1188 Sic
682 1144 819 1189 MSS.
850 1145 972 1188 Flor.

95 1204 214 1258 (test.
251 1200 384 1260 vict.)
428 1202 535 1260 Reg.
575 1202 714 1245 Corb.
752 1203 862 1259 Agr.
909 1203 978 1244 ed.

93 1260 125 1304 S
158 1261 282 1302 ir.—
321 1275 426 1303 eum
446 1276 478 1303 a
497 1257 979 1302 barbaris-MSGuelf.

92 1333 116 1359 e
150 1317 194 1360 d.
228 1318 330 1361 Put.
364 1318 430 1360 M.
465 1325 507 1359 et
537 1316 592 1359 V.
628 1315 835 1359 Beroald.
874 1314 976 1359 Alc.

89 1373 238 1417 Rhea.
262 1389 360 1432 sqq.
420 1374 510 1418 Sed
534 1372 801 1432 praepositio
832 1382 874 1416 et
905 1371 979 1417 hic

89 1431 231 1488 aptius
264 1430 500 1474 omittitur.
576 1431 651 1474 Sic
684 1430 725 1481 2,
761 1431 829 1473 50.
862 1445 975 1484 pro-

83 1490 269 1543 pinquis
287 1490 382 1531 suis
403 1520 414 1532 .
429 1521 439 1531 .
455 1521 465 1531 .
488 1495 825 1531 removeretur.
867 1487 976 1531 Hist.

87 1546 128 1594 Ξ,
159 1546 227 1589 80.
263 1547 490 1589 militibus
535 1547 880 1599 diligebantum
935 1545 977 1597 3,

89 1604 156 1645 12.
183 1603 472 1658 Vespasiano
494 1605 788 1646 tenebantur.

145 1663 352 1703 delectus
390 1667 471 1703 est.
554 1660 631 1704 Sic
674 1659 809 1702 MSS.
851 1659 888 1702 F
892 1659 976 1703 lor.

90 1719 206 1772 (test.
241 1717 360 1760 Vict.
392 1734 432 1762 c.
468 1716 558 1762 Iac.
592 1717 824 1770 Gronov.)
866 1716 974 1774 Reg.

88 1776 205 1819 Bud.
233 1775 368 1818 Corb.
403 1773 471 1818 ed.
505 1775 624 1833 Spir.
657 1798 716 1809 -
773 1777 977 1817 delectas

90 1841 214 1876 esset
246 1833 350 1876 MS.
384 1831 536 1876 Guelf.
573 1832 674 1876 edd.
698 1832 800 1875 Put.
831 1832 902 1875 M.
935 1838 976 1874 et

87 1891 146 1934 V.
171 1890 276 1933 Ber.
310 1889 414 1934 Alc.
445 1889 587 1933 Rhen.
610 1907 709 1948 sqq.
782 1888 872 1931 Sed
908 1897 979 1932 est.

71 1949 201 1993 ..bene
233 1964 279 1990 se
303 1947 458 2000 habet;
497 1964 602 1990 nam
626 1946 843 2005 particula
868 1962 973 1988 cam

87 2005 161 2050 hic
179 2021 272 2048 non
293 2013 359 2048 est
375 2003 587 2055 causalis,
613 2005 687 2047 sed
709 2003 974 2062 copulativa.

86 2062 380 2107 Germanieet
423 2076 563 2104 wenn
598 2075 650 2103 er
684 2059 851 2114 (loeus)
884 2076 975 2102 von

83 2124 176 2164 den
196 2120 449 2162 Barbaren
482 2120 689 2172 gewiihlt
713 2121 849 2161 ward
876 2131 972 2160 we-

83 2192 175 2232 gen
196 2179 279 2218 der·
293 2175 593 2230 Erinnerung
614 2190 678 2218 an
700 2178 790 2217 das
800 2175 891 2230 fiir
906 2176 974 2219 sie

71 2234 310 2291 fi·6hlz'clze
344 2228 602 2291 Ereigmfs,
643 2248 696 2275 so
730 2235 890 2274 warde
924 2249 975 2275 er

85 2307 175 2336 von
206 2292 398 2335 Corbulo
433 2291 563 2332 nieht
594 2292 974 2343 ausgeschlagen‚

84 2351 234 2392 damit
296 2349 370 2390 die
431 2347 482 2388 V
474 2347 833 2390 erschiedenheit
890 2350 974 2389 der

87 2405 566 2450 Glacksverheiltnisse
585 2408 676 2446 den
695 2405 846 2446 Ruhm
873 2419 971 2446 ver-

86 2465 278 2507 mehrte.
347 2461 407 2505 cf.
434 2461 541 2504 infr.
567 2478 606 2505 c.
629 2461 699 2504 54.
723 2476 839 2503 nam
865 2477 971 2503 cum

83 2536 238 2565 secum
293 2519 473 2563 servilis
519 2520 706 2561 animus
750 2519 972 2572 praemia

79 2579 308 2680 fissffld‘gi
336 2577 762 2687 '5⁶f8Z‘⁰⁰2⁶75‘².⁰'
816 2576 971 2674 ¹³³3:ss

80 2695 280 2736 delectus
299 2691 402 2735 edd.
420 2648 699 2749 Lips.pGrut.
722 2649 872 2733 ifleiiunt
896 2691 969 2732 di-

36 2796 41 2805 *
83 2753 227 2793 lectus·
239 2766 253 2800 ,·
297 2747 494 2800 Piehena
524 2751 728 2791 delectus
758 2748 970 2791 restituit.

84 2807 170 2850 Iac.
204 2805 468 2848 Gronovius
512 2821 596 2863 pro
643 2821 746 2848 eum
789 2804 970 2849 volebat

83 2862 288 2906 substitui
323 2869 450 2912 tum3
485 2863 562 2905 sed
594 2870 696 2904 tum
729 2862 877 2921 potiu‘s
904 2863 968 2906 in·

84 2918 374 2978 teliigendum
410 2926 474 2962 est
499 2919 552 2961 ad
580 2920 745 2964 verba:
783 2935 878 2962 non
901 2927 970 2962 est

85 2994 117 3019 a
146 2977 194 3019 C.
227 2977 423 3024 vitatus,
462 2984 512 3019 ut
547 2977 818 3034 respondeat
847 2993 971 3036 prae-

85 3033 258 3077 cedenti
285 3047 402 3075 cum.

141 3090 478 3133 laetioris‘sibi.
550 3089 633 3132 Ed.
667 3091 785 3148 Spir.
814 3093 974 3135 letior-i

82 3149 191 3199 sibi,
220 3154 446 3204 postrema
475 3145 622 3189 littera
649 3149 814 3205 prioris
840 3166 970 3194 voea-

85 3205 176 3249 buli
208 3206 415 3270 absorpta
450 3219 474 3246 a
508 3203 726 3247 vocabulo
756 3207 972 3265 sequenti,

84 3271 134 3306 ut
182 3260 452 3319 saepissime.
540 3260 647 3303 Mox
689 3262 841 3305 eadem
893 3263 966 3308 ed.

85 3319 203 3377 Spir.
226 3326 268 3361 et
289 3317 390 3360 MS.
412 3316 536 3360 Flor.
559 3317 674 3371 (test.
698 3317 834 3375 Vict.)
870 3337 966 3378 per-

86 3384 219 3434 gunt:
252 3374 450 3417 Corbulo
473 3388 571 3416 non
598 3375 772 3418 vitatus
790 3384 839 3420 ut
854 3379 964 3420 diss.

86 3442 173 3475 etc.
202 3431 347 3475 verbis
358 3433 461 3475 'non
479 3438 547 3474 est
566 3447 598 3473 a
620 3433 810 3477 omissis.
865 3434 966 3477 MS.

89 3489 198 3546 Agr.
223 3495 322 3532 tum
346 3489 596 3534 Corbuloni
613 3502 709 3533 non
731 3492 920 3535 vitatus.

1108 1145 1384 1199 angebatur.
1471 1141 1548 1186 Sic
1581 1142 1682 1187 edd.
1718 1142 1863 1187 Rhen.
1899 1146 1941 1200 (e

1052 1201 1150 1244 MS.
1182 1202 1325 1256 Bud.)
1372 1199 1475 1243 Ald.
1511 1200 1633 1257 Lips.
1676 1201 1800 1244 1574.
1834 1202 1940 1245 Ber·

1052 1274 1229 1317 negger.
1253 1258 1464 1302 Gronov.
1490 1273 1586 1315 sqq.
1616 1282 1674 1291 —
1732 1261 1939 1312 augeba-

1051 1325 1130 1358 tur
1162 1315 1297 1358 MSS.
1333 1325 1374 1359 et
1407 1314 1506 1358 edd.
1527 1315 1647 1372 Spir.
1670 1316 1772 1358 Put.
1798 1318 1866 1360 M.
1898 1326 1941 1360 et

1049 1373 1105 1416 V.
1119 1373 1233 1421 eBer.
1259 1376 1321 1426 (c.
1346 1371 1647 1425 silent.Vict.)
1671 1373 1772 1416 Ale.
1801 1373 1851 1417 Li
1885 1374 1935 1417 sii

1081 1429 1344 1481 osteriores,
1383 1428 1564 1472 Gruter.
1597 1430 1780 1473 Pichen.
1849 1390 1940 1474 Sed

1064 1488 1288 1531 ‘henanus
1333 1488 1436 1530 loeo
1473 1488 1590 1530 bene
1622 1487 1800 1531 videtur
1831 1504 1938 1532 eon-

1049 1546 1248 1588 suluisse.
1274 1575 1276 1579 >
1318 1545 1433 1587 Nam
1456 1545 1671 1588 sententia
1695 1555 1781 1588 est:
1827 1547 1938 1590 Cor-

1048 1604 1155 1645 bulo
1189 1618 1275 1646 nec.
1305 1601 1430 1645 Paeti
1459 1602 1642 1645 infamia
1680 1604 1941 1660 angebatur.

1047 1669 1097 1702 ut
1131 1669 1368 1718 propterea
1409 1659 1536 1702 ilium
1577 1660 1727 1703 locum
1766 1660 1938 1705 vitaret.

1049 1717 1126 1760 Sic
1162 1720 1198 1769 1,
1222 1718 1290 1760 52.
1323 1718 1486 1759 bellica
1521 1732 1697 1773 quoque
1732 1717 1936 1761 Germa-

1046 1776 1142 1817 m'ci
1161 1774 1313 1830 gforia
1346 1776 1632 1828 angebatur3
1671 1774 1713 1824 3,
1735 1777 1807 1819 21.
1829 1792 1932 1818 ma-
1975 1774 1987 1782 ‘

1045 1837 1114 1887 gis
1142 1835 1361 1874 dedecore
1383 1846 1576 1874 suorum
1607 1847 1748 1887 qaam
1786 1834 1941 1886 gloria

1045 1891 1193 1932 hostis
1214 1890 1402 1932 anxius.
1463 1889 1759 1946 Kiesslingius
1789 1900 1938 1934 tamen

1047 1963 1191 2005 nuper
1217 1946 1438 1989 revocavit
1461 1948 1730 2000 augebatur,
1761 1955 1939 1990 senten·

1046 2005 1243 2061 tianique
1267 2002 1524 2046 constituit:
1557 2005 1713 2061 „quod
1735 2002 1937 2047 Corbulo

1047 2062 1200 2105 locum
1225 2078 1247 2104 a
1271 2061 1469 2104 barbaris
1500 2059 1727 2104 delectum
1759 2078 1850 2105 non
1875 2063 1939 2108 vi-

1045 2120 1178 2168 tavit,
1220 2118 1265 2161 id
1305 2133 1397 2160 non
1433 2117 1537 2159 ideo
1567 2116 1699 2167 fecit,
1741 2128 1789 2160 ut
1813 2119 1936 2165 Paeti

1046 2176 1280 2219 infamiam
1325 2176 1555 2230 augere1.'’
1634 2176 1831 2228 Dubito,
1878 2175 1936 2221 an

1045 2235 1152 2278 haec
1177 2233 1326 2277 verbis
1358 2232 1520 2284 insint3
1560 2241 1602 2275 et
1625 2233 1764 2292 magis
1789 2226 1938 2286 etiam,

1046 2309 1100 2336 an
1144 2290 1400 2348 sequentia:
1448 2293 1568 2345 quod
1619 2305 1674 2332 eo
1721 2294 1937 2335 maxime

1040 2349 1193 2404 patuit
1216 2363 1313 2404 sqq.
1347 2363 1450 2390 eum
1478 2348 1549 2389 tali
1578 2349 1794 2391 sententia
1828 2365 1935 2398 con-

1045 2405 1184 2450 ciliari
1235 2403 1423 2462 possint.
1502 2403 1713 2447 Heinsius
1759 2406 1935 2450 volebat

1044 2464 1349 2514 tangebatur,
1411 2461 1482 2503 vir
1546 2461 1705 2504 doctus
1766 2464 1809 2505 in
1860 2463 1933 2507 ed.

1045 2518 1220 2577 Gryph.
1265 2518 1471 2562 Ernestio
1514 2529 1716 2577 repertus
1757 2524 1929 2575 ageba-

1045 2586 1140 2620 tur.

1101 2635 1211 2690 quia
1237 2634 1347 2690 filio
1388 2636 1497 2676 eius.
1579 2632 1756 2678 Etenim
1796 2636 1932 2682 alium

1044 2692 1099 2734 ad
1143 2691 1407 2748 operiendas
1445 2691 1586 2734 malae
1620 2707 1796 2751 pugnae
1829 2696 1930 2739 reii-

1043 2744 1168 2806 qiiias
1214 2748 1426 2800 misisset,
1473 2748 1510 2791 si
1549 2749 1765 2794 voluisset
1795 2752 1935 2797 Paeto

1040 2822 1238 2863 parcere.

1096 2865 1286 2917 operire.
1347 2862 1426 2906 Sic
1448 2862 1581 2907 MSS.
1615 2873 1655 2907 et
1690 2876 1798 2911 vett.
1828 2869 1930 2912 edd.

1040 2937 1080 2963 c.
1104 2922 1252 2965 silent.
1267 2919 1383 2964 Viet.
1407 2946 1455 2955 -
1500 2923 1683 2974 operiri
1702 2924 1933 2983 edftLips.

1042 2979 1240 3025 mediae,
1283 2977 1471 3023 Gruter.
1504 3001 1559 3012 -—
1622 2983 1833 3035 opperiri
1863 2984 1932 3027 ed.

1045 3036 1163 3092 Lips.
1207 3036 1330 3078 1607.
1430 3035 1554 3079 Idem
1597 3038 1770 3096 Lipsius
1805 3040 1928 3083 1574.

1042 3093 1240 3136 ediderat
1268 3095 1470 3147 operire,
1499 3095 1621 3152 quod
1644 3096 1838 3149 retinent
1859 3097 1930 3140 Pi-

1043 3149 1181 3192 ebena
1205 3166 1303 3207 sqq.

1101 3208 1326 3251 inlustris.
1406 3208 1483 3252 Sic
1521 3209 1624 3253 MS.
1657 3209 1783 3253 Flor.
1829 3220 1926 3255 test.

1040 3263 1157 3307 Vict.
1190 3288 1245 3297 -
1304 3266 1502 3310 illustris
1542 3267 1643 3309 edd.
1679 3277 1785 3310 vett.
1824 3286 1926 3314 cum

1040 3321 1141 3363 cod.
1166 3321 1317 3364 Guels.

1100 3378 1343 3426 Vinianus.
1402 3380 1481 3423 Sic
1503 3382 1636 3425 MSS.
1659 3382 1783 3427 Flor.
1811 3385 1929 3438 (test.

1040 3434 1158 3478 vict.
1182 3437 1298 3479 mai.
1347 3436 1486 3481 Corb.
1524 3438 1594 3483 ed.
1625 3439 1769 3498 Spir..
1806 3442 1926 3499 quod

1040 3508 1144 3536 cum
1171 3492 1254 3536 lac.
1327 3495 1516 3539 ronovio
1540 3496 1670 3541 etiam
1697 3499 1931 3543 ltrneatius
