2164 3990
96 846 115 856 l
186 770 589 848 .„Calpurnia
636 768 778 824 scita
823 778 1199 842 pepererunt.

1759 209 1814 246 A.
1832 209 1888 245 U.
1903 211 1992 250 816.

1759 253 1814 291 A.
1831 253 1880 291 C.
1899 262 1907 268 ⁹
1927 255 1990 292 63.

219 208 348 272 350
888 204 1407 271 ANNALIUM

221 352 538 421 postquam
569 341 647 398 de
687 361 790 398 reo
825 349 1160 408 censuerat,
1197 341 1519 415 provincia
1550 340 1727 403 Creta
1765 347 2071 425 depellen-

220 432 396 498 dum,
431 425 575 487 haec
600 425 858 486 addidit:
892 423 1406 498 „Usum-ebatum
1429 439 1515 487 est
1540 427 1622 489 .P.
1637 428 1704 491 C.
1725 431 1881 507 leges
1905 453 2071 509 egre-

218 513 417 589 „giaS‚
459 513 721 589 exempla
750 507 999 568 honesta
1027 511 1186 584 apud
1219 511 1411 568 bonos
1445 533 1515 570 ex
1548 516 1780 575 delictis
1811 521 2069 578 aliorum

221 647 256 673 ‚‚
270 599 453 675 gigni.
509 599 591 656 sic
617 607 919 655 oratorum
943 595 1181 652 licentia
1195 593 1463 655 Cinciam
1486 602 1886 675 rogationem,
1931 625 2072 662 can·-

217 685 603 760 „didatorum
629 681 885 740 ambitus
909 679 1092 738 Iulias
1112 681 1267 756 leges
1282 727 1298 752 ‚
1351 686 1796 758 magistratuum
1824 691 2070 748 avaritia

1285 787 1426 824 nam
1463 771 1633 846 culpa
1666 794 1844 850 quam
1875 795 2067 852 poena

218 871 529 932 „tempore
555 853 750 929 prior,
806 853 1109 910 emendari
1146 874 1325 929 quam
1358 875 1597 929 peccare
1631 861 1924 932 posterius
1961 874 2066 922 est.

215 939 422 1019 „Ergo
447 942 726 998 adversus
747 959 965 995 novam
986 939 1443 1014 provincialium
1463 943 1799 1017 superbiam
1821 947 2068 1021 dignum

215 1030 375 1102 „fide
414 1025 862 1101 constantiaque
894 1023 1170 1083 Romana
1208 1026 1504 1100 capiamus
1551 1029 1894 1101 consilium,
1948 1053 2067 1108 quo

216 1113 477 1187 „tutelae
503 1112 799 1169 sociorum
822 1106 978 1167 nihil
1002 1112 1341 1185 derogetur,
1383 1113 1559 1169 nobis
1581 1115 1785 1189 opinio
1810 1118 2068 1187 decedat,

214 1198 453 1277 „qualis
486 1198 735 1276 quisque
773 1190 1091 1266 habeatur,
1148 1196 1292 1254 alibi
1314 1218 1492 1274 quam
1513 1199 1578 1255 in
1602 1199 1822 1259 civium
1848 1202 2069 1264 iudicio

422 1282 451 1303 ’ἵ

217 1331 252 1358 „
267 1304 407 1346 esse.

382 1403 552 1466 XXI.
605 1399 825 1475 „Olim
862 1403 1106 1479 quidem
1139 1425 1264 1462 non
1303 1407 1483 1464 modo
1520 1420 1757 1483 praetor
1789 1423 1891 1468 aut
1924 1432 2068 1468 con-

215 1542 250 1568 ‚‚
262 1495 384 1564 sul,
426 1491 529 1550 sed
561 1489 781 1566 privati
813 1489 989 1546 etiam
1019 1490 1433 1562 mittebantur,
1477 1494 1583 1570 qui
1609 1494 1945 1568 provincias
1974 1498 2068 1553 vi·-

214 1591 459 1654 „serent
489 1589 571 1646 et,
615 1575 762 1652 quid
787 1576 860 1631 de
887 1575 1169 1652 cuiusque
1193 1578 1475 1654 obsequio
1500 1579 1830 1652 videretur,
1881 1583 2068 1639 refer-

212 1677 420 1739 „rentz
475 1662 967 1737 trepidabantque
1000 1674 1198 1735 gentes
1236 1664 1309 1719 de
1328 1664 1770 1726 §existimatione
1802 1665 2070 1740 singulo-

212 1772 412 1826 ‚‚1·um.
496 1745 581 1808 At
610 1767 771 1806 nunc
802 1747 1049 1804 colimus
1079 1760 1346 1805 externos
1373 1760 1428 1818 et
1453 1750 1790 1808 adulamur:
1835 1764 1893 1810 et
1914 1773 2067 1829 quo-

216 1883 250 1910 ‚.
262 1839 442 1896 modo
471 1836 547 1892 ad
574 1844 787 1891 nutum
813 1833 1062 1890 alicuius
1086 1845 1274 1907 grates
1300 1835 1380 1892 ita
1412 1836 1744 1911 promptius
1776 1838 2064 1897 accusatio

264 2058 519 2114 probatum
550 2059 630 2096 est.
702 2051 786 2095 Ed.
819 2050 940 2109 Spir.
976 2052 1107 2095 omit·

210 2119 266 2164 tit
298 2122 388 2167 est,
433 2127 521 2170 qua
554 2109 797 2162 omissione
830 2108 894 2151 nil
927 2107 1104 2152 facilius

209 2177 320 2224 fuit,
346 2170 452 2232 quia
471 2177 574 2212 vett.
594 2168 693 2211 libri
715 2167 760 2210 id
780 2167 971 2213 verbum
992 2167 1101 2210 scri-

207 2236 324 2280 bunt
362 2244 453 2289 per·
488 2225 810 2284 compendium
850 2232 886 2266 ἒ.
933 2223 1103 2267 ΥΡεωΙο

206 2300 310 2342 ante
338 2303 425 2348 pro
457 2299 555 2329 una
577 2295 673 2326 vox
693 2281 902 2326 Heinsius
930 2280 1103 2325 volebat

205 2365 333 2394 vana
355 2359 465 2388 vox.

260 2407 328 2457 sic
347 2409 609 2447 oratorum.
669 2396 774 2442 MS.
796 2396 952 2443 Guelf.
984 2397 1104 2447 sicut

205 2481 276 2510 or.
338 2461 463 2505 Idem
487 2455 656 2512 gnigm'
672 2471 756 2514 pro
777 2456 916 2523 gigai.

265 2521 630 2575 magistratuum
700 2521 927 2558 avarztza.
1018 2514 1102 2559 Ed,

205 2581 329 2642 Spir.
356 2593 419 2619 m.
441 2574 669 2618 auat-icio.

268 2634 542 2691 Calpurnia.
603 2629 679 2674 Sic
700 2628 803 2673 MS.
829 2630 953 2673 Flor.
984 2631 1099 2684 (test.

205 2696 349 2751 Victa)
393 2691 496 2734 edd.
536 2695 725 2731 reeentt.
770 2687 874 2730 inde
915 2705 939 2731 a
977 2688 1100 2747 Lips.

456 2745 900 2803 Μ

205 2829 228 2856 e
298 2844 308 2853 .
333 2826 358 2850 V
427 2839 438 2851 ο
520 2836 531 2847 ·
613 2837 623 2855 ς
706 2835 717 2845 ·
808 2836 820 2853 2
903 2835 914 2846 ο
1002 2835 1012 2854 ,
1091 2835 1102 2847 ο

204 2877 249 2914 et
268 2865 469 2910 Vaillant
502 2860 689 2905 Nummi
715 2861 821 2904 Ant.
853 2860 961 2904 fam.
994 2860 1044 2905 Τ.
1068 2862 1102 2904 Ι.

203 2945 249 2988 p.
271 2924 358 2968 206
379 2937 480 2980 sqq.

261 2978 520 3028 emendari.
593 2976 695 3022 MS.
741 2974 894 3020 Guelf.
939 2991 1101 3020 emen-

1024 3091 1102 3136 Sic

206 3045 341 3085 dare.

260 3093 621 3153 provincialium
663 3093 950 3147 superbiam.

210 3156 350 3200 edidit
382 3150 580 3196 Piehena
609 3157 659 3191 ut
690 3165 715 3192 e
749 3149 848 3192 MS.
874 3149 1102 3200 Florent.;

211 3211 459 3257 Oberlinus
501 3206 709 3250 adfirmat
747 3207 793 3248 in
833 3206 935 3249 MS.
975 3207 1099 3250 Flor.

210 3287 304 3314 esse
350 3267 741 3323 provinciarium,
798 3264 921 3323 quod
980 3265 1101 3307 unde

208 3327 312 3370 viro
355 3323 587 3383 proditum
627 3322 706 3374 sit,
758 3337 853 3365 non
898 3321 1100 3366 invenio.

206 3383 428 3428 Mendum
463 3379 577 3424 illud
605 3396 697 3423 esse
731 3387 906 3438 typogr.
943 3379 989 3421 in
1023 3379 1096 3423 ed.

208 3440 370 3485 Oberl.
399 3437 611 3483 coniicio.
672 3437 787 3480 Nam
815 3435 1100 3480 Pichena'ita

208 3499 264 3543 de
276 3498 398 3542 Flor.
424 3495 647 3551 loquitur,
679 3503 726 3537 ut
750 3494 904 3538 credas
925 3494 987 3537 ihi
1007 3508 1101 3536 esse

204 3554 582 3611 promuntunum,
643 3567 788 3610 neque
834 3550 1102 3593 contradixit

1175 2052 1263 2095 Iac.
1277 2051 1557 2099 Gronovius.
1598 2053 1829 2099 Victorius
1847 2055 2068 2100 intactum

1174 2109 1359 2167 reliquit
1378 2112 1758 2164 provinciarum,
1786 2114 1908 2170 quod
1929 2123 1995 2158 est
2018 2113 2067 2156 in

1175 2167 1334 2212 ceteris
1368 2167 1506 2212 MSS.
1545 2177 1589 2212 et
1631 2169 1732 2212 edd.
1776 2178 1877 2213 ante
1910 2169 2066 2216 piche-

1173 2241 1276 2269 nam
1291 2258 1324 2293 ,ἦ
1342 2224 1429 2267 nisi
1461 2226 1586 2285 quod
1616 2225 1686 2269 ed.
1708 2227 1826 2284 Spir.
1853 2227 1928 2271 dat
1950 2243 2069 2284 pro-

1173 2284 1340 2326 uincia.
1383 2309 1443 2318 --
1509 2282 1868 2327 Provinciamm
1894 2284 1970 2331 hic
1999 2302 2068 2330 ae·

1175 2355 1260 2398 que
1283 2355 1441 2384 sanum
1463 2349 1529 2384 est
1549 2349 1680 2399 atque
1695 2343 2070 2397 provincialium,

1175 2406 1218 2441 et
1237 2397 1383 2455 potuit
1395 2397 1592 2443 Pichena
1615 2397 1724 2442 salli.
1769 2399 2068 2460 Kiesslingius

1172 2455 1408 2500 revocavit
1427 2458 1790 2510 provinciarum.

1231 2516 1498 2567 derogetur.
1557 2513 1640 2558 Ed.
1662 2512 1780 2571 Spir.
1806 2517 2068 2572 derogare-

1175 2578 1276 2620 tur,
1318 2579 1361 2613 et
1391 2571 1439 2614 in
1469 2570 1560 2615 fine
1591 2570 1747 2630 capitis
1775 2572 1951 2617 iudicia
1981 2589 2069 2632 pro

1173 2629 1356 2672 iudicio.
1425 2627 1497 2672 De
1539 2628 1769 2674 locutione
1811 2632 1860 2674 in
1891 2631 2068 2674 civium

1173 2687 1340 2729 iudicio
1375 2700 1476 2729 esse
1506 2686 1568 2730 cf.
1588 2686 1775 2734 sueton.
1801 2685 1910 2732 Oct.
1936 2704 1977 2732 c.
1995 2689 2068 2732 70.

1173 2758 1319 2786 coena
1367 2758 1547 2800 quoque
1597 2746 1696 2786 eius
1742 2747 1968 2789 secretior
2011 2748 2072 2790 in

1162 2801 1405 2859 fabulis
1421 2802 1521 2856 fait
1544 2810 1632 2846 ete.

1232 2859 1346 2903 CAP.
1409 2859 1484 2903 21.
1574 2861 1634 2902 de
1705 2861 2072 2908 existimatione.

1173 2915 1312 2959 MSS.
1353 2914 1469 2963 Bud.
1511 2914 1666 2961 Guelf.
1715 2917 1883 2977 aliique
1933 2920 2070 2963 codd.

1174 2973 1275 3018 edd.
1307 2972 1424 3032 Spir.
1459 2973 1564 3016 Put.
1602 2974 1671 3018 M.
1699 2983 1742 3018 et
1767 2975 1824 3020 V.
1859 2978 2069 3026 extima-

1173 3032 1322 3082 tione,
1354 3031 1476 3088 quod
1502 3039 1650 3089 potest
1672 3048 1765 3076 esse
1792 3049 1877 3091 pro
1900 3035 2071 3078 existi-

1173 3090 1382 3131 matione
1405 3098 1447 3132 et
1468 3105 1550 3145 pro
1573 3091 1920 3135 aestimatione.
1972 3091 2072 3136 Hoc

1172 3146 1352 3206 edidere
1374 3146 1583 3192 Beroald.
1611 3148 1734 3201 (cum
1755 3147 1900 3194 silent.
1930 3147 2070 3201 vict.)

1172 3202 1275 3247 Alc.
1313 3203 1516 3249 Rhenan.
1559 3220 1658 3263 sqq.
1707 3221 1850 3263 usque
1894 3206 1951 3249 ad
1990 3205 2070 3250 Er-

1171 3260 1393 3310 nestium,
1424 3261 1501 3330 qui
1524 3262 1681 3304 maluit
1706 3264 2070 3314 exanimatione,

1170 3318 1307 3386 idque
1350 3319 1483 3362 hodie
1529 3319 1754 3377 vulgatur.
1832 3319 2071 3379 Bipontini

1171 3384 1366 3420 retment
1389 3377 1732 3420 aestimatione.
1792 3376 1909 3421 Cum
1925 3376 2070 3420 Ober-

1173 3432 1269 3477 lino
1313 3449 1476 3478 censeo
1514 3449 1673 3493 parum
1718 3434 1791 3478 hic
1832 3434 2071 3488 interesse3

1173 3507 1279 3534 nam
1312 3491 1416 3536 huic
1452 3491 1557 3536 loco
1589 3499 1835 3549 utrumque
1871 3493 2067 3538 vocabu·

1172 3547 1268 3591 lum
1300 3549 1528 3597 convenit.
1588 3548 1651 3591 cf.
1684 3556 1781 3592 not.
1821 3550 1876 3592 ad
1906 3549 1971 3602 13,
1999 3550 2067 3593 17.
