<?xml version="1.0" encoding="UTF-8"?>
<!DOCTYPE html PUBLIC "-//W3C//DTD XHTML 1.0 Transitional//EN"
    "http://www.w3.org/TR/xhtml1/DTD/xhtml1-transitional.dtd">
<html xmlns="http://www.w3.org/1999/xhtml" xml:lang="en" lang="en">
 <head>
  <title>
</title>
<meta http-equiv="Content-Type" content="text/html;charset=utf-8" />
  <meta name='ocr-system' content='tesseract 3.04.00' />
  <meta name='ocr-capabilities' content='ocr_page ocr_carea ocr_par ocr_line ocrx_word'/>
</head>
<body>
  <div class='ocr_page' id='page_1' title='image "./operarecensuitet02taciuoft/operarecensuitet02taciuoft_0084.png"; bbox 0 0 2164 3990; ppageno 0'>
   <div class='ocr_carea' id='block_1_1' title="bbox 1753 209 1973 311">
    <p class='ocr_par' dir='ltr' id='par_1_1' title="bbox 1753 209 1973 311">
     <span class='ocr_line' id='line_1_1' title="bbox 1753 209 1973 270; baseline -0.014 -3"><span class='ocrx_word' id='word_1_1' title='bbox 1753 209 1973 270; x_wconf 53' lang='lat' dir='ltr'>aarum.</span> 
     </span>
     <span class='ocr_line' id='line_1_2' title="bbox 1754 273 1972 311; baseline -0.005 0"><span class='ocrx_word' id='word_1_2' title='bbox 1754 277 1809 311; x_wconf 74' lang='lat' dir='ltr'>A.</span> <span class='ocrx_word' id='word_1_3' title='bbox 1827 273 1875 309; x_wconf 80' lang='lat' dir='ltr'>c,</span> <span class='ocrx_word' id='word_1_4' title='bbox 1911 274 1972 310; x_wconf 74' lang='grc' dir='ltr'>ω.</span> 
     </span>
    </p>
   </div>
   <div class='ocr_carea' id='block_1_2' title="bbox 187 197 1383 291">
    <p class='ocr_par' dir='ltr' id='par_1_2' title="bbox 187 197 1383 291">
     <span class='ocr_line' id='line_1_3' title="bbox 187 197 1383 291; baseline -0.002 0"><span class='ocrx_word' id='word_1_5' title='bbox 187 227 278 291; x_wconf 80' lang='grc'>,74</span> <span class='ocrx_word' id='word_1_6' title='bbox 875 197 1383 289; x_wconf 75' lang='lat' dir='ltr'><strong>ANNALIUM</strong></span> 
     </span>
    </p>
   </div>
   <div class='ocr_carea' id='block_1_3' title="bbox 188 354 2093 1204">
    <p class='ocr_par' dir='ltr' id='par_1_3' title="bbox 188 354 2093 1204">
     <span class='ocr_line' id='line_1_4' title="bbox 195 354 2058 438; baseline 0.007 -26"><span class='ocrx_word' id='word_1_7' title='bbox 195 374 433 432; x_wconf 88' lang='lat' dir='ltr'>quoque</span> <span class='ocrx_word' id='word_1_8' title='bbox 471 354 729 416; x_wconf 83' lang='lat' dir='ltr'><strong>miserat.</strong></span> <span class='ocrx_word' id='word_1_9' title='bbox 828 357 1176 434; x_wconf 83' lang='lat' dir='ltr'>addiditque</span> <span class='ocrx_word' id='word_1_10' title='bbox 1209 371 1516 436; x_wconf 86' lang='lat' dir='ltr'>praecepta</span> <span class='ocrx_word' id='word_1_11' title='bbox 1566 356 1813 438; x_wconf 87' lang='lat' dir='ltr'><strong>(etenim</strong></span> <span class='ocrx_word' id='word_1_12' title='bbox 1855 367 2058 426; x_wconf 88' lang='lat' dir='ltr'>aderat</span> 
     </span>
     <span class='ocr_line' id='line_1_5' title="bbox 194 437 2057 519; baseline 0.006 -21"><span class='ocrx_word' id='word_1_13' title='bbox 194 437 630 519; x_wconf 82' lang='lat' dir='ltr'>Meherdates),</span> <span class='ocrx_word' id='word_1_14' title='bbox 660 451 731 498; x_wconf 88' lang='lat' dir='ltr'>ut</span> <span class='ocrx_word' id='word_1_15' title='bbox 753 459 879 498; x_wconf 89' lang='lat' dir='ltr'>non</span> <span class='ocrx_word' id='word_1_16' title='bbox 901 442 1369 500; x_wconf 84' lang='lat' dir='ltr'>dominationem</span> <span class='ocrx_word' id='word_1_17' title='bbox 1395 457 1451 502; x_wconf 89' lang='lat' dir='ltr'>et</span> <span class='ocrx_word' id='word_1_18' title='bbox 1475 466 1699 518; x_wconf 66' lang='lat' dir='ltr'>servm,</span> <span class='ocrx_word' id='word_1_19' title='bbox 1735 450 1838 506; x_wconf 84' lang='lat' dir='ltr'>sed</span> <span class='ocrx_word' id='word_1_20' title='bbox 1864 463 2057 509; x_wconf 90' lang='lat' dir='ltr'>recto-</span> 
     </span>
     <span class='ocr_line' id='line_1_6' title="bbox 193 526 2055 612; baseline 0.005 -29"><span class='ocrx_word' id='word_1_21' title='bbox 193 546 321 584; x_wconf 89' lang='lat' dir='ltr'>rem</span> <span class='ocrx_word' id='word_1_22' title='bbox 346 537 404 584; x_wconf 88' lang='lat' dir='ltr'>et</span> <span class='ocrx_word' id='word_1_23' title='bbox 425 526 580 583; x_wconf 88' lang='lat' dir='ltr'>cives</span> <span class='ocrx_word' id='word_1_24' title='bbox 604 526 883 600; x_wconf 80' lang='lat' dir='ltr'>cogitaret</span> <span class='ocrx_word' id='word_1_25' title='bbox 898 573 916 597; x_wconf 91' lang='lat'>‚</span> <span class='ocrx_word' id='word_1_26' title='bbox 958 527 1443 606; x_wconf 74' lang='lat' dir='ltr'>clementiamque</span> <span class='ocrx_word' id='word_1_27' title='bbox 1465 552 1531 588; x_wconf 95' lang='lat' dir='ltr'>ac</span> <span class='ocrx_word' id='word_1_28' title='bbox 1556 532 1841 591; x_wconf 85' lang='lat' dir='ltr'>iustitiam</span> <span class='ocrx_word' id='word_1_29' title='bbox 1861 556 2055 612; x_wconf 80' lang='lat' dir='ltr'>quan-</span> 
     </span>
     <span class='ocr_line' id='line_1_7' title="bbox 190 611 2055 692; baseline 0.005 -23"><span class='ocrx_word' id='word_1_30' title='bbox 190 623 253 670; x_wconf 91' lang='lat' dir='ltr'>to</span> <span class='ocrx_word' id='word_1_31' title='bbox 304 611 509 686; x_wconf 83' lang='lat' dir='ltr'>ignara</span> <span class='ocrx_word' id='word_1_32' title='bbox 547 611 815 668; x_wconf 89' lang='lat' dir='ltr'>barbaris</span> <span class='ocrx_word' id='word_1_33' title='bbox 851 621 1014 668; x_wconf 88' lang='lat' dir='ltr'>tanto</span> <span class='ocrx_word' id='word_1_34' title='bbox 1061 613 1399 671; x_wconf 89' lang='lat' dir='ltr'>toleratiora</span> <span class='ocrx_word' id='word_1_35' title='bbox 1447 630 1783 692; x_wconf 82' lang='lat' dir='ltr'>capesseret.</span> <span class='ocrx_word' id='word_1_36' title='bbox 1854 664 1860 666; x_wconf 77' lang='grc'><strong>-</strong></span> <span class='ocrx_word' id='word_1_37' title='bbox 1895 618 2055 678; x_wconf 88' lang='lat' dir='ltr'>Hinc</span> 
     </span>
     <span class='ocr_line' id='line_1_8' title="bbox 189 697 2056 780; baseline 0.004 -26"><span class='ocrx_word' id='word_1_38' title='bbox 189 710 395 754; x_wconf 77' lang='lat' dir='ltr'>versus</span> <span class='ocrx_word' id='word_1_39' title='bbox 421 697 495 753; x_wconf 89' lang='lat' dir='ltr'>ad</span> <span class='ocrx_word' id='word_1_40' title='bbox 523 697 744 770; x_wconf 84' lang='lat' dir='ltr'>legatos</span> <span class='ocrx_word' id='word_1_41' title='bbox 774 697 1005 754; x_wconf 86' lang='lat' dir='ltr'>extollit</span> <span class='ocrx_word' id='word_1_42' title='bbox 1029 697 1307 755; x_wconf 83' lang='lat' dir='ltr'>laudibus</span> <span class='ocrx_word' id='word_1_43' title='bbox 1342 702 1651 760; x_wconf 89' lang='lat' dir='ltr'>alumnum</span> <span class='ocrx_word' id='word_1_44' title='bbox 1685 703 1882 774; x_wconf 80' lang='lat' dir='ltr'>urbiS‚</span> <span class='ocrx_word' id='word_1_45' title='bbox 1924 724 2056 780; x_wconf 89' lang='lat' dir='ltr'>spe-</span> 
     </span>
     <span class='ocr_line' id='line_1_9' title="bbox 191 781 2093 864; baseline 0.004 -24"><span class='ocrx_word' id='word_1_46' title='bbox 191 793 376 840; x_wconf 86' lang='lat' dir='ltr'>ctatae</span> <span class='ocrx_word' id='word_1_47' title='bbox 403 782 478 838; x_wconf 91' lang='lat' dir='ltr'>ad</span> <span class='ocrx_word' id='word_1_48' title='bbox 514 781 578 838; x_wconf 92' lang='lat' dir='ltr'>id</span> <span class='ocrx_word' id='word_1_49' title='bbox 611 781 951 841; x_wconf 88' lang='lat' dir='ltr'>modestiae.</span> <span class='ocrx_word' id='word_1_50' title='bbox 1039 802 1104 839; x_wconf 90' lang='lat' dir='ltr'>ac</span> <span class='ocrx_word' id='word_1_51' title='bbox 1138 793 1335 839; x_wconf 87' lang='lat' dir='ltr'>tamen</span> <span class='ocrx_word' id='word_1_52' title='bbox 1368 787 1616 844; x_wconf 85' lang='lat' dir='ltr'>ferenda</span> <span class='ocrx_word' id='word_1_53' title='bbox 1649 808 1854 862; x_wconf 86' lang='lat' dir='ltr'>regum</span> <span class='ocrx_word' id='word_1_54' title='bbox 1889 789 2056 864; x_wconf 84' lang='lat' dir='ltr'>inge-</span> <span class='ocrx_word' id='word_1_55' title='bbox 2092 799 2093 802; x_wconf 75' lang='grc'>’</span> 
     </span>
     <span class='ocr_line' id='line_1_10' title="bbox 190 865 2054 944; baseline 0.004 -20"><span class='ocrx_word' id='word_1_56' title='bbox 190 867 325 937; x_wconf 87' lang='lat' dir='ltr'>nia,</span> <span class='ocrx_word' id='word_1_57' title='bbox 379 885 572 944; x_wconf 89' lang='lat' dir='ltr'>neque</span> <span class='ocrx_word' id='word_1_58' title='bbox 617 865 754 924; x_wconf 90' lang='lat' dir='ltr'>usui</span> <span class='ocrx_word' id='word_1_59' title='bbox 800 867 1032 924; x_wconf 90' lang='lat' dir='ltr'>crebras</span> <span class='ocrx_word' id='word_1_60' title='bbox 1075 867 1452 930; x_wconf 80' lang='lat' dir='ltr'>mutationes.</span> <span class='ocrx_word' id='word_1_61' title='bbox 1546 893 1672 931; x_wconf 89' lang='lat' dir='ltr'>rem</span> <span class='ocrx_word' id='word_1_62' title='bbox 1715 873 2054 934; x_wconf 88' lang='lat' dir='ltr'>Romanam</span> 
     </span>
     <span class='ocr_line' id='line_1_11' title="bbox 189 948 2054 1036; baseline 0.003 -26"><span class='ocrx_word' id='word_1_63' title='bbox 189 948 308 1010; x_wconf 91' lang='lat' dir='ltr'>huc</span> <span class='ocrx_word' id='word_1_64' title='bbox 343 953 603 1009; x_wconf 86' lang='lat' dir='ltr'>satietate</span> <span class='ocrx_word' id='word_1_65' title='bbox 629 951 849 1023; x_wconf 85' lang='lat' dir='ltr'>gloriae</span> <span class='ocrx_word' id='word_1_66' title='bbox 871 965 1242 1028; x_wconf 82' lang='lat' dir='ltr'>provectam,</span> <span class='ocrx_word' id='word_1_67' title='bbox 1279 965 1346 1013; x_wconf 91' lang='lat' dir='ltr'>ut</span> <span class='ocrx_word' id='word_1_68' title='bbox 1371 958 1623 1014; x_wconf 84' lang='lat' dir='ltr'>externis</span> <span class='ocrx_word' id='word_1_69' title='bbox 1649 980 1883 1036; x_wconf 91' lang='lat' dir='ltr'>quoque</span> <span class='ocrx_word' id='word_1_70' title='bbox 1910 979 2054 1034; x_wconf 86' lang='lat' dir='ltr'>gen-</span> 
     </span>
     <span class='ocr_line' id='line_1_12' title="bbox 188 1034 2052 1122; baseline 0.003 -27"><span class='ocrx_word' id='word_1_71' title='bbox 188 1039 348 1096; x_wconf 87' lang='lat' dir='ltr'>tibus</span> <span class='ocrx_word' id='word_1_72' title='bbox 398 1037 656 1115; x_wconf 88' lang='lat' dir='ltr'>quietem</span> <span class='ocrx_word' id='word_1_73' title='bbox 697 1036 858 1096; x_wconf 86' lang='lat' dir='ltr'>velit.</span> <span class='ocrx_word' id='word_1_74' title='bbox 954 1034 1177 1095; x_wconf 88' lang='lat' dir='ltr'>Datum</span> <span class='ocrx_word' id='word_1_75' title='bbox 1212 1051 1346 1113; x_wconf 91' lang='lat' dir='ltr'>post</span> <span class='ocrx_word' id='word_1_76' title='bbox 1380 1035 1525 1098; x_wconf 90' lang='lat' dir='ltr'>haec</span> <span class='ocrx_word' id='word_1_77' title='bbox 1559 1039 1628 1102; x_wconf 91' lang='lat' dir='ltr'>C.</span> <span class='ocrx_word' id='word_1_78' title='bbox 1662 1040 1894 1116; x_wconf 87' lang='lat' dir='ltr'>Cassio,</span> <span class='ocrx_word' id='word_1_79' title='bbox 1948 1046 2052 1122; x_wconf 88' lang='lat' dir='ltr'>qui</span> 
     </span>
     <span class='ocr_line' id='line_1_13' title="bbox 190 1122 2047 1204; baseline 0.005 -23"><span class='ocrx_word' id='word_1_80' title='bbox 190 1122 396 1201; x_wconf 86' lang='lat' dir='ltr'>Syriae</span> <span class='ocrx_word' id='word_1_81' title='bbox 422 1132 715 1199; x_wconf 83' lang='lat' dir='ltr'>praeerat,</span> <span class='ocrx_word' id='word_1_82' title='bbox 758 1122 1047 1179; x_wconf 86' lang='lat' dir='ltr'>deducere</span> <span class='ocrx_word' id='word_1_83' title='bbox 1080 1123 1356 1181; x_wconf 87' lang='lat' dir='ltr'>iuvenem</span> <span class='ocrx_word' id='word_1_84' title='bbox 1390 1125 1583 1202; x_wconf 88' lang='lat' dir='ltr'>ripam</span> <span class='ocrx_word' id='word_1_85' title='bbox 1607 1128 1681 1184; x_wconf 90' lang='lat' dir='ltr'>ad</span> <span class='ocrx_word' id='word_1_86' title='bbox 1702 1124 2047 1204; x_wconf 85' lang='lat' dir='ltr'>Euphratis.</span> 
     </span>
    </p>
   </div>
   <div class='ocr_carea' id='block_1_4' title="bbox 183 1215 2053 1385">
    <p class='ocr_par' dir='ltr' id='par_1_4' title="bbox 183 1215 2053 1385">
     <span class='ocr_line' id='line_1_14' title="bbox 354 1215 2050 1299; baseline 0.005 -23"><span class='ocrx_word' id='word_1_87' title='bbox 354 1215 494 1278; x_wconf 90' lang='lat' dir='ltr'>XII.</span> <span class='ocrx_word' id='word_1_88' title='bbox 578 1215 671 1276; x_wconf 84' lang='lat' dir='ltr'>Ea</span> <span class='ocrx_word' id='word_1_89' title='bbox 713 1230 1054 1294; x_wconf 86' lang='lat' dir='ltr'>tempestate</span> <span class='ocrx_word' id='word_1_90' title='bbox 1085 1216 1324 1278; x_wconf 88' lang='lat' dir='ltr'>Cassius</span> <span class='ocrx_word' id='word_1_91' title='bbox 1375 1234 1596 1281; x_wconf 90' lang='lat' dir='ltr'>ceteros</span> <span class='ocrx_word' id='word_1_92' title='bbox 1640 1224 2050 1299; x_wconf 89' lang='lat' dir='ltr'>praeminebat</span> 
     </span>
     <span class='ocr_line' id='line_1_15' title="bbox 183 1304 2053 1385; baseline 0.004 -23"><span class='ocrx_word' id='word_1_93' title='bbox 183 1304 395 1381; x_wconf 90' lang='lat' dir='ltr'>peritia</span> <span class='ocrx_word' id='word_1_94' title='bbox 428 1304 647 1379; x_wconf 86' lang='lat' dir='ltr'>legum.</span> <span class='ocrx_word' id='word_1_95' title='bbox 746 1324 887 1362; x_wconf 84' lang='lat' dir='ltr'>nam</span> <span class='ocrx_word' id='word_1_96' title='bbox 916 1305 1203 1364; x_wconf 85' lang='lat' dir='ltr'>militares</span> <span class='ocrx_word' id='word_1_97' title='bbox 1245 1317 1399 1366; x_wconf 88' lang='lat' dir='ltr'>artes</span> <span class='ocrx_word' id='word_1_98' title='bbox 1434 1328 1542 1383; x_wconf 90' lang='lat' dir='ltr'>per</span> <span class='ocrx_word' id='word_1_99' title='bbox 1585 1310 1773 1369; x_wconf 82' lang='lat' dir='ltr'>otium</span> <span class='ocrx_word' id='word_1_100' title='bbox 1818 1310 2053 1385; x_wconf 86' lang='lat' dir='ltr'>ignotae</span> 
     </span>
    </p>
   </div>
   <div class='ocr_carea' id='block_1_5' title="bbox 173 1548 2048 1901">
    <p class='ocr_par' dir='ltr' id='par_1_5' title="bbox 173 1548 2048 1901">
     <span class='ocr_line' id='line_1_16' title="bbox 238 1548 2048 1613; baseline 0.004 -19"><span class='ocrx_word' id='word_1_101' title='bbox 238 1552 426 1595; x_wconf 82' lang='lat' dir='ltr'>aderat.</span> <span class='ocrx_word' id='word_1_102' title='bbox 482 1548 567 1595; x_wconf 90' lang='lat' dir='ltr'>Ed.</span> <span class='ocrx_word' id='word_1_103' title='bbox 588 1549 706 1610; x_wconf 85' lang='lat' dir='ltr'>Spir.</span> <span class='ocrx_word' id='word_1_104' title='bbox 730 1559 851 1595; x_wconf 83' lang='lat' dir='ltr'>erat.</span> <span class='ocrx_word' id='word_1_105' title='bbox 908 1552 1080 1598; x_wconf 87' lang='lat' dir='ltr'>Eadem</span> <span class='ocrx_word' id='word_1_106' title='bbox 1152 1562 1368 1613; x_wconf 84' lang='lat' dir='ltr'>possunt,</span> <span class='ocrx_word' id='word_1_107' title='bbox 1419 1555 1696 1612; x_wconf 84' lang='lat' dir='ltr'>tolerabilia;</span> <span class='ocrx_word' id='word_1_108' title='bbox 1753 1559 2048 1607; x_wconf 85' lang='lat' dir='ltr'>toleratiora‚</span> 
     </span>
     <span class='ocr_line' id='line_1_17' title="bbox 180 1608 2048 1676; baseline 0.004 -23"><span class='ocrx_word' id='word_1_109' title='bbox 180 1615 330 1653; x_wconf 85' lang='lat' dir='ltr'>totum</span> <span class='ocrx_word' id='word_1_110' title='bbox 378 1610 533 1654; x_wconf 82' lang='lat' dir='ltr'>locum</span> <span class='ocrx_word' id='word_1_111' title='bbox 587 1608 707 1653; x_wconf 87' lang='lat' dir='ltr'>male</span> <span class='ocrx_word' id='word_1_112' title='bbox 765 1609 938 1654; x_wconf 83' lang='lat' dir='ltr'>exhibet</span> <span class='ocrx_word' id='word_1_113' title='bbox 990 1612 1081 1656; x_wconf 86' lang='lat' dir='ltr'>sic:</span> <span class='ocrx_word' id='word_1_114' title='bbox 1112 1661 1117 1666; x_wconf 17' lang='lat' dir='ltr'><em>t</em></span> <span class='ocrx_word' id='word_1_115' title='bbox 1153 1630 1269 1672; x_wconf 88' lang='lat' dir='ltr'>quae</span> <span class='ocrx_word' id='word_1_116' title='bbox 1293 1612 1479 1657; x_wconf 79' lang='lat' dir='ltr'>tolerari</span> <span class='ocrx_word' id='word_1_117' title='bbox 1514 1613 1662 1658; x_wconf 87' lang='lat' dir='ltr'>solent</span> <span class='ocrx_word' id='word_1_118' title='bbox 1685 1615 1920 1669; x_wconf 78' lang='lat' dir='ltr'>lubenter,</span> <span class='ocrx_word' id='word_1_119' title='bbox 1951 1631 2048 1676; x_wconf 85' lang='lat' dir='ltr'>gra-</span> 
     </span>
     <span class='ocr_line' id='line_1_18' title="bbox 173 1667 1804 1728; baseline 0.004 -19"><span class='ocrx_word' id='word_1_120' title='bbox 173 1674 444 1724; x_wconf 70' lang='lat' dir='ltr'>praecepta.</span> <span class='ocrx_word' id='word_1_121' title='bbox 489 1667 551 1710; x_wconf 80' lang='lat' dir='ltr'>Et</span> <span class='ocrx_word' id='word_1_122' title='bbox 575 1667 701 1710; x_wconf 85' lang='lat' dir='ltr'>enim</span> <span class='ocrx_word' id='word_1_123' title='bbox 719 1675 823 1710; x_wconf 81' lang='lat' dir='ltr'>erat</span> <span class='ocrx_word' id='word_1_124' title='bbox 835 1668 1080 1713; x_wconf 79' lang='lat' dir='ltr'>Meherda-</span> <span class='ocrx_word' id='word_1_125' title='bbox 1152 1678 1221 1720; x_wconf 87' lang='lat' dir='ltr'>ta,</span> <span class='ocrx_word' id='word_1_126' title='bbox 1252 1679 1450 1728; x_wconf 87' lang='lat' dir='ltr'>accepta.</span> <span class='ocrx_word' id='word_1_127' title='bbox 1801 1679 1804 1681; x_wconf 82' lang='grc'><strong>’</strong></span> 
     </span>
     <span class='ocr_line' id='line_1_19' title="bbox 180 1723 2045 1784; baseline 0.003 -17"><span class='ocrx_word' id='word_1_128' title='bbox 180 1733 253 1767; x_wconf 81' lang='lat' dir='ltr'>tes</span> <span class='ocrx_word' id='word_1_129' title='bbox 286 1732 340 1767; x_wconf 87' lang='lat' dir='ltr'>ut</span> <span class='ocrx_word' id='word_1_130' title='bbox 367 1739 467 1768; x_wconf 85' lang='lat' dir='ltr'>non</span> <span class='ocrx_word' id='word_1_131' title='bbox 498 1733 586 1770; x_wconf 84' lang='lat' dir='ltr'>etc.</span> <span class='ocrx_word' id='word_1_132' title='bbox 673 1723 809 1769; x_wconf 86' lang='lat' dir='ltr'>MSS.</span> <span class='ocrx_word' id='word_1_133' title='bbox 842 1724 998 1771; x_wconf 85' lang='lat' dir='ltr'>Guelf.</span> <span class='ocrx_word' id='word_1_134' title='bbox 1037 1735 1080 1771; x_wconf 89' lang='lat' dir='ltr'>et</span> <span class='ocrx_word' id='word_1_135' title='bbox 1208 1735 1482 1783; x_wconf 72' lang='lat' dir='ltr'>capesseret.</span> <span class='ocrx_word' id='word_1_136' title='bbox 1565 1725 1703 1773; x_wconf 88' lang='lat' dir='ltr'>MSS.</span> <span class='ocrx_word' id='word_1_137' title='bbox 1742 1727 1871 1774; x_wconf 84' lang='lat' dir='ltr'>Flor.</span> <span class='ocrx_word' id='word_1_138' title='bbox 1915 1729 2045 1784; x_wconf 77' lang='lat' dir='ltr'>(test.</span> 
     </span>
     <span class='ocr_line' id='line_1_20' title="bbox 181 1780 2046 1844; baseline 0.003 -18"><span class='ocrx_word' id='word_1_139' title='bbox 181 1781 334 1826; x_wconf 90' lang='lat' dir='ltr'>Oxon.</span> <span class='ocrx_word' id='word_1_140' title='bbox 366 1783 422 1838; x_wconf 90' lang='lat' dir='ltr'>(l.</span> <span class='ocrx_word' id='word_1_141' title='bbox 446 1780 674 1839; x_wconf 65' lang='lat' dir='ltr'>Gronoxr.)</span> <span class='ocrx_word' id='word_1_142' title='bbox 706 1782 916 1840; x_wconf 88' lang='lat' dir='ltr'>copulam</span> <span class='ocrx_word' id='word_1_143' title='bbox 949 1785 1079 1828; x_wconf 86' lang='lat' dir='ltr'>omit·</span> <span class='ocrx_word' id='word_1_144' title='bbox 1149 1783 1297 1842; x_wconf 81' lang='lat' dir='ltr'>Vict.)</span> <span class='ocrx_word' id='word_1_145' title='bbox 1329 1785 1482 1830; x_wconf 87' lang='lat' dir='ltr'>Guelf.</span> <span class='ocrx_word' id='word_1_146' title='bbox 1519 1786 1622 1830; x_wconf 91' lang='lat' dir='ltr'>edd.</span> <span class='ocrx_word' id='word_1_147' title='bbox 1661 1785 1782 1844; x_wconf 85' lang='lat' dir='ltr'>Spir.</span> <span class='ocrx_word' id='word_1_148' title='bbox 1823 1786 1928 1830; x_wconf 85' lang='lat' dir='ltr'>Ald.</span> <span class='ocrx_word' id='word_1_149' title='bbox 1963 1803 2046 1831; x_wconf 88' lang='lat' dir='ltr'>ca-</span> 
     </span>
     <span class='ocr_line' id='line_1_21' title="bbox 176 1838 1896 1901; baseline 0.003 -19"><span class='ocrx_word' id='word_1_150' title='bbox 176 1846 281 1883; x_wconf 86' lang='lat' dir='ltr'>tunt</span> <span class='ocrx_word' id='word_1_151' title='bbox 322 1840 371 1882; x_wconf 88' lang='lat' dir='ltr'>iu</span> <span class='ocrx_word' id='word_1_152' title='bbox 408 1841 699 1895; x_wconf 76' lang='lat' dir='ltr'>addiditque.</span> <span class='ocrx_word' id='word_1_153' title='bbox 785 1838 935 1884; x_wconf 80' lang='lat' dir='ltr'>Guelf.</span> <span class='ocrx_word' id='word_1_154' title='bbox 971 1857 1077 1887; x_wconf 84' lang='lat' dir='ltr'>mox</span> <span class='ocrx_word' id='word_1_155' title='bbox 1143 1852 1378 1898; x_wconf 62' lang='lat' dir='ltr'>pesce-ret,</span> <span class='ocrx_word' id='word_1_156' title='bbox 1416 1852 1466 1886; x_wconf 90' lang='lat' dir='ltr'>ut</span> <span class='ocrx_word' id='word_1_157' title='bbox 1490 1859 1624 1899; x_wconf 88' lang='lat' dir='ltr'>supra</span> <span class='ocrx_word' id='word_1_158' title='bbox 1650 1844 1896 1901; x_wconf 82' lang='lat' dir='ltr'>aliquoties.</span> 
     </span>
    </p>
   </div>
   <div class='ocr_carea' id='block_1_6' title="bbox 177 1896 754 1941">
    <p class='ocr_par' dir='ltr' id='par_1_6' title="bbox 177 1896 754 1941">
     <span class='ocr_line' id='line_1_22' title="bbox 177 1896 754 1941; baseline 0 -1"><span class='ocrx_word' id='word_1_159' title='bbox 177 1904 281 1940; x_wconf 88' lang='lat' dir='ltr'>ante</span> <span class='ocrx_word' id='word_1_160' title='bbox 298 1903 530 1939; x_wconf 83' lang='lat' dir='ltr'>rectorem</span> <span class='ocrx_word' id='word_1_161' title='bbox 548 1896 673 1941; x_wconf 82' lang='lat' dir='ltr'>addit</span> <span class='ocrx_word' id='word_1_162' title='bbox 694 1905 754 1940; x_wconf 85' lang='lat' dir='ltr'>et.</span> 
     </span>
    </p>
   </div>
   <div class='ocr_carea' id='block_1_7' title="bbox 145 1952 1073 2703">
    <p class='ocr_par' dir='ltr' id='par_1_7' title="bbox 145 1945 1073 2184">
     <span class='ocr_line' id='line_1_23' title="bbox 145 1952 1073 2058; baseline 0.001 -3"><span class='ocrx_word' id='word_1_163' title='bbox 145 1975 148 1979; x_wconf 86' lang='lat'><em>·</em></span> <span class='ocrx_word' id='word_1_164' title='bbox 176 1954 515 2055; x_wconf 54' lang='lat' dir='ltr'>pffiM‘ffg‘M</span> <span class='ocrx_word' id='word_1_165' title='bbox 554 1953 762 2054; x_wconf 54' lang='grc' dir='ltr'>535ἕὲ</span> <span class='ocrx_word' id='word_1_166' title='bbox 788 1952 1073 2058; x_wconf 51' lang='lat' dir='ltr'>{iffi}</span> 
     </span>
     <span class='ocr_line' id='line_1_24' title="bbox 176 2059 1069 2127; baseline 0.001 -14"><span class='ocrx_word' id='word_1_167' title='bbox 176 2086 278 2127; x_wconf 86' lang='lat' dir='ltr'>sqq.</span> <span class='ocrx_word' id='word_1_168' title='bbox 303 2093 363 2105; x_wconf 86' lang='lat'>-</span> <span class='ocrx_word' id='word_1_169' title='bbox 407 2069 666 2112; x_wconf 79' lang='lat' dir='ltr'>concitaret</span> <span class='ocrx_word' id='word_1_170' title='bbox 685 2059 840 2113; x_wconf 55' lang='lat' dir='ltr'>Msss‘F</span> <span class='ocrx_word' id='word_1_171' title='bbox 842 2068 929 2114; x_wconf 88' lang='lat' dir='ltr'>lor.</span> <span class='ocrx_word' id='word_1_172' title='bbox 950 2071 1069 2126; x_wconf 87' lang='lat' dir='ltr'>(test.</span> 
     </span>
     <span class='ocr_line' id='line_1_25' title="bbox 177 2125 619 2184; baseline -0.009 -12"><span class='ocrx_word' id='word_1_173' title='bbox 177 2128 318 2183; x_wconf 85' lang='lat' dir='ltr'>Vict.)</span> <span class='ocrx_word' id='word_1_174' title='bbox 337 2132 381 2169; x_wconf 88' lang='lat' dir='ltr'>et</span> <span class='ocrx_word' id='word_1_175' title='bbox 405 2126 476 2171; x_wconf 84' lang='lat' dir='ltr'>ed.</span> <span class='ocrx_word' id='word_1_176' title='bbox 497 2125 619 2184; x_wconf 89' lang='lat' dir='ltr'>Spir.</span> 
     </span>
    </p>

    <p class='ocr_par' dir='ltr' id='par_1_8' title="bbox 168 2182 1072 2703">
     <span class='ocr_line' id='line_1_26' title="bbox 233 2182 1068 2240; baseline 0.001 -11"><span class='ocrx_word' id='word_1_177' title='bbox 233 2185 625 2240; x_wconf 79' lang='lat' dir='ltr'>clementiamque</span> <span class='ocrx_word' id='word_1_178' title='bbox 669 2198 727 2226; x_wconf 85' lang='lat' dir='ltr'>ac</span> <span class='ocrx_word' id='word_1_179' title='bbox 774 2182 881 2227; x_wconf 76' lang='lat' dir='ltr'>tusc.</span> <span class='ocrx_word' id='word_1_180' title='bbox 980 2182 1068 2230; x_wconf 87' lang='lat' dir='ltr'>Ed.</span> 
     </span>
     <span class='ocr_line' id='line_1_27' title="bbox 173 2241 1068 2307; baseline 0 -21"><span class='ocrx_word' id='word_1_181' title='bbox 173 2241 292 2301; x_wconf 86' lang='lat' dir='ltr'>Spir.</span> <span class='ocrx_word' id='word_1_182' title='bbox 325 2243 627 2284; x_wconf 81' lang='lat' dir='ltr'>clementiam</span> <span class='ocrx_word' id='word_1_183' title='bbox 646 2248 787 2307; x_wconf 80' lang='lat' dir='ltr'>atque</span> <span class='ocrx_word' id='word_1_184' title='bbox 819 2241 1068 2286; x_wconf 85' lang='lat' dir='ltr'>iusticiam.</span> 
     </span>
     <span class='ocr_line' id='line_1_28' title="bbox 169 2299 1072 2415; baseline 0 -14"><span class='ocrx_word' id='word_1_185' title='bbox 169 2299 1072 2415; x_wconf 50' lang='lat' dir='ltr'>32332ffi5⁰&lt;323fft÷...5¹t132fflq2ffi</span> 
     </span>
     <span class='ocr_line' id='line_1_29' title="bbox 171 2412 1070 2472; baseline -0.001 -13"><span class='ocrx_word' id='word_1_186' title='bbox 171 2413 308 2459; x_wconf 90' lang='lat' dir='ltr'>MSS.</span> <span class='ocrx_word' id='word_1_187' title='bbox 332 2412 436 2458; x_wconf 89' lang='lat' dir='ltr'>Vat.</span> <span class='ocrx_word' id='word_1_188' title='bbox 469 2412 581 2472; x_wconf 82' lang='lat' dir='ltr'>Reg.</span> <span class='ocrx_word' id='word_1_189' title='bbox 614 2413 732 2459; x_wconf 90' lang='lat' dir='ltr'>Bud.</span> <span class='ocrx_word' id='word_1_190' title='bbox 790 2413 849 2458; x_wconf 86' lang='lat' dir='ltr'>cf.</span> <span class='ocrx_word' id='word_1_191' title='bbox 883 2422 979 2458; x_wconf 87' lang='lat' dir='ltr'>not.</span> <span class='ocrx_word' id='word_1_192' title='bbox 1014 2414 1070 2458; x_wconf 89' lang='lat' dir='ltr'>ad</span> 
     </span>
     <span class='ocr_line' id='line_1_30' title="bbox 171 2470 1068 2530; baseline -0.002 -13"><span class='ocrx_word' id='word_1_193' title='bbox 171 2473 212 2526; x_wconf 78' lang='grc'>3,</span> <span class='ocrx_word' id='word_1_194' title='bbox 235 2473 279 2516; x_wconf 90' lang='grc'>6.</span> <span class='ocrx_word' id='word_1_195' title='bbox 342 2470 496 2527; x_wconf 88' lang='lat' dir='ltr'>Quem</span> <span class='ocrx_word' id='word_1_196' title='bbox 527 2488 661 2515; x_wconf 88' lang='lat' dir='ltr'>usum</span> <span class='ocrx_word' id='word_1_197' title='bbox 685 2471 898 2518; x_wconf 78' lang='lat' dir='ltr'>vocabuli</span> <span class='ocrx_word' id='word_1_198' title='bbox 925 2486 1068 2530; x_wconf 90' lang='lat' dir='ltr'>quum</span> 
     </span>
     <span class='ocr_line' id='line_1_31' title="bbox 170 2528 1066 2589; baseline -0.003 -15"><span class='ocrx_word' id='word_1_199' title='bbox 170 2531 456 2589; x_wconf 81' lang='lat' dir='ltr'>ignorarent,</span> <span class='ocrx_word' id='word_1_200' title='bbox 514 2528 685 2573; x_wconf 85' lang='lat' dir='ltr'>librarii</span> <span class='ocrx_word' id='word_1_201' title='bbox 738 2536 973 2574; x_wconf 83' lang='lat' dir='ltr'>mutarunt</span> <span class='ocrx_word' id='word_1_202' title='bbox 1017 2528 1066 2572; x_wconf 88' lang='lat' dir='ltr'>in</span> 
     </span>
     <span class='ocr_line' id='line_1_32' title="bbox 168 2584 1065 2643; baseline 0 -13"><span class='ocrx_word' id='word_1_203' title='bbox 168 2589 360 2643; x_wconf 83' lang='lat' dir='ltr'>ignota,</span> <span class='ocrx_word' id='word_1_204' title='bbox 407 2584 474 2629; x_wconf 83' lang='lat' dir='ltr'>uti</span> <span class='ocrx_word' id='word_1_205' title='bbox 520 2595 586 2630; x_wconf 85' lang='lat' dir='ltr'>est</span> <span class='ocrx_word' id='word_1_206' title='bbox 624 2586 673 2630; x_wconf 87' lang='lat' dir='ltr'>in</span> <span class='ocrx_word' id='word_1_207' title='bbox 707 2585 844 2634; x_wconf 86' lang='lat' dir='ltr'>MSS.</span> <span class='ocrx_word' id='word_1_208' title='bbox 878 2586 1065 2630; x_wconf 89' lang='lat' dir='ltr'>Farnes.</span> 
     </span>
     <span class='ocr_line' id='line_1_33' title="bbox 169 2643 1066 2703; baseline -0.001 -14"><span class='ocrx_word' id='word_1_209' title='bbox 169 2644 311 2690; x_wconf 89' lang='lat' dir='ltr'>Corb.</span> <span class='ocrx_word' id='word_1_210' title='bbox 328 2679 340 2696; x_wconf 90' lang='lat'>‚</span> <span class='ocrx_word' id='word_1_211' title='bbox 378 2652 456 2688; x_wconf 87' lang='lat' dir='ltr'>aut</span> <span class='ocrx_word' id='word_1_212' title='bbox 482 2644 801 2699; x_wconf 77' lang='lat' dir='ltr'>ignoratiora,</span> <span class='ocrx_word' id='word_1_213' title='bbox 839 2643 962 2703; x_wconf 87' lang='lat' dir='ltr'>quod</span> <span class='ocrx_word' id='word_1_214' title='bbox 991 2644 1066 2688; x_wconf 85' lang='lat' dir='ltr'>ha·</span> 
     </span>
    </p>
   </div>
   <div class='ocr_carea' id='block_1_8' title="bbox 167 2700 1066 3618">
    <p class='ocr_par' dir='ltr' id='par_1_9' title="bbox 167 2700 1066 3618">
     <span class='ocr_line' id='line_1_34' title="bbox 168 2700 1066 2749; baseline -0.004 0"><span class='ocrx_word' id='word_1_215' title='bbox 168 2704 279 2749; x_wconf 87' lang='lat' dir='ltr'>bent</span> <span class='ocrx_word' id='word_1_216' title='bbox 310 2701 411 2746; x_wconf 88' lang='lat' dir='ltr'>MS.</span> <span class='ocrx_word' id='word_1_217' title='bbox 439 2700 565 2746; x_wconf 86' lang='lat' dir='ltr'>Harl.</span> <span class='ocrx_word' id='word_1_218' title='bbox 598 2709 642 2745; x_wconf 89' lang='lat' dir='ltr'>et</span> <span class='ocrx_word' id='word_1_219' title='bbox 671 2701 772 2746; x_wconf 86' lang='lat' dir='ltr'>edd.</span> <span class='ocrx_word' id='word_1_220' title='bbox 805 2700 909 2746; x_wconf 80' lang='lat' dir='ltr'>Put.</span> <span class='ocrx_word' id='word_1_221' title='bbox 933 2701 1000 2744; x_wconf 90' lang='lat' dir='ltr'>M.</span> <span class='ocrx_word' id='word_1_222' title='bbox 1022 2709 1066 2745; x_wconf 88' lang='lat' dir='ltr'>et</span> 
     </span>
     <span class='ocr_line' id='line_1_35' title="bbox 168 2758 1063 2818; baseline -0.002 -16"><span class='ocrx_word' id='word_1_223' title='bbox 168 2759 232 2804; x_wconf 86' lang='lat' dir='ltr'>V.</span> <span class='ocrx_word' id='word_1_224' title='bbox 259 2760 364 2804; x_wconf 89' lang='lat' dir='ltr'>Alc.</span> <span class='ocrx_word' id='word_1_225' title='bbox 391 2758 534 2802; x_wconf 89' lang='lat' dir='ltr'>Rben.</span> <span class='ocrx_word' id='word_1_226' title='bbox 567 2774 667 2818; x_wconf 87' lang='lat' dir='ltr'>sqq.</span> <span class='ocrx_word' id='word_1_227' title='bbox 704 2775 754 2802; x_wconf 86' lang='lat' dir='ltr'>us</span> <span class='ocrx_word' id='word_1_228' title='bbox 790 2775 846 2802; x_wconf 93' lang='lat' dir='ltr'>ue</span> <span class='ocrx_word' id='word_1_229' title='bbox 876 2758 933 2802; x_wconf 91' lang='lat' dir='ltr'>ad</span> <span class='ocrx_word' id='word_1_230' title='bbox 962 2758 1011 2801; x_wconf 89' lang='lat' dir='ltr'>Li</span> <span class='ocrx_word' id='word_1_231' title='bbox 1047 2782 1063 2793; x_wconf 85' lang='lat'>-</span> 
     </span>
     <span class='ocr_line' id='line_1_36' title="bbox 169 2813 1066 2917; baseline -0.002 -55"><span class='ocrx_word' id='word_1_232' title='bbox 169 2817 287 2862; x_wconf 86' lang='lat' dir='ltr'>sium</span> <span class='ocrx_word' id='word_1_233' title='bbox 285 2850 312 2916; x_wconf 62' lang='lat' dir='ltr'>‘i</span> <span class='ocrx_word' id='word_1_234' title='bbox 343 2824 418 2884; x_wconf 74' lang='lat' dir='ltr'>aut</span> <span class='ocrx_word' id='word_1_235' title='bbox 438 2817 762 2917; x_wconf 40' lang='lat' dir='ltr'>ignorantia?</span> <span class='ocrx_word' id='word_1_236' title='bbox 828 2813 1021 2917; x_wconf 62' lang='lat' dir='ltr'>lSvisGueile</span> <span class='ocrx_word' id='word_1_237' title='bbox 1031 2831 1066 2870; x_wconf 87' lang='lat'>.;</span> 
     </span>
     <span class='ocr_line' id='line_1_37' title="bbox 167 2882 1062 2989; baseline -0.001 -14"><span class='ocrx_word' id='word_1_238' title='bbox 167 2882 478 2975; x_wconf 49' lang='lat' dir='ltr'>{uiusffflss‘ff</span> <span class='ocrx_word' id='word_1_239' title='bbox 499 2888 1062 2989; x_wconf 45' lang='grc' dir='ltr'>ὖῗοῖἶᾌῖᾊὶἷᾱῑαῑιὶζηέἰ</span> 
     </span>
     <span class='ocr_line' id='line_1_38' title="bbox 169 2988 1065 3089; baseline -0.001 -57"><span class='ocrx_word' id='word_1_240' title='bbox 169 2997 246 3089; x_wconf 58' lang='lat' dir='ltr'>ta}</span> <span class='ocrx_word' id='word_1_241' title='bbox 278 2988 779 3088; x_wconf 51' lang='lat' dir='ltr'>{lund·c⁰rmpsu·lm1vfgt</span> <span class='ocrx_word' id='word_1_242' title='bbox 798 3005 851 3088; x_wconf 52' lang='lat' dir='ltr'>{fl</span> <span class='ocrx_word' id='word_1_243' title='bbox 879 2989 1065 3087; x_wconf 59' lang='lat' dir='ltr'>igncttrq.</span> 
     </span>
     <span class='ocr_line' id='line_1_39' title="bbox 169 3045 1062 3160; baseline -0.002 -14"><span class='ocrx_word' id='word_1_244' title='bbox 169 3054 521 3160; x_wconf 53' lang='lat' dir='ltr'>Piccbeexizsstlgdiiz:</span> <span class='ocrx_word' id='word_1_245' title='bbox 541 3062 754 3149; x_wconf 45' lang='lat' dir='ltr'>Beissal‘d.</span> <span class='ocrx_word' id='word_1_246' title='bbox 766 3078 776 3089; x_wconf 46' lang='lat'>⁸</span> <span class='ocrx_word' id='word_1_247' title='bbox 787 3045 1062 3159; x_wconf 42' lang='lat' dir='ltr'>(enixi-sila:</span> 
     </span>
     <span class='ocr_line' id='line_1_40' title="bbox 169 3159 1064 3218; baseline 0.001 -15"><span class='ocrx_word' id='word_1_248' title='bbox 169 3161 233 3204; x_wconf 77' lang='lat' dir='ltr'>tio</span> <span class='ocrx_word' id='word_1_249' title='bbox 258 3159 399 3216; x_wconf 79' lang='lat' dir='ltr'>Viet.)</span> <span class='ocrx_word' id='word_1_250' title='bbox 430 3160 558 3206; x_wconf 81' lang='lat' dir='ltr'>Pieh.</span> <span class='ocrx_word' id='word_1_251' title='bbox 590 3176 691 3218; x_wconf 90' lang='lat' dir='ltr'>sqq.</span> <span class='ocrx_word' id='word_1_252' title='bbox 764 3159 1064 3204; x_wconf 81' lang='lat' dir='ltr'>Consentiunt</span> 
     </span>
     <span class='ocr_line' id='line_1_41' title="bbox 169 3216 1060 3262; baseline -0.001 -1"><span class='ocrx_word' id='word_1_253' title='bbox 169 3218 314 3261; x_wconf 83' lang='lat' dir='ltr'>ferme</span> <span class='ocrx_word' id='word_1_254' title='bbox 349 3217 485 3261; x_wconf 91' lang='lat' dir='ltr'>MSS.</span> <span class='ocrx_word' id='word_1_255' title='bbox 521 3218 693 3262; x_wconf 84' lang='lat' dir='ltr'>Vaticc.</span> <span class='ocrx_word' id='word_1_256' title='bbox 719 3216 831 3261; x_wconf 79' lang='lat'><strong>1863</strong></span> <span class='ocrx_word' id='word_1_257' title='bbox 863 3226 905 3261; x_wconf 85' lang='lat' dir='ltr'>et</span> <span class='ocrx_word' id='word_1_258' title='bbox 937 3216 1060 3261; x_wconf 81' lang='lat'>1864.</span> 
     </span>
     <span class='ocr_line' id='line_1_42' title="bbox 171 3273 1062 3334; baseline 0 -17"><span class='ocrx_word' id='word_1_259' title='bbox 171 3274 250 3334; x_wconf 85' lang='lat' dir='ltr'>qui</span> <span class='ocrx_word' id='word_1_260' title='bbox 266 3273 430 3317; x_wconf 89' lang='lat' dir='ltr'>habent</span> <span class='ocrx_word' id='word_1_261' title='bbox 452 3277 758 3321; x_wconf 83' lang='lat' dir='ltr'>tolleratiora.</span> <span class='ocrx_word' id='word_1_262' title='bbox 773 3298 829 3309; x_wconf 91' lang='lat'>--</span> <span class='ocrx_word' id='word_1_263' title='bbox 859 3277 1062 3318; x_wconf 80' lang='lat' dir='ltr'>toleran-</span> 
     </span>
     <span class='ocr_line' id='line_1_43' title="bbox 169 3330 1061 3380; baseline -0.001 -4"><span class='ocrx_word' id='word_1_264' title='bbox 169 3335 292 3380; x_wconf 74' lang='lat' dir='ltr'>tiora</span> <span class='ocrx_word' id='word_1_265' title='bbox 314 3330 453 3378; x_wconf 85' lang='lat' dir='ltr'>MSS.</span> <span class='ocrx_word' id='word_1_266' title='bbox 479 3330 580 3375; x_wconf 87' lang='lat' dir='ltr'>Vat.</span> <span class='ocrx_word' id='word_1_267' title='bbox 605 3333 730 3375; x_wconf 86' lang='lat'>1958.</span> <span class='ocrx_word' id='word_1_268' title='bbox 764 3332 891 3377; x_wconf 87' lang='lat' dir='ltr'>Harl.</span> <span class='ocrx_word' id='word_1_269' title='bbox 924 3330 1061 3376; x_wconf 88' lang='lat' dir='ltr'>Bodl.</span> 
     </span>
     <span class='ocr_line' id='line_1_44' title="bbox 169 3387 1062 3447; baseline -0.002 -13"><span class='ocrx_word' id='word_1_270' title='bbox 169 3390 255 3434; x_wconf 77' lang='lat' dir='ltr'>les.</span> <span class='ocrx_word' id='word_1_271' title='bbox 281 3387 434 3435; x_wconf 84' lang='lat' dir='ltr'>Guelf.</span> <span class='ocrx_word' id='word_1_272' title='bbox 467 3388 567 3430; x_wconf 87' lang='lat' dir='ltr'>edd.</span> <span class='ocrx_word' id='word_1_273' title='bbox 599 3390 701 3433; x_wconf 90' lang='lat' dir='ltr'>Alc.</span> <span class='ocrx_word' id='word_1_274' title='bbox 734 3390 940 3434; x_wconf 87' lang='lat' dir='ltr'>Rhenan.</span> <span class='ocrx_word' id='word_1_275' title='bbox 962 3405 1062 3447; x_wconf 88' lang='lat' dir='ltr'>sqq.</span> 
     </span>
     <span class='ocr_line' id='line_1_45' title="bbox 171 3444 1063 3502; baseline 0 -11"><span class='ocrx_word' id='word_1_276' title='bbox 171 3446 501 3491; x_wconf 78' lang='lat' dir='ltr'>tollerantiora</span> <span class='ocrx_word' id='word_1_277' title='bbox 531 3444 633 3489; x_wconf 91' lang='lat' dir='ltr'>edd.</span> <span class='ocrx_word' id='word_1_278' title='bbox 665 3445 785 3502; x_wconf 87' lang='lat' dir='ltr'>Spir.</span> <span class='ocrx_word' id='word_1_279' title='bbox 819 3448 922 3491; x_wconf 88' lang='lat' dir='ltr'>Put.</span> <span class='ocrx_word' id='word_1_280' title='bbox 942 3447 1063 3491; x_wconf 89' lang='lat' dir='ltr'>Ven.</span> 
     </span>
     <span class='ocr_line' id='line_1_46' title="bbox 173 3501 1062 3551; baseline -0.002 -3"><span class='ocrx_word' id='word_1_281' title='bbox 173 3503 233 3550; x_wconf 82' lang='lat' dir='ltr'>cf.</span> <span class='ocrx_word' id='word_1_282' title='bbox 265 3510 363 3550; x_wconf 80' lang='lat' dir='ltr'>not.</span> <span class='ocrx_word' id='word_1_283' title='bbox 397 3502 454 3546; x_wconf 89' lang='lat' dir='ltr'>ad</span> <span class='ocrx_word' id='word_1_284' title='bbox 475 3501 518 3551; x_wconf 82' lang='lat'>3,</span> <span class='ocrx_word' id='word_1_285' title='bbox 541 3501 612 3545; x_wconf 86' lang='lat'>45.</span> <span class='ocrx_word' id='word_1_286' title='bbox 682 3503 908 3548; x_wconf 83' lang='lat' dir='ltr'>Nimirum</span> <span class='ocrx_word' id='word_1_287' title='bbox 945 3507 1062 3549; x_wconf 82' lang='lat' dir='ltr'>tole-</span> 
     </span>
     <span class='ocr_line' id='line_1_47' title="bbox 174 3561 1063 3618; baseline 0.001 -12"><span class='ocrx_word' id='word_1_288' title='bbox 174 3562 388 3609; x_wconf 79' lang='lat' dir='ltr'>rantiora</span> <span class='ocrx_word' id='word_1_289' title='bbox 418 3567 549 3611; x_wconf 72' lang='lat' dir='ltr'>sunt,</span> <span class='ocrx_word' id='word_1_290' title='bbox 595 3573 708 3618; x_wconf 88' lang='lat' dir='ltr'>quae</span> <span class='ocrx_word' id='word_1_291' title='bbox 742 3561 846 3607; x_wconf 75' lang='lat' dir='ltr'>satis</span> <span class='ocrx_word' id='word_1_292' title='bbox 878 3561 1063 3607; x_wconf 84' lang='lat' dir='ltr'>tolerari</span> 
     </span>
    </p>
   </div>
   <div class='ocr_carea' id='block_1_9' title="bbox 1140 1900 2041 2408">
    <p class='ocr_par' dir='ltr' id='par_1_10' title="bbox 1203 1900 2015 1957">
     <span class='ocr_line' id='line_1_48' title="bbox 1203 1900 2015 1957; baseline 0.002 -12"><span class='ocrx_word' id='word_1_293' title='bbox 1203 1917 1260 1945; x_wconf 86' lang='lat' dir='ltr'>ac</span> <span class='ocrx_word' id='word_1_294' title='bbox 1282 1908 1464 1944; x_wconf 85' lang='lat' dir='ltr'>tamen.</span> <span class='ocrx_word' id='word_1_295' title='bbox 1523 1900 1608 1943; x_wconf 93' lang='lat' dir='ltr'>Ed.</span> <span class='ocrx_word' id='word_1_296' title='bbox 1633 1900 1756 1957; x_wconf 84' lang='lat' dir='ltr'>Spir.</span> <span class='ocrx_word' id='word_1_297' title='bbox 1783 1909 2015 1947; x_wconf 81' lang='lat' dir='ltr'>attamen.</span> 
     </span>
    </p>

    <p class='ocr_par' dir='ltr' id='par_1_11' title="bbox 1204 1956 1938 2017">
     <span class='ocr_line' id='line_1_49' title="bbox 1204 1956 1938 2017; baseline 0.004 -16"><span class='ocrx_word' id='word_1_298' title='bbox 1204 1960 1425 2001; x_wconf 81' lang='lat' dir='ltr'>externis.</span> <span class='ocrx_word' id='word_1_299' title='bbox 1483 1956 1568 2001; x_wconf 89' lang='lat' dir='ltr'>Ed.</span> <span class='ocrx_word' id='word_1_300' title='bbox 1590 1957 1719 2017; x_wconf 87' lang='lat' dir='ltr'>Spir.</span> <span class='ocrx_word' id='word_1_301' title='bbox 1741 1959 1938 2004; x_wconf 77' lang='lat' dir='ltr'>exteris.</span> 
     </span>
    </p>

    <p class='ocr_par' dir='ltr' id='par_1_12' title="bbox 1140 2015 2041 2408">
     <span class='ocr_line' id='line_1_50' title="bbox 1202 2015 2039 2071; baseline 0.005 -14"><span class='ocrx_word' id='word_1_302' title='bbox 1202 2017 1329 2058; x_wconf 70' lang='lat' dir='ltr'>velit.</span> <span class='ocrx_word' id='word_1_303' title='bbox 1406 2015 1591 2057; x_wconf 83' lang='lat' dir='ltr'>Datum</span> <span class='ocrx_word' id='word_1_304' title='bbox 1638 2022 1749 2071; x_wconf 87' lang='lat' dir='ltr'>post</span> <span class='ocrx_word' id='word_1_305' title='bbox 1797 2019 1910 2059; x_wconf 80' lang='lat' dir='ltr'>haec</span> <span class='ocrx_word' id='word_1_306' title='bbox 1951 2025 2039 2062; x_wconf 81' lang='lat' dir='ltr'>etc.</span> 
     </span>
     <span class='ocr_line' id='line_1_51' title="bbox 1141 2069 2039 2131; baseline 0.002 -16"><span class='ocrx_word' id='word_1_307' title='bbox 1141 2069 1223 2115; x_wconf 88' lang='lat' dir='ltr'>Sic</span> <span class='ocrx_word' id='word_1_308' title='bbox 1257 2072 1360 2116; x_wconf 89' lang='lat' dir='ltr'>MS.</span> <span class='ocrx_word' id='word_1_309' title='bbox 1394 2072 1520 2116; x_wconf 87' lang='lat' dir='ltr'>Flor.</span> <span class='ocrx_word' id='word_1_310' title='bbox 1567 2073 1686 2127; x_wconf 90' lang='lat' dir='ltr'>(test.</span> <span class='ocrx_word' id='word_1_311' title='bbox 1723 2071 1857 2131; x_wconf 82' lang='lat' dir='ltr'>vict.)</span> <span class='ocrx_word' id='word_1_312' title='bbox 1897 2071 2039 2120; x_wconf 83' lang='lat' dir='ltr'>Corb.</span> 
     </span>
     <span class='ocr_line' id='line_1_52' title="bbox 1142 2129 2041 2190; baseline 0.004 -17"><span class='ocrx_word' id='word_1_313' title='bbox 1142 2129 1262 2173; x_wconf 86' lang='lat' dir='ltr'>Bud.</span> <span class='ocrx_word' id='word_1_314' title='bbox 1297 2145 1365 2186; x_wconf 81' lang='lat' dir='ltr'>pr.</span> <span class='ocrx_word' id='word_1_315' title='bbox 1401 2146 1463 2173; x_wconf 88' lang='lat' dir='ltr'>m.</span> <span class='ocrx_word' id='word_1_316' title='bbox 1500 2129 1602 2172; x_wconf 89' lang='lat' dir='ltr'>edd.</span> <span class='ocrx_word' id='word_1_317' title='bbox 1629 2129 1815 2175; x_wconf 88' lang='lat' dir='ltr'>Pichen.</span> <span class='ocrx_word' id='word_1_318' title='bbox 1850 2147 1950 2190; x_wconf 88' lang='lat' dir='ltr'>sqq.</span> <span class='ocrx_word' id='word_1_319' title='bbox 1980 2155 2041 2167; x_wconf 90' lang='lat'>—</span> 
     </span>
     <span class='ocr_line' id='line_1_53' title="bbox 1142 2188 2035 2243; baseline 0.004 -15"><span class='ocrx_word' id='word_1_320' title='bbox 1142 2189 1266 2229; x_wconf 84' lang='lat' dir='ltr'>velit.</span> <span class='ocrx_word' id='word_1_321' title='bbox 1297 2188 1484 2231; x_wconf 83' lang='lat' dir='ltr'>Datum</span> <span class='ocrx_word' id='word_1_322' title='bbox 1500 2194 1608 2243; x_wconf 83' lang='lat' dir='ltr'>post</span> <span class='ocrx_word' id='word_1_323' title='bbox 1628 2190 1718 2230; x_wconf 84' lang='lat' dir='ltr'>hac</span> <span class='ocrx_word' id='word_1_324' title='bbox 1738 2188 1809 2232; x_wconf 88' lang='lat' dir='ltr'>ed.</span> <span class='ocrx_word' id='word_1_325' title='bbox 1837 2188 1869 2232; x_wconf 91' lang='lat' dir='ltr'>S</span> <span class='ocrx_word' id='word_1_326' title='bbox 1902 2189 1956 2233; x_wconf 82' lang='lat' dir='ltr'>ir.</span> <span class='ocrx_word' id='word_1_327' title='bbox 1975 2212 2035 2223; x_wconf 90' lang='lat'>-—</span> 
     </span>
     <span class='ocr_line' id='line_1_54' title="bbox 1140 2243 2036 2291; baseline 0.006 -5"><span class='ocrx_word' id='word_1_328' title='bbox 1140 2246 1249 2287; x_wconf 86' lang='lat' dir='ltr'>velit</span> <span class='ocrx_word' id='word_1_329' title='bbox 1271 2247 1454 2288; x_wconf 83' lang='lat' dir='ltr'>datam.</span> <span class='ocrx_word' id='word_1_330' title='bbox 1515 2243 1626 2287; x_wconf 84' lang='lat' dir='ltr'>Post</span> <span class='ocrx_word' id='word_1_331' title='bbox 1654 2248 1771 2288; x_wconf 78' lang='lat' dir='ltr'>haec</span> <span class='ocrx_word' id='word_1_332' title='bbox 1803 2246 1857 2288; x_wconf 90' lang='lat' dir='ltr'>ed</span> <span class='ocrx_word' id='word_1_333' title='bbox 1894 2278 1906 2291; x_wconf 92' lang='lat'>.</span> <span class='ocrx_word' id='word_1_334' title='bbox 1934 2246 2036 2291; x_wconf 82' lang='lat' dir='ltr'>Put.</span> 
     </span>
     <span class='ocr_line' id='line_1_55' title="bbox 1140 2300 2038 2362; baseline 0.006 -17"><span class='ocrx_word' id='word_1_335' title='bbox 1140 2302 1209 2345; x_wconf 91' lang='lat' dir='ltr'>M.</span> <span class='ocrx_word' id='word_1_336' title='bbox 1239 2310 1282 2344; x_wconf 84' lang='lat' dir='ltr'>et</span> <span class='ocrx_word' id='word_1_337' title='bbox 1301 2300 1358 2346; x_wconf 87' lang='lat' dir='ltr'>V.</span> <span class='ocrx_word' id='word_1_338' title='bbox 1387 2301 1599 2346; x_wconf 90' lang='lat' dir='ltr'>Beroald.</span> <span class='ocrx_word' id='word_1_339' title='bbox 1628 2301 1734 2347; x_wconf 83' lang='lat' dir='ltr'>Ale.</span> <span class='ocrx_word' id='word_1_340' title='bbox 1767 2302 1914 2357; x_wconf 22' lang='lat' dir='ltr'>Rhenl.</span> <span class='ocrx_word' id='word_1_341' title='bbox 1939 2319 1989 2362; x_wconf 85' lang='lat' dir='ltr'>sq</span> <span class='ocrx_word' id='word_1_342' title='bbox 2025 2338 2038 2350; x_wconf 93' lang='lat'>.</span> 
     </span>
     <span class='ocr_line' id='line_1_56' title="bbox 1141 2320 2036 2408; baseline 0.006 -7"><span class='ocrx_word' id='word_1_343' title='bbox 1141 2368 1187 2402; x_wconf 90' lang='lat' dir='ltr'>et</span> <span class='ocrx_word' id='word_1_344' title='bbox 1221 2357 1357 2402; x_wconf 90' lang='lat' dir='ltr'>MSS.</span> <span class='ocrx_word' id='word_1_345' title='bbox 1399 2359 1525 2404; x_wconf 88' lang='lat' dir='ltr'>Harl.</span> <span class='ocrx_word' id='word_1_346' title='bbox 1564 2358 1700 2402; x_wconf 87' lang='lat' dir='ltr'>Bodl.</span> <span class='ocrx_word' id='word_1_347' title='bbox 1750 2358 1837 2405; x_wconf 87' lang='lat' dir='ltr'>les.</span> <span class='ocrx_word' id='word_1_348' title='bbox 1881 2320 2036 2408; x_wconf 68' lang='lat' dir='ltr'>Guell&#39;.</span> 
     </span>
    </p>
   </div>
   <div class='ocr_carea' id='block_1_10' title="bbox 1132 2415 2041 3564">
    <p class='ocr_par' dir='ltr' id='par_1_13' title="bbox 1139 2415 1413 2461">
     <span class='ocr_line' id='line_1_57' title="bbox 1139 2415 1413 2461; baseline -0.004 -1"><span class='ocrx_word' id='word_1_349' title='bbox 1139 2415 1261 2461; x_wconf 89' lang='lat' dir='ltr'>Bud.</span> <span class='ocrx_word' id='word_1_350' title='bbox 1284 2417 1328 2459; x_wconf 78' lang='lat'>2.</span> <span class='ocrx_word' id='word_1_351' title='bbox 1350 2433 1413 2460; x_wconf 88' lang='lat' dir='ltr'>m.</span> 
     </span>
    </p>

    <p class='ocr_par' dir='ltr' id='par_1_14' title="bbox 1138 2470 2035 2589">
     <span class='ocr_line' id='line_1_58' title="bbox 1199 2470 2035 2535; baseline 0.005 -18"><span class='ocrx_word' id='word_1_352' title='bbox 1199 2474 1383 2530; x_wconf 76' lang='lat' dir='ltr'>Syriae.</span> <span class='ocrx_word' id='word_1_353' title='bbox 1461 2472 1565 2517; x_wconf 88' lang='lat' dir='ltr'>MS.</span> <span class='ocrx_word' id='word_1_354' title='bbox 1595 2470 1718 2518; x_wconf 80' lang='lat' dir='ltr'>Flor.</span> <span class='ocrx_word' id='word_1_355' title='bbox 1753 2473 1870 2529; x_wconf 86' lang='lat' dir='ltr'>(test.</span> <span class='ocrx_word' id='word_1_356' title='bbox 1894 2471 2035 2535; x_wconf 75' lang='lat' dir='ltr'>Vict&#39;.)</span> 
     </span>
     <span class='ocr_line' id='line_1_59' title="bbox 1138 2529 1803 2589; baseline 0 -15"><span class='ocrx_word' id='word_1_357' title='bbox 1138 2529 1325 2574; x_wconf 83' lang='lat' dir='ltr'>Suriae.</span> <span class='ocrx_word' id='word_1_358' title='bbox 1385 2530 1470 2576; x_wconf 89' lang='lat' dir='ltr'>Ed.</span> <span class='ocrx_word' id='word_1_359' title='bbox 1491 2531 1612 2589; x_wconf 83' lang='lat' dir='ltr'>Spir.</span> <span class='ocrx_word' id='word_1_360' title='bbox 1635 2532 1803 2574; x_wconf 86' lang='lat' dir='ltr'>Siriae.</span> 
     </span>
    </p>

    <p class='ocr_par' dir='ltr' id='par_1_15' title="bbox 1133 2586 2041 3164">
     <span class='ocr_line' id='line_1_60' title="bbox 1192 2586 2034 2645; baseline 0.006 -14"><span class='ocrx_word' id='word_1_361' title='bbox 1192 2592 1258 2631; x_wconf 85' lang='lat' dir='ltr'>ad</span> <span class='ocrx_word' id='word_1_362' title='bbox 1276 2589 1552 2643; x_wconf 79' lang='lat' dir='ltr'>Euphratis.</span> <span class='ocrx_word' id='word_1_363' title='bbox 1612 2587 1696 2631; x_wconf 88' lang='lat' dir='ltr'>Ed.</span> <span class='ocrx_word' id='word_1_364' title='bbox 1723 2586 1842 2645; x_wconf 88' lang='lat' dir='ltr'>Spir.</span> <span class='ocrx_word' id='word_1_365' title='bbox 1866 2597 1910 2632; x_wconf 89' lang='lat' dir='ltr'>et</span> <span class='ocrx_word' id='word_1_366' title='bbox 1927 2588 2034 2637; x_wconf 86' lang='lat' dir='ltr'>MS.</span> 
     </span>
     <span class='ocr_line' id='line_1_61' title="bbox 1138 2642 2034 2700; baseline 0.003 -11"><span class='ocrx_word' id='word_1_367' title='bbox 1138 2642 1291 2689; x_wconf 88' lang='lat' dir='ltr'>Guelf.</span> <span class='ocrx_word' id='word_1_368' title='bbox 1329 2650 1394 2688; x_wconf 83' lang='lat' dir='ltr'>ad</span> <span class='ocrx_word' id='word_1_369' title='bbox 1436 2645 1662 2700; x_wconf 80' lang='lat' dir='ltr'>Eufratis.</span> <span class='ocrx_word' id='word_1_370' title='bbox 1738 2645 1876 2691; x_wconf 87' lang='lat' dir='ltr'>MSS.</span> <span class='ocrx_word' id='word_1_371' title='bbox 1907 2646 2034 2694; x_wconf 71' lang='lat' dir='ltr'>nani.</span> 
     </span>
     <span class='ocr_line' id='line_1_62' title="bbox 1135 2701 2041 2761; baseline 0.004 -15"><span class='ocrx_word' id='word_1_372' title='bbox 1135 2702 1267 2746; x_wconf 90' lang='lat' dir='ltr'>Bodl.</span> <span class='ocrx_word' id='word_1_373' title='bbox 1287 2703 1369 2746; x_wconf 88' lang='lat' dir='ltr'>les.</span> <span class='ocrx_word' id='word_1_374' title='bbox 1401 2701 1554 2746; x_wconf 78' lang='lat' dir='ltr'>Guels.</span> <span class='ocrx_word' id='word_1_375' title='bbox 1577 2701 1694 2746; x_wconf 87' lang='lat' dir='ltr'>Bud.</span> <span class='ocrx_word' id='word_1_376' title='bbox 1727 2702 1787 2759; x_wconf 78' lang='lat'>(2,</span> <span class='ocrx_word' id='word_1_377' title='bbox 1813 2706 1892 2761; x_wconf 87' lang='lat' dir='ltr'>m.)</span> <span class='ocrx_word' id='word_1_378' title='bbox 1926 2702 2041 2760; x_wconf 62' lang='lat' dir='ltr'>edd.</span> 
     </span>
     <span class='ocr_line' id='line_1_63' title="bbox 1134 2758 2029 2807; baseline 0.004 -4"><span class='ocrx_word' id='word_1_379' title='bbox 1134 2760 1238 2803; x_wconf 90' lang='lat' dir='ltr'>Put.</span> <span class='ocrx_word' id='word_1_380' title='bbox 1263 2760 1331 2801; x_wconf 89' lang='lat' dir='ltr'>M.</span> <span class='ocrx_word' id='word_1_381' title='bbox 1364 2769 1407 2803; x_wconf 90' lang='lat' dir='ltr'>et</span> <span class='ocrx_word' id='word_1_382' title='bbox 1427 2758 1484 2802; x_wconf 92' lang='lat' dir='ltr'>V.</span> <span class='ocrx_word' id='word_1_383' title='bbox 1514 2760 1724 2806; x_wconf 87' lang='lat' dir='ltr'>Beroald.</span> <span class='ocrx_word' id='word_1_384' title='bbox 1753 2761 1856 2806; x_wconf 84' lang='lat' dir='ltr'>Alc.</span> <span class='ocrx_word' id='word_1_385' title='bbox 1882 2759 2029 2807; x_wconf 79' lang='lat' dir='ltr'>Rhen-</span> 
     </span>
     <span class='ocr_line' id='line_1_64' title="bbox 1135 2814 2030 2876; baseline 0.003 -16"><span class='ocrx_word' id='word_1_386' title='bbox 1135 2833 1232 2876; x_wconf 90' lang='lat' dir='ltr'>sqq.</span> <span class='ocrx_word' id='word_1_387' title='bbox 1262 2814 1434 2860; x_wconf 83' lang='lat' dir='ltr'>addunt</span> <span class='ocrx_word' id='word_1_388' title='bbox 1465 2817 1614 2870; x_wconf 81' lang='lat' dir='ltr'>iubet,</span> <span class='ocrx_word' id='word_1_389' title='bbox 1652 2833 1717 2862; x_wconf 91' lang='lat' dir='ltr'>sc.</span> <span class='ocrx_word' id='word_1_390' title='bbox 1741 2833 1800 2871; x_wconf 63' lang='lat' dir='ltr'>ex&gt;</span> <span class='ocrx_word' id='word_1_391' title='bbox 1822 2815 2030 2876; x_wconf 82' lang='lat' dir='ltr'>emenda·</span> 
     </span>
     <span class='ocr_line' id='line_1_65' title="bbox 1133 2874 2030 2932; baseline 0.002 -14"><span class='ocrx_word' id='word_1_392' title='bbox 1133 2875 1282 2924; x_wconf 89' lang='lat' dir='ltr'>tione,</span> <span class='ocrx_word' id='word_1_393' title='bbox 1312 2888 1423 2930; x_wconf 88' lang='lat' dir='ltr'>quae</span> <span class='ocrx_word' id='word_1_394' title='bbox 1447 2874 1649 2932; x_wconf 85' lang='lat' dir='ltr'>profecta</span> <span class='ocrx_word' id='word_1_395' title='bbox 1673 2883 1738 2919; x_wconf 87' lang='lat' dir='ltr'>est</span> <span class='ocrx_word' id='word_1_396' title='bbox 1767 2890 1791 2918; x_wconf 90' lang='lat' dir='ltr'>e</span> <span class='ocrx_word' id='word_1_397' title='bbox 1821 2876 2030 2920; x_wconf 68' lang='lat' dir='ltr'>malain-</span> 
     </span>
     <span class='ocr_line' id='line_1_66' title="bbox 1133 2931 2031 2980; baseline 0.006 -7"><span class='ocrx_word' id='word_1_398' title='bbox 1133 2940 1203 2973; x_wconf 86' lang='lat' dir='ltr'>ter</span> <span class='ocrx_word' id='word_1_399' title='bbox 1236 2931 1453 2974; x_wconf 88' lang='lat' dir='ltr'>unctione</span> <span class='ocrx_word' id='word_1_400' title='bbox 1496 2931 1746 2974; x_wconf 90' lang='lat' dir='ltr'>eorundem</span> <span class='ocrx_word' id='word_1_401' title='bbox 1792 2932 2031 2980; x_wconf 80' lang='lat' dir='ltr'>librorum.</span> 
     </span>
     <span class='ocr_line' id='line_1_67' title="bbox 1135 2987 2029 3047; baseline 0.009 -19"><span class='ocrx_word' id='word_1_402' title='bbox 1135 2987 1192 3031; x_wconf 88' lang='lat' dir='ltr'>Vi</span> <span class='ocrx_word' id='word_1_403' title='bbox 1230 3021 1240 3032; x_wconf 94' lang='lat'>.</span> <span class='ocrx_word' id='word_1_404' title='bbox 1272 2998 1367 3033; x_wconf 88' lang='lat' dir='ltr'>not.</span> <span class='ocrx_word' id='word_1_405' title='bbox 1399 2990 1605 3047; x_wconf 87' lang='lat' dir='ltr'>praeced.</span> <span class='ocrx_word' id='word_1_406' title='bbox 1681 2990 1819 3034; x_wconf 84' lang='lat' dir='ltr'>Abest</span> <span class='ocrx_word' id='word_1_407' title='bbox 1850 2991 1976 3034; x_wconf 75' lang='lat' dir='ltr'>iubet</span> <span class='ocrx_word' id='word_1_408' title='bbox 2002 3008 2029 3036; x_wconf 82' lang='lat' dir='ltr'>a</span> 
     </span>
     <span class='ocr_line' id='line_1_68' title="bbox 1133 3045 2027 3104; baseline 0.004 -15"><span class='ocrx_word' id='word_1_409' title='bbox 1133 3046 1272 3090; x_wconf 89' lang='lat' dir='ltr'>MSS.</span> <span class='ocrx_word' id='word_1_410' title='bbox 1293 3045 1417 3090; x_wconf 83' lang='lat' dir='ltr'>Flor.</span> <span class='ocrx_word' id='word_1_411' title='bbox 1445 3047 1560 3102; x_wconf 83' lang='lat' dir='ltr'>(test.</span> <span class='ocrx_word' id='word_1_412' title='bbox 1579 3045 1698 3090; x_wconf 84' lang='lat' dir='ltr'>Vict.</span> <span class='ocrx_word' id='word_1_413' title='bbox 1720 3063 1758 3091; x_wconf 88' lang='lat' dir='ltr'>c.</span> <span class='ocrx_word' id='word_1_414' title='bbox 1780 3046 1856 3104; x_wconf 87' lang='lat' dir='ltr'>al.)</span> <span class='ocrx_word' id='word_1_415' title='bbox 1889 3047 2027 3093; x_wconf 82' lang='lat' dir='ltr'>Corb.</span> 
     </span>
     <span class='ocr_line' id='line_1_69' title="bbox 1134 3103 1950 3164; baseline 0.005 -18"><span class='ocrx_word' id='word_1_416' title='bbox 1134 3103 1236 3146; x_wconf 87' lang='lat' dir='ltr'>edd.</span> <span class='ocrx_word' id='word_1_417' title='bbox 1259 3103 1376 3162; x_wconf 83' lang='lat' dir='ltr'>Spir.</span> <span class='ocrx_word' id='word_1_418' title='bbox 1400 3103 1584 3148; x_wconf 88' lang='lat' dir='ltr'>Gruter.</span> <span class='ocrx_word' id='word_1_419' title='bbox 1608 3104 1828 3163; x_wconf 83' lang='lat' dir='ltr'>Bernegg.</span> <span class='ocrx_word' id='word_1_420' title='bbox 1850 3120 1950 3164; x_wconf 83' lang='lat' dir='ltr'>sqq.</span> 
     </span>
    </p>

    <p class='ocr_par' dir='ltr' id='par_1_16' title="bbox 1132 3159 2035 3564">
     <span class='ocr_line' id='line_1_70' title="bbox 1189 3159 2035 3216; baseline 0.002 -12"><span class='ocrx_word' id='word_1_421' title='bbox 1189 3159 1302 3204; x_wconf 71' lang='lat' dir='ltr'>CAP.</span> <span class='ocrx_word' id='word_1_422' title='bbox 1338 3162 1406 3205; x_wconf 79' lang='lat'>12.</span> <span class='ocrx_word' id='word_1_423' title='bbox 1478 3169 1656 3204; x_wconf 85' lang='lat' dir='ltr'>ceteros</span> <span class='ocrx_word' id='word_1_424' title='bbox 1685 3164 2035 3216; x_wconf 65' lang='lat' dir='ltr'>praeminebat.-</span> 
     </span>
     <span class='ocr_line' id='line_1_71' title="bbox 1132 3218 2026 3265; baseline 0.002 -3"><span class='ocrx_word' id='word_1_425' title='bbox 1132 3218 1210 3262; x_wconf 79' lang='lat' dir='ltr'>Sic</span> <span class='ocrx_word' id='word_1_426' title='bbox 1233 3218 1369 3263; x_wconf 91' lang='lat' dir='ltr'>MSS.</span> <span class='ocrx_word' id='word_1_427' title='bbox 1396 3220 1520 3263; x_wconf 87' lang='lat' dir='ltr'>Flor.</span> <span class='ocrx_word' id='word_1_428' title='bbox 1551 3219 1670 3263; x_wconf 82' lang='lat' dir='ltr'>Bud.</span> <span class='ocrx_word' id='word_1_429' title='bbox 1703 3218 1803 3263; x_wconf 84' lang='lat' dir='ltr'>edd.</span> <span class='ocrx_word' id='word_1_430' title='bbox 1834 3227 2026 3265; x_wconf 82' lang='lat' dir='ltr'>recentt.</span> 
     </span>
     <span class='ocr_line' id='line_1_72' title="bbox 1132 3275 2026 3329; baseline 0 -10"><span class='ocrx_word' id='word_1_431' title='bbox 1132 3275 1237 3319; x_wconf 86' lang='lat' dir='ltr'>inde</span> <span class='ocrx_word' id='word_1_432' title='bbox 1260 3291 1283 3318; x_wconf 88' lang='lat' dir='ltr'>a</span> <span class='ocrx_word' id='word_1_433' title='bbox 1299 3276 1507 3321; x_wconf 89' lang='lat' dir='ltr'>Pichena.</span> <span class='ocrx_word' id='word_1_434' title='bbox 1532 3287 1534 3290; x_wconf 76' lang='grc'>’</span> <span class='ocrx_word' id='word_1_435' title='bbox 1564 3283 1775 3319; x_wconf 86' lang='lat' dir='ltr'>caeteros</span> <span class='ocrx_word' id='word_1_436' title='bbox 1789 3281 2026 3329; x_wconf 80' lang='lat' dir='ltr'>praeemi-</span> 
     </span>
     <span class='ocr_line' id='line_1_73' title="bbox 1132 3332 2027 3379; baseline 0.004 -5"><span class='ocrx_word' id='word_1_437' title='bbox 1132 3335 1273 3375; x_wconf 85' lang='lat' dir='ltr'>nebat</span> <span class='ocrx_word' id='word_1_438' title='bbox 1293 3334 1510 3378; x_wconf 85' lang='lat' dir='ltr'>edd.Put.</span> <span class='ocrx_word' id='word_1_439' title='bbox 1531 3333 1599 3376; x_wconf 93' lang='lat' dir='ltr'>M.</span> <span class='ocrx_word' id='word_1_440' title='bbox 1621 3342 1666 3376; x_wconf 89' lang='lat' dir='ltr'>et</span> <span class='ocrx_word' id='word_1_441' title='bbox 1679 3333 1734 3377; x_wconf 91' lang='lat' dir='ltr'>V.</span> <span class='ocrx_word' id='word_1_442' title='bbox 1759 3332 1859 3378; x_wconf 73' lang='lat' dir='ltr'>Alc.</span> <span class='ocrx_word' id='word_1_443' title='bbox 1880 3334 2027 3379; x_wconf 83' lang='lat' dir='ltr'>Rhen.</span> 
     </span>
     <span class='ocr_line' id='line_1_74' title="bbox 1133 3389 2025 3448; baseline 0.002 -15"><span class='ocrx_word' id='word_1_444' title='bbox 1133 3406 1234 3448; x_wconf 88' lang='lat' dir='ltr'>sqq.</span> <span class='ocrx_word' id='word_1_445' title='bbox 1265 3399 1308 3433; x_wconf 87' lang='lat' dir='ltr'>et</span> <span class='ocrx_word' id='word_1_446' title='bbox 1329 3391 1464 3435; x_wconf 91' lang='lat' dir='ltr'>MSS.</span> <span class='ocrx_word' id='word_1_447' title='bbox 1489 3391 1611 3435; x_wconf 89' lang='lat' dir='ltr'>Harl.</span> <span class='ocrx_word' id='word_1_448' title='bbox 1635 3389 2025 3436; x_wconf 80' lang='lat' dir='ltr'>Bodl.1es.Guelf.</span> 
     </span>
     <span class='ocr_line' id='line_1_75' title="bbox 1133 3446 2022 3508; baseline 0.001 -18"><span class='ocrx_word' id='word_1_449' title='bbox 1133 3474 1192 3484; x_wconf 89' lang='lat'>--</span> <span class='ocrx_word' id='word_1_450' title='bbox 1235 3451 1431 3493; x_wconf 85' lang='lat' dir='ltr'>caeteris</span> <span class='ocrx_word' id='word_1_451' title='bbox 1465 3453 1688 3504; x_wconf 80' lang='lat' dir='ltr'>praeerat</span> <span class='ocrx_word' id='word_1_452' title='bbox 1730 3446 1864 3493; x_wconf 86' lang='lat' dir='ltr'>MSS.</span> <span class='ocrx_word' id='word_1_453' title='bbox 1910 3448 2022 3508; x_wconf 82' lang='lat' dir='ltr'>Reg.</span> 
     </span>
     <span class='ocr_line' id='line_1_76' title="bbox 1135 3504 2024 3564; baseline 0.002 -17"><span class='ocrx_word' id='word_1_454' title='bbox 1135 3505 1282 3548; x_wconf 84' lang='lat' dir='ltr'>Vatic.</span> <span class='ocrx_word' id='word_1_455' title='bbox 1313 3507 1384 3551; x_wconf 86' lang='lat' dir='ltr'>ed.</span> <span class='ocrx_word' id='word_1_456' title='bbox 1416 3506 1534 3564; x_wconf 85' lang='lat' dir='ltr'>Spir.</span> <span class='ocrx_word' id='word_1_457' title='bbox 1565 3521 1615 3548; x_wconf 90' lang='lat' dir='ltr'>ex</span> <span class='ocrx_word' id='word_1_458' title='bbox 1646 3504 1819 3549; x_wconf 84' lang='lat' dir='ltr'>inscitia</span> <span class='ocrx_word' id='word_1_459' title='bbox 1849 3520 2024 3558; x_wconf 87' lang='lat' dir='ltr'>eorum,</span> 
     </span>
    </p>
   </div>
   <div class='ocr_carea' id='block_1_11' title="bbox 1136 3560 2023 3619">
    <p class='ocr_par' dir='ltr' id='par_1_17' title="bbox 1136 3560 2023 3619">
     <span class='ocr_line' id='line_1_77' title="bbox 1136 3560 2023 3619; baseline 0.005 -15"><span class='ocrx_word' id='word_1_460' title='bbox 1136 3562 1213 3617; x_wconf 82' lang='lat' dir='ltr'>qui</span> <span class='ocrx_word' id='word_1_461' title='bbox 1238 3560 1483 3608; x_wconf 80' lang='lat' dir='ltr'>formulam</span> <span class='ocrx_word' id='word_1_462' title='bbox 1501 3563 1798 3618; x_wconf 75' lang='lat' dir='ltr'>praeminere</span> <span class='ocrx_word' id='word_1_463' title='bbox 1815 3565 2023 3619; x_wconf 70' lang='lat' dir='ltr'>ala&#39;cyuem</span> 
     </span>
    </p>
   </div>
  </div>
 </body>
</html>
