2164 3990
218 152 346 218 450

900 94 1409 227 ANNALNJM

1774 143 1891 190 Agv'.
1913 153 2000 192 820.

1771 197 1823 231 A.
1842 195 1894 245 c.
1937 199 2000 236 57.

218 284 503 360 aspiceret
527 281 783 359 PQPPIUS.
807 281 1005 339 virum
1029 279 1227 337 -morti
1265 281 1542 353 obvium,
1585 285 1814 344 audiret
1849 302 2086 349 senatus

216 389 388 440 voces
436 367 605 444 quasi
654 387 723 423 ex
765 366 963 442 aliquo
1011 365 1260 436 numine
1303 386 1479 442 supra
1517 364 1828 439 humanaS,

221 446 349 532 ipso
387 452 674 509 miraculo
710 450 886 507 etiam
920 449 1221 508 Neronem
1259 455 1611 526 permoveri.

1698 457 1792 514 sin
1830 461 2088 531 crudeli-

221 540 330 598 tati
365 539 687 605 insisteret,
731 535 1018 610 distingui
1053 547 1204 592 certe
1239 537 1398 610 apud
1439 552 1701 613 posteros
1741 546 2088 617 memoriam

222 623 459 682 honesti
488 623 673 679 exitus
700 622 774 677 ab
804 621 1036 695 ignavia
1069 640 1175 695 per
1201 620 1502 697 silentium
1527 628 1919 701 pereuntium.

394 704 620 766 XXVI.
687 704 911 764 Contra
951 706 1055 782 qui
1088 705 1516 781 opperiendum
1559 708 1722 782 dqmi
1757 715 2091 786 censebant,

226 799 297 853 de
331 795 456 869 ipso
486 788 750 869 Thrasea
779 793 1009 858 eadem:
1055 792 1156 861 sed
1180 791 1440 847 ludibria
1468 802 1525 848 et
1559 799 1942 859 contumelias
1977 801 2094 867 imff

225 881 473 937 minere.
541 872 912 955 subtraheret
941 895 1109 932 aures
1138 876 1419 932 conviciis
1444 889 1502 935 et
1523 880 1777 953 probris,
1847 903 1972 941 non
1994 905 2093 947 so-

228 968 353 1023 lum
381 962 801 1032 Cossutianum
825 974 922 1020 aut
938 958 1192 1036 Eprium
1214 963 1288 1018 ad
1312 962 1498 1018 scelus
1519 977 1850 1041 promptos:
1889 987 2095 1044 θαρρη-

232 1071 354 1109 esse
378 1049 483 1126 qui
505 1048 755 1105 forsitan
785 1067 994 1103 manus
1021 1046 1285 1124 ictusque
1303 1067 1408 1122 per
1425 1047 1852 1109 immanitatem
1868 1055 2095 1112 ausuri:

293 1316 355 1343 ex
393 1300 547 1355 aliquo
586 1298 792 1339 numine.
877 1296 953 1339 Sic
995 1295 1131 1339 MSS.

234 1359 357 1404 Flor.
394 1358 511 1412 (test.
545 1354 685 1410 Vici.)
719 1353 834 1397 Bud.
880 1354 979 1396 edd.
1013 1353 1133 1410 Spir.

235 1417 378 1460 Rhen.
402 1429 500 1472 sqq.
525 1437 582 1447 -
626 1427 688 1466 ex
711 1415 918 1467 quodam
939 1413 1131 1453 numine

236 1473 375 1517 MSS.
409 1471 531 1513 Harl.
566 1470 698 1512 Bo'dl.
736 1469 818 1513 [ες.
843 1468 998 1512 Guelf.
1034 1469 1135 1512 edd.

236 1533 338 1575 Pur.
365 1530 431 1572 M.
459 1539 501 1572 et
525 1526 582 1570 V.
613 1527 820 1569 sseroald.
849 1527 948 1569 Ale.
970 1551 1025 1558 —
1073 1540 1135 1568 ex

237 1591 395 1645 aliquo
425 1586 674 1628 numinum
702 1584 801 1627 Ms.
834 1585 974 1629 Corb.

295 1673 441 1711 supra
462 1660 712 1699 humanas.
775 1655 852 1698 Sic
868 1654 969 1697 MS.
983 1652 1134 1697 Guelf.

239 1717 339 1760 edd.
375 1716 475 1758 Put.
511 1715 579 1756 M.
613 1722 655 1755 et
690 1712 746 1755 V.
780 1711 993 1755 Beroald.
1032 1712 1136 1758 Alc.

160 1792 162 1794 ’
238 1774 441 1816 Rhenan.
477 1788 575 1830 sqq.
608 1795 666 1804 -
724 1784 872 1819 supra
901 1772 1137 1812 humanos

241 1830 375 1875 MSS.
403 1831 525 1873 Flor.
552 1830 665 1883 (test.
694 1825 810 1871 Vict.
842 1844 880 1870 e.
905 1829 994 1870 Iac.
1019 1827 1136 1875 Gro-

240 1888 404 1939 novio)
430 1889 535 1944 fleg.
555 1886 690 1933 Corb.
716 1885 827 1939 edd.
847 1886 963 1941 Spir.
991 1895 1034 1928 et
1057 1902 1136 1927 nu-

240 1963 319 2005 per
348 1945 506 1987 Oberl.
528 1960 625 2001 sqq.
653 1942 942 1985 suadentibus
965 1941 1136 2002 Ryekio

244 2013 286 2047 et
310 2003 396 2046 [ae.
423 2001 674 2056 Gronqvio.
736 2000 989 2041 Humanas
1015 1999 1136 2042 enim

243 2060 334 2104 diei
375 2076 457 2118 pro
499 2058 693 2101 humano
738 2072 899 2113 genere
946 2059 1138 2114 probant

243 2117 480 2175 exemplis:
531 2115 660 2158 Varr.
685 2114 814 2172 apud.
845 2113 964 2156 Non.
994 2114 1139 2157 Marc.

243 2176 286 2224 2,
308 2175 380 2218 98.
419 2169 534 2220 Ὀἷα
558 2173 611 2215 ad
648 2173 738 2214 Au.
765 2171 828 2223 13,
851 2173 921 2214 21.
983 2171 1140 2214 lustin.

241 2232 311 2285 42,
345 2231 388 2275 3.
469 2231 557 2275 Sed
600 2245 858 2285 quanquam
903 2244 1036 2272 nemo
1085 2228 1138 2270 de

245 2290 332 2333 hoe
368 2306 449 2331 usu
484 2287 681 2336 dubitat,
714 2286 820 2328 huie
853 2294 1001 2328 tamen
1039 2286 1142 2328 loco

244 2347 404 2390 melius
425 2344 634 2390 convenit
659 2345 878 2401 scriptura
895 2341 1144 2386 Puteolani.

248 2405 404 2460 Quare
439 2419 540 2446 cum
568 2399 772 2445 Bekkero
804 2409 847 2443 et
874 2399 1144 2458 Kiesslingio

250 2479 348 2506 eam
382 2460 610 2505 revocavi.
653 2458 822 2501 'Multa
858 2475 961 2502 sane
993 2467 1144 2502 aueto-

249 2521 379 2563 ritate
415 2518 518 2561 cod.
543 2517 667 2560 Flor.
705 2517 824 2560 valet
859 2517 902 2559 in
934 2524 1143 2559 contextu

249 2575 599 2621 constituendo:
677 2590 916 2618 caveamus
970 2583 1147 2620 tamen,

251 2651 307 2678 ne
341 2634 396 2678 ad
426 2633 624 2676 “absurda
653 2649 733 2675 nos
759 2631 974 2682 abducat,
1012 2647 1144 2689 prae-

248 2690 403 2735 sertim
435 2691 480 2733 in
507 2691 582 2732 tali
611 2706 685 2739 re,
732 2689 807 2732 uhi
843 2705 972 2732 error
1002 2687 1146 2746 perfa-

251 2750 346 2793 cilis
375 2749 476 2792 fuit.

307 2820 453 2863 etiam
494 2820 747 2862 Neronem.

251 2879 396 2921 etiam
421 2879 573 2932 ipsum
594 2878 841 2919 Neronem.

305 2950 585 3002 permoveri.
636 2946 718 2990 Ed.
734 2946 850 3003 Spir.
868 2947 1148 3000 promoveri.

256 3006 342 3050 Sed
367 3006 426 3050 cf.
450 3011 486 3058 1,
508 3009 580 3050 21.

313 3077 386 3120 sin
419 3076 693 3119 crudelitati.
753 3073 828 3117 Sic
856 3073 992 3117 MSS.
1022 3074 1058 3116 F
1062 3073 1147 3117 lor.

255 3130 819 3190 (testanturPich.etVieu.,
838 3130 912 3173 hic
927 3147 1005 3190 per
1023 3132 1150 3174 silen-

254 3193 385 3248 tium)
420 3191 532 3233 Eud.
561 3188 683 3231 Harl.
719 3188 849 3232 Bodl.
882 3187 964 3231 les.
995 3187 1148 3232 Guelf.

257 3249 359 3292 edd.
385 3248 485 3292 Put.
511 3248 579 3291 M.
606 3256 647 3289 et
669 3244 725 3288 V.
763 3245 863 3288 Ber.
893 3245 995 3290 Alc.
1024 3245 1149 3289 Pich.

255 3323 306 3373 sq
341 3339 351 3349 .
433 3308 488 3350 At
523 3305 610 3348 Iac.
646 3302 910 3371 Gronovius
942 3302 1149 3401 adfirmat

253 3373 356 3464 iiis.
380 3362 579 3478 {effi}
604 3365 1147 3476 33.ss.⁸2.f'3.25¹52325·5255·1

247 3479 353 3521 MS.
406 3477 543 3520 Corb.
601 3478 645 3518 si
692 3478 739 3517 in
800 3475 1142 3519 incredulitate.

851 2816 950 2859 MS.
996 2814 1148 2862 Guelf.

1205 1296 1317 1340 Edd.
1355 1297 1500 1341 Rhen.
1538 1299 1643 1343 Ald.
1683 1299 1802 1358 Lips.
1844 1300 1982 1345 Grut.
2025 1304 2100 1345 sin

1206 1355 1463 1397 crudelitas
1526 1358 1815 1412 persisteret.
1918 1358 2096 1402 Etenim

1201 1413 1474 1468 persisteret
1507 1422 1571 1456 est
1595 1415 1646 1456 ,in
1676 1415 1768 1459 MS.
1790 1415 1926 1467 Bud.,
1958 1432 2099 1477 quum

1207 1469 1347 1513 ceteri
1373 1469 1475 1512 libri
1497 1480 1708 1514 tueantur
1731 1473 1972 1517 insisteret.

1266 1551 1377 1597 CAP.
1409 1553 1481 1595 26.
1549 1557 1608 1595 de
1646 1555 1740 1609 ipso
1775 1554 1986 1598 Thrasea
2018 1572 2101 1599 ea-

1207 1614 1332 1653 dem.
1414 1611 1495 1654 lid.
1533 1611 1650 1670 Spir.
1697 1611 1863 1655 omittit
1908 1611 2154 1667 eadem5‘

1209 1678 1251 1712 et
1276 1669 1399 1726 prius
1423 1685 1471 1710 ea
1498 1668 1584 1711 sert
1605 1671 1816 1714 censebat
1837 1686 1918 1726 pro
1939 1686 2101 1714 cense-

1208 1729 1341 1768 bant.
1407 1726 1504 1769 MS.
1535 1727 1644 1784 Agr.
1686 1743 1811 1769 more
1845 1744 1928 1770 suo
1965 1729 2103 1786 sapit:

1208 1785 1334 1825 nihil
1355 1787 1413 1825 de
1442 1785 1540 1837 apso
1573 1785 1801 1827 Thrasea.
1864 1786 1962 1829 MS.
1986 1786 2103 1831 Bud.

1210 1851 1310 1885 ante
1337 1841 1471 1884 domi
1489 1841 1611 1884 addit
1635 1857 1756 1884 eum.

1267 1914 1561 1955 subtraheret
1591 1921 1676 1955 etc.
1737 1911 1821 1956 Ed.
1847 1912 1964 1970 Spir.
1991 1916 2104 1956 sub-

1211 1972 1398 2013 trahere
1420 1984 1565 2011 aures
1575 1971 1793 2013 'cmnitiis.
1836 1970 1933 2014 MS.
1950 1969 2102 2017 Guelf.

1211 2026 1342 2071 etiam
1360 2029 1646 2071 subtrahere.
1706 2025 1827 2071 Idem
1849 2044 1952 2071 mox
1960 2027 2107 2084 forsi-

1212 2093 1327 2126 tam,

1263 2168 1352 2210 per
1386 2156 1734 2197 immanitatem
1770 2155 1952 2197 ausur‘i.
2030 2155 2107 2200 Sic

1213 2213 1314 2256 edd.
1345 2211 1503 2255 Oberl.
1535 2227 1636 2269 sqq.
1667 2228 1690 2255 e
1718 2211 1980 2256 coniectura
2004 2213 2107 2257 Aei-

1215 2269 1319 2313 dalii
1343 2278 1385 2310 et
1410 2268 1666 2312 Boxhornii.
1727 2268 1842 2311 Nam
1877 2269 2000 2327 quod
2036 2286 2107 2313 ve-

1215 2335 1331 2369 teres
1360 2327 1460 2370 libri
1488 2326 1729 2384 praebent:
1761 2340 1848 2381 per
1876 2327 2106 2371 immani-

1216 2392 1367 2426 tatem
1399 2385 1606 2438 Augusti
1639 2383 1735 2427 sine
1769 2382 1935 2426 idoneo
1974 2400 2111 2430 sensu

1216 2458 1310 2484 esse
1345 2440 1551 2498 plurimis
1586 2441 1778 2484 videtur.
1864 2441 1959 2485 Nec
1990 2443 2111 2487 iuvat

1215 2499 1438 2557 MS.Agr.
1453 2531 1466 2550 ,
1489 2499 1596 2541 dum
1619 2498 1800 2541 scribit:
1827 2513 1917 2553 per
1933 2500 2107 2543 imma-

1216 2558 1418 2599 nitatem
1446 2557 1648 2609 Augusti
1671 2558 1973 2600 intentarent.
2056 2557 2109 2612 ln

1215 2614 1418 2672 margine
1448 2613 1566 2657 idem
1604 2613 1718 2656 liber
1742 2614 1862 2657 vult:
1899 2629 1985 2668 per
2017 2616 2110 2657 im-

1218 2675 1499 2715 manitatem
1558 2672 1830 2724 ingererent
1845 2703 1857 2721 ,
1937 2672 2108 2715 omisso

1219 2731 1426 2783 Augusti
1448 2727 1682 2771 vocabulo.
1742 2727 1940 2786 Lipsius:
1974 2731 2110 2775 ictus-

1220 2802 1304 2843 que
1331 2781 1517 2841 p'arent.
1609 2785 1972 2829 Immam‘taeem
2004 2787 2108 2830 Au-

1219 2844 1347 2899 gusti
1391 2843 1537 2889 etiam
1591 2843 1739 2885 bonos
1786 2851 1913 2887 metu
1961 2845 2107 2901 sequi.

1221 2899 1476 2946 Acidalius:
1521 2901 1728 2955 ictusque
1763 2915 1854 2955 per
1883 2903 2109 2946 immam·-

1221 2966 1369 3002 tatem
1392 2958 1563 3000 ausuri
1573 2959 1670 3000 sint
1692 2957 1759 3000 vel
1780 2961 1955 3003 ausint.
1993 2958 2111 3002 Gro-

1222 3016 1331 3059 tiust
1369 3019 1621 3066 auderent,
1658 3016 1778 3072 quod
1804 3033 2015 3075 recepere
2038 3016 2110 3060 Bi·

1222 3073 1414 3132 pontini.
1491 3072 1690 3130 Ryekius
1729 3083 1969 3130 praeeunte
1999 3073 2112 3118 Sali-

1223 3129 1348 3173 nerio
1375 3138 1570 3174 veterem
1593 3129 1865 3186 scripturam
1898 3131 2111 3181 defendit,

1223 3187 1422 3246 dicitque
1456 3184 1779 3240 ἀποσιώπησιν
1807 3203 1926 3238 esse,
1970 3188 2112 3247 qualis

1219 3252 1355 3287 exstat
1399 3246 1519 3303 apud
1567 3245 1718 3303 ‘vir-gil.
1762 3246 1874 3289 Aen.
1939 3249 1978 3295 1,
2009 3245 2110 3303 135.Δ

1223 3301 1354 3360 Quos
1397 3317 1510 3357 ego:
1565 3308 1647 3346 sed
1694 3310 1853 3345 motos
1889 3311 2109 3358 praestat

1218 3375 1491 3413 componere
1519 3361 1712 3418 fluctuS.
1792 3359 1972 3403 Nomen
2003 3363 2105 3405 Au-

1215 3419 1342 3474 gusti
1361 3416 1479 3461 idem
1506 3419 1643 3462 refert
1666 3419 1719 3462 ad
1741 3417 1985 3461 Neronem.
2045 3417 2106 3462 cf.

1217 3474 1341 3517 Suet.
1382 3476 1488 3519 Ner.
1526 3492 1564 3518 c.
1593 3477 1662 3518 46.
1737 3475 1887 3533 Quam
1923 3474 2089 3534 explica

1917 395 2084 450 posse
2163 448 2164 451 ι
