2164 3990
204 219 258 256 A.
276 219 328 256 n.
342 216 427 252 sm.

203 268 255 302 A.
273 262 329 312 e..
362 260 425 294 48.

1887 209 1971 273 45

1852 341 1974 402 Sed

1764 428 1974 485 condi—

626 216 799 278 LIB.
832 215 938 278 XI.
1014 214 1207 275 CAP.
1237 211 1341 275 25.
1374 214 1475 273 26.

120 355 332 412 blicam
365 348 573 408 merita
609 367 736 403 non
769 345 1000 404 usitatis
1038 343 1340 401 vocabulis
1386 337 1756 404 honoranda.

122 440 241 516 ipse
269 433 535 494 cohibuit
555 433 857 490 consulem
879 443 947 489 ut
970 429 1224 487 nimium
1255 430 1676 486 adsentantem.

119 537 322 612 ditque
349 536 602 592 lustrum
619 579 636 602 ‚
689 553 805 608 quo
831 548 1002 586 censa
1029 538 1167 585 sunt
1187 526 1410 583 civium
1451 509 1612 583 ffl.
1632 523 1973 586 LXXXIV.

117 618 369 694 'L-X‘X-I‘I.
457 631 630 708 Isque
656 629 748 685 illi
770 629 905 684 finis
931 627 1195 683 inscitiae
1221 645 1352 699 erga
1379 625 1625 680 domum
1653 642 1818 678 suam
1837 622 1972 682 fuit.

118 716 278 776 haud
297 719 486 777 multo
506 727 638 792 post
658 714 879 798 flagitia
903 712 1103 770 uxoris
1125 730 1364 767 noscere
1387 729 1453 766 ac
1476 707 1690 784 punire
1715 707 1972 776 adactUS‚

117 809 184 862 ut
211 805 426 860 deinde
455 798 777 858 ardesceret
803 800 869 854 in
893 798 1130 873 nuptias
1152 797 1416 854 incestas,

284 885 511 948 XXVI.
595 883 722 942 Iam
796 882 1140 940 Messallina
1214 881 1492 937 facilitate
1569 878 1974 935 adulterorum

119 974 185 1043 in
242 972 549 1031 fastidium
615 990 781 1026 versa
847 970 921 1024 ad
985 965 1313 1038 incognitas
1377 964 1658 1022 libidines
1712 964 1975 1040 proflue-

117 1059 251 1128 bat,
338 1078 468 1115 cum
549 1053 827 1128 abrumpi
908 1051 1441 1108 dissimulationem
1517 1050 1692 1106 etiam
1771 1048 1975 1120 Silius,

120 1144 242 1200 sive
317 1142 483 1200 fatali
552 1139 825 1196 vecordia
903 1157 981 1193 an
1059 1136 1502 1209 imminentium
1572 1134 1978 1211 periculorum

119 1228 447 1284 remedium
518 1225 645 1301 ipsa
722 1222 984 1299 pericula
1063 1232 1226 1278 ratus
1252 1266 1270 1292 ‚
1364 1221 1629 1294 urgebat.
1753 1220 1978 1296 quippe

118 1333 244 1370 non
280 1314 377 1368 xeo'
414 1322 692 1378 ventum,
757 1319 824 1365 ut
873 1317 1165 1364 senectam
1209 1306 1499 1383 principis
1544 1305 1978 1380 opperirentur.

175 1468 228 1504 ut
263 1460 484 1504 nimium.

118 1523 284 1563 mium.

178 1581 527 1620 adsentantem.
586 1576 664 1619 Sic
685 1575 789 1618 MS.
807 1575 930 1617 Flor.
960 1574 1012 1628 (t.

120 1633 262 1690 Vict.)
285 1657 343 1666 --
393 1640 719 1676 assentantem
742 1632 841 1674 MS.
857 1630 1011 1675 Guelf.

121 1691 224 1734 edd.
249 1691 367 1748 Spir.
398 1690 502 1732 Put.
524 1690 591 1732 M.
625 1697 667 1732 et
686 1687 745 1732 V.
766 1688 873 1731 Ber.
906 1687 1013 1733 Alc.

120 1747 268 1790 Rhen.
292 1746 397 1791 And.
429 1762 527 1804 sqq.
818 1789 820 1793 f

176 1819 343 1861 civium
357 1818 489 1860 LIX.
503 1817 783 1860 LXXXIV.
797 1805 1013 1872 LXXII.

120 1875 197 1919 Sic.
237 1874 372 1918 MSS.
413 1875 538 1917 Flor.
585 1881 701 1930 (test.
744 1873 863 1918 Vict.
906 1891 1013 1916 cum

117 1931 266 1988 Pieh.)
281 1929 451 1979 Vaticc,
466 1931 575 1974 1863
592 1939 635 1974 et
651 1931 779 1974 1864.
807 1931 876 1974 ed.
892 1932 1012 1989 Spir.

118 1989 292 2048 egregia
323 1988 566 2032 concordia
601 1988 682 2043 (cf.
712 1988 861 2044 Wtf.
888 1988 1013 2044 Stis-

118 2055 237 2098 tang
268 2045 476 2088 Traians
515 2061 562 2102 p.
601 2049 692 2100 10).
749 2074 808 2082 -—
875 2047 1010 2089 MSS.

118 2104 263 2147 Vatie.
320 2102 447 2146 1958.
506 2103 628 2147 Harl.
681 2103 816 2146 Bodl.
859 2102 1009 2147 Guelf.

117 2159 318 2204 medium
343 2177 586 2204 numerum
606 2177 662 2204 ne
697 2159 869 2217 ligunt3
906 2162 1011 2206 MS.

118 2219 230 2275 Agr.
264 2234 346 2276 pro
369 2217 638 2262 LIXhabet
703 2218 848 2261 VIII.
906 2218 1011 2262 MS.

116 2276 202 2319 Ies.
239 2283 366 2318 notat
400 2284 574 2318 tantum
597 2275 731 2318 LIX.
757 2274 922 2318 LXII.
954 2299 1014 2309 ·-

116 2332 232 2376 Edd.
258 2332 362 2375 Put.
387 2333 457 2375 M.
485 2342 527 2375 et
545 2331 602 2376 V.
626 2333 729 2376 Ber.
753 2332 852 2376 Alc.
868 2332 1012 2376 Rhen.

97 2389 225 2434 ‘Ald.
280 2389 447 2431 civium
498 2389 679 2432 LXIX
722 2397 918 2432 centena
970 2398 1015 2432 et

119 2445 323 2491 CXLIV
351 2447 517 2489 millia.
578 2447 628 2489 111
649 2446 750 2490 MS.
770 2446 889 2489 Bud.
925 2463 1017 2489 nu-

117 2504 232 2547 meri
255 2504 418 2546 turbati
441 2510 558 2547 sunt.
597 2503 890 2546 Recentiores
913 2504 1014 2547 edd.

118 2562 282 2605 habent
322 2562 491 2603 civium
525 2560 705 2602 LXIX
736 2567 929 2603 centena
971 2569 1016 2603 et

571 1460 655 1503 Ed.
698 1457 818 1517 Spir.
862 1467 908 1501 et
936 1460 1013 1501 ni-

119 2617 292 2661 XLIV
307 2618 558 2662 seeundum
580 2617 829 2661 Eusebium
852 2617 929 2675 qui
946 2634 1015 2663 re-

118 2676 230 2718 fer-tt
286 2674 612 2730 Descriptione
651 2676 839 2718 Romae
870 2674 1015 2731 facta

119 2734 204 2776 sub
236 2732 432 2774 Claudio
467 2732 664 2775 inventa
696 2740 809 2775 sunt
847 2733 1018 2775 civium

118 2791 176 2834 R.
209 2788 438 2833 LXVIII
467 2798 661 2834 centena
696 2790 873 2834 XLIV
906 2793 1017 2834 mil-

119 2850 200 2892 lia.

175 2905 305 2960 isque
335 2905 410 2947 illi
422 2903 554 2960 finis.
583 2906 587 2910 '
622 2904 705 2948 Ed.
737 2903 857 2964 Spir.
887 2907 1017 2962 isque

120 2963 338 3062 illeefim‘s.
397 2962 507 3004 Mox
530 2963 762 3005 insciciae.

216 3031 289 3062 ΔΡ.
312 3019 385 3063 26.
411 3019 671 3074 facilitate.
728 3017 832 3062 MS.
857 3018 1008 3064 Guelf.

105 3075 352 3135 filz‘citate.
409 3077 480 3120 De
508 3076 640 3120 huius
663 3092 760 3134 cap.
788 3077 922 3120 rebus
948 3076 1008 3121 cf.

121 3132 211 3176 Dio
237 3133 306 3181 60,
328 3132 398 3176 31.

179 3193 523 3234 adulterorum.
603 3190 680 3235 Sic
711 3191 849 3235 MSS.
884 3191 1008 3236 Flor.

120 3250 242 3301 (nam
278 3247 393 3290 Vict.
431 3248 546 3292 hanc
579 3248 851 3307 scripturam
891 3249 1012 3291 inta-

123 3311 238 3347 ctam
260 3303 342 3347 reli
377 3305 456 3362 uit)
484 3305 604 3349 Bud.
625 3305 773 3349 Guelf.
795 3306 1013 3350 edd.Put.

121 3359 191 3404 M.
216 3369 257 3403 et
279 3360 333 3405 V.
400 3378 463 3405 er.
485 3363 586 3405 Ale.
612 3362 755 3406 Rhen.
777 3379 872 3421 sqq.
930 3363 1011 3405 Er·

122 3417 311 3467 nestius,
339 3419 572 3462 Broterius
599 3436 694 3478 sqq.
723 3437 772 3463 ex
797 3423 864 3463 ed.
889 3419 1007 3478 Spir.

123 3489 329 3529 recepere
383 3478 746 3521 adulteriorum.
826 3478 914 3520 Sed
960 3494 1010 3520 ex

123 3545 212 3572 uno
242 3531 318 3574 illo
352 3531 467 3576 libro
499 3534 767 3591 scripturam
797 3535 851 3579 ab
886 3535 1005 3592 opti-

1087 1458 1171 1502 mis
1199 1455 1333 1501 MSS.
1361 1456 1554 1501 alienam
1582 1456 1769 1500 minime
1793 1471 1983 1515 recepe-

1083 1517 1171 1559 rim
1195 1517 1252 1559 ob
1273 1517 1509 1558 innumera
1531 1514 1657 1566 vitia,
1681 1530 1793 1574 quae
1812 1514 1981 1566 insunt,

1084 1588 1342 1631 quanquam
1403 1572 1665 1616 auctoritate
1726 1587 1804 1615 sua
1860 1571 1981 1614 haud

1085 1631 1238 1688 exigua
1262 1629 1423 1687 gaudet
1445 1630 1493 1671 in
1517 1645 1742 1672 consensu
1762 1645 1869 1674 cum
1890 1628 1980 1673 alio

1081 1687 1200 1730 libro
1224 1687 1371 1730 bonae
1392 1695 1540 1730 notae.

1139 1757 1307 1802 Silius.¹
1345 1756 1424 1802 Sic
1444 1765 1552 1804 vett.
1575 1756 1680 1800 libri
1699 1755 1789 1800 mei
1807 1772 1982 1808 omnes,

1082 1830 1225 1873 quum
1249 1830 1383 1872 supra
1408 1815 1647 1860 variarent.
1869 1871 1871 1873 ι

1137 1873 1234 1915 sive
1255 1902 1266 1913 .
1282 1902 1294 1914 .
1311 1902 1324 1914 .
1346 1887 1411 1913 an
1430 1903 1440 1913 .
1458 1903 1470 1914 .
1503 1870 1680 1914 Graece
1703 1872 1792 1915 εἴτε
1805 1899 1866 1907 -
1878 1867 1908 1927 ἢ
1922 1899 1982 1909 --

1084 1927 1144 1972 cf.
1178 1929 1333 1986 Viger.
1369 1945 1408 1972 c.
1436 1927 1559 1971 V111.
1593 1935 1701 1971 sect.
1724 1928 1801 1973 VI.
1829 1929 1900 1973 14.
1935 1937 1982 1972 et

1054 2013 1060 2020 ·
1086 1986 1231 2029 Zeun.
1266 1985 1322 2029 ad
1342 1985 1498 2043 Viger.
1535 2001 1578 2030 c.
1605 1984 1705 2028 VII.
1741 1994 1848 2029 sect.
1875 1985 1979 2030 Vll.

1083 2052 1177 2087 not.
1210 2043 1282 2087 78.
1339 2043 1400 2087 cf.
1432 2043 1540 2087 Tac.
1575 2044 1662 2087 An.
1687 2043 1755 2094 14,
1779 2043 1850 2088 59.
1880 2044 1982 2088 init.

1083 2100 1314 2145 Acidalius
1335 2100 1505 2145 frustra
1528 2099 1705 2145 volebat
1725 2101 1863 2150 deleri
1885 2099 2000 2146 sive

1082 2158 1156 2205 vel
1183 2159 1267 2217 legi
1294 2160 1406 2214 ipse.

1141 2220 1351 2270 urgebat.
1413 2216 1514 2261 MS.
1534 2217 1572 2261 F
1575 2215 1659 2261 lor.
1687 2218 1807 2274 (test.
1831 2215 1980 2275 Viet.)

1085 2277 1326 2327 urguebat.
1819 2304 1822 2306 -

1141 2339 1193 2373 ut
1213 2339 1452 2374 senectam
1471 2332 1692 2388 principis
1714 2333 1982 2386 opperiren-

1086 2395 1177 2431 tur.
1232 2389 1307 2432 Sic
1323 2389 1426 2433 MS.
1444 2388 1600 2432 Guelf.
1627 2417 1686 2426 --
1735 2389 1853 2434 Edd.
1874 2389 1981 2435 Put.

1084 2447 1156 2489 Μ.
1171 2454 1215 2489 et
1226 2445 1283 2489 V.
1304 2455 1356 2489 ut
1368 2454 1606 2489 senectam
1627 2447 1858 2501 principis
1880 2462 1983 2503 ope·
2007 2450 2009 2453 ’

1087 2504 1322 2556 rirentur,
1352 2519 1446 2547 non
1466 2507 1809 2559 opperirentur.
1879 2504 1983 2550 Hoc

1086 2569 1237 2603 tamen
1267 2561 1435 2604 habent
1469 2561 1568 2604 edd.
1589 2560 1690 2605 Ber.
1715 2561 1817 2606 Ale.
1836 2561 1982 2610 Rhen.

1086 2633 1183 2675 sqq.
1236 2616 1326 2662 Sed
1350 2634 1375 2660 a
1399 2618 1531 2662 codd.
1546 2619 1681 2663 MSS.
1703 2619 1857 2678 exigua
1875 2619 1983 2664 huic

1085 2676 1333 2732 scripturae
1347 2684 1413 2718 est
1423 2674 1678 2719 auctoritas.
1713 2677 1830 2720 Nam
1843 2676 1983 2722 MSS.

1090 2732 1215 2775 Flor.
1235 2731 1472 2786 (test.Vict.
1491 2749 1530 2776 c.
1549 2732 1624 2789 al.)
1647 2733 1764 2778 Bud.
1790 2742 1834 2777 et
1847 2733 1983 2779 MSS.

1088 2788 1288 2832 Broterii
1308 2789 1494 2833 habent:
1525 2797 1576 2832 ut
1603 2799 1788 2835 senecta
1802 2792 1982 2847 princi-

1084 2848 1160 2902 pis
1189 2847 1495 2901 opperiretur.
1553 2847 1638 2890 Ed.
1663 2847 1784 2906 Spir.
1819 2856 1872 2892 at
1901 2863 1982 2892 se-

1087 2911 1224 2946 necta
1250 2905 1469 2959 principz‘s
1497 2907 1802 2960 operirentur.
1862 2906 1981 2950 Tum

1089 2962 1221 3005 etiam
1243 2961 1373 3007 valde
1394 2961 1550 3005 dubito
1564 2994 1576 3012 ,
1605 2977 1665 3004 an
1687 2963 1864 3022 vulgata
1886 2963 1981 3006 ido·

1082 3034 1222 3061 neum
1257 3034 1437 3062 sensum
1471 3019 1728 3077 praebeant.
1799 3020 1982 3079 Quippe

1083 3090 1183 3117 non
1221 3091 1275 3119 eo
1305 3083 1524 3125 ventum,
1563 3083 1613 3118 ut
1638 3076 1683 3119 h.
1709 3091 1747 3120 e.
1770 3077 1978 3122 nondum

1084 3150 1136 3177 eo
1173 3133 1361 3179 evasisse
1395 3135 1462 3176 vel
1495 3133 1555 3177 ita
1586 3133 1703 3177 male
1733 3150 1780 3177 se
1810 3134 1976 3179 habere

1082 3207 1179 3234 rem
1214 3192 1294 3247 (cf.
1326 3190 1394 3242 15,
1421 3191 1493 3234 27.
1531 3191 1640 3233 Non
1671 3193 1794 3234 enim
1822 3193 1978 3235 adhuc

1083 3264 1136 3291 eo
1159 3256 1345 3290 ventum
1361 3279 1374 3297 ,
1413 3255 1465 3290 ut
1487 3249 1740 3291 certamine
1762 3257 1976 3292 extremo

1085 3321 1204 3359 opus
1243 3308 1394 3361 esset).
1461 3305 1710 3348 Senectam
1750 3306 1975 3363 principis

1084 3364 1289 3417 opperiri
1317 3367 1386 3416 (ut
1407 3363 1618 3418 opperiri
1636 3366 1973 3418 aegritudinem

1080 3422 1122 3470 2,
1135 3421 1190 3462 69
1200 3436 1214 3470 ;
1224 3420 1397 3475 sutura
1411 3422 1478 3472 11,
1492 3421 1573 3472 12,·
1593 3421 1742 3474 legati
1754 3422 1972 3463 animum

1081 3478 1191 3534 Agr.
1217 3494 1256 3520 c.
1272 3476 1338 3520 18.
1358 3478 1565 3520 alienam
1586 3478 1834 3521 stultitiam
1857 3477 1971 3522 Hist.

1078 3536 1120 3586 2,
1131 3534 1209 3592 34)
1232 3534 1315 3577 erit
1336 3543 1584 3594 exspectare
1598 3567 1610 3587 ,
1638 3551 1771 3592 quem
1794 3543 1973 3581 senecta
