2164 3990
117 273 124 281 ,
198 215 325 276 214

1741 207 1863 245 AaeU.
1886 210 1968 246 812.

1742 251 1791 287 A.
1811 251 1858 289 C.
1909 253 1969 292 59.

863 209 1380 272 ANNALIUM

205 364 272 401 ea
315 363 455 402 cura
497 344 846 402 transfertur
886 342 1020 398 data
1063 337 1303 399 cohorte
1341 342 1663 417 praetoria,
1728 345 1894 401 cuius
1937 355 2058 401 ter-

203 449 339 486 rore
383 440 440 487 et
491 448 817 506 paucorum
872 426 1163 503 supplicio
1215 427 1393 484 rediit
1445 427 1758 503 oppidanis
1813 450 2057 499 concor7

210 514 327 575 dia.

323 604 326 606 ’
378 596 595 658 XLIX.
661 596 799 656 Non
831 595 1111 653 referrem
1143 596 1613 670 vulgatissimum
1650 609 1884 655 senatus
1919 618 2064 656 con—

210 685 430 743 sultum
447 729 465 754 ,
531 703 648 760 quo
697 681 920 738 civitati
955 679 1461 757 Syracusanorum
1506 684 1705 758 egredi
1742 703 2065 741 numerum

162 804 165 809 ·
210 769 454 828 edendis
487 767 910 843 gladiatoribus
942 766 1178 822 finitum
1198 767 1676 842 permittebatur,
1716 769 1835 826 nisi
1854 767 2069 826 Paetus

212 851 476 913 Thrasea
527 866 730 911 contra
783 851 1023 908 dixisset
1073 853 1554 929 praebuissetque
1597 855 1899 912 materiem
1958 855 2070 911 ob·-

212 938 624 1000 trectatoribus
668 937 1000 1012 'arguendae
1042 937 1390 994 sententiae:
1446 935 1571 995 Cur
1607 939 1795 1010 enim,
1852 940 1902 996 si
1943 959 2070 997 rem

210 1025 513 1102 publicam
561 1042 726 1098 egere
767 1023 1038 1080 libertate
1082 1023 1373 1080 senatoria
1412 1023 1702 1094 crederet,
1750 1035 1870 1081 tam
1918 1024 2073 1082 levia

215 1108 687 1168 consectaretur?
747 1108 896 1187 quin
929 1108 1002 1165 de
1038 1108 1196 1165 bello
1231 1119 1332 1166 aut
1364 1128 1536 1183 pace,
1579 1109 1652 1166 de
1689 1108 2075 1183 vectigalibus

217 1208 275 1274 et
307 1194 563 1269 legibuS,
617 1193 949 1271 quibusque
993 1192 1124 1250 aliis
1157 1191 1432 1252 Romana
1471 1194 1882 1264 continentur,
1940 1213 2077 1252 sua-

219 1282 386 1339 deret
417 1279 917 1337 ‘dissuaderetve‘?
1001 1279 1179 1336 licere
1221 1278 1489 1355 patribus
1534 1279 1807 1355 quotiens
1850 1280 1942 1336 ius
1984 1279 2079 1336 di-

219 1366 438 1424 cendae
473 1365 794 1423 sententiae
822 1364 1215 1439 accepissent,
1256 1384 1406 1442 quae
1440 1365 1692 1435 vellent,
1736 1376 2078 1440 expromere

218 1451 685 1526 relationemque
726 1450 792 1507 in
826 1469 892 1506 ea
925 1450 1244 1525 postulare.
1331 1469 1408 1505 an
1444 1450 1636 1507 solum
1670 1450 2080 1507 emendatione

222 1537 499 1610 dignum,
541 1556 617 1592 ne
645 1534 950 1613 Syracusis
973 1534 1297 1610 spectacula
1324 1534 1544 1614 largius
1568 1535 1920 1592 ederentur?
1984 1554 2082 1592 ce-

223 1635 349 1682 tera
386 1642 492 1698 per
529 1641 733 1678 omnes
773 1619 1011 1698 imperii
1046 1631 1241 1696 partes
1274 1618 1521 1695 perinde
1553 1619 1781 1694 egregia
1816 1639 1994 1699 quam
2032 1620 2083 1677 si

280 1868 542 1925 oppidanis.
599 1867 684 1913 Ed.
705 1867 827 1927 Spir.
858 1868 1088 1924 opidanis.

285 1938 400 1983 CAP.
430 1939 502 1982 49.
571 1941 750 1982 civitati
776 1938 940 1995 Syrae.
1013 1939 1120 1983 MS.

1181 1863 1355 1911 ⁴rentur·
1373 1864 1474 1911 MS.
1498 1864 1637 1911 Corb.
1667 1891 1721 1905 --
1767 1865 2087 1910 contineretur

1193 1925 1298 1969 MS.
1322 1924 1440 1967 Bud.
1501 1924 1733 1967 Broterius
1757 1925 1926 1984 recepit
1945 1923 2087 1982 Lipsii

226 1996 339 2055 Reg.
371 2005 416 2040 et
449 1996 518 2039 ed.
551 1998 669 2056 Spir.
703 1998 941 2039 civitatem
970 1995 1120 2040 Simo.

227 2054 320 2099 Pro
347 2056 715 2107 permittebatur
745 2054 847 2099 MS.
880 2053 1018 2098 Corb.
1050 2054 1123 2098 ha·

206 2112 305 2178 lbet
321 2113 670 2167 prohibebatur.

286 2197 543 2226 numerum
577 2186 650 2226 ed.
686 2184 752 2236 gl.
772 2181 987 2239 finitum.
1064 2179 1124 2225 cf.

230 2239 324 2284 Dio
350 2241 420 2293 54,
443 2242 488 2284 2.
545 2241 735 2285 sueton.
762 2240 848 2284 lul.
884 2255 924 2286 c.
946 2241 1015 2284 10.
1063 2238 1128 2284 id.

233 2298 336 2343 Tib.
378 2314 419 2343 c.
445 2297 516 2342 34.

292 2370 386 2414 nisi
407 2369 585 2412 Paetus
606 2367 835 2412 Thrasea.
892 2366 977 2412 Ed.
1010 2367 1128 2429 spir.

235 2427 334 2473 nisi
346 2433 585 2484 petus-tros
609 2441 683 2470 ea.

294 2498 560 2557 materiem.
622 2496 701 2543 Sic
715 2493 988 2540 MSS.Flor.
1015 2495 1131 2551 (test.

234 2554 440 2613 Pichen.)
474 2554 603 2599 Bud.
632 2553 733 2599 edd.
766 2552 886 2612 Spir.
920 2553 1132 2599 Beroald.

238 2618 302 2672 (c.
325 2614 476 2658 silent.
498 2610 643 2665 Viet.)
669 2610 795 2655 Pich.
816 2627 915 2669 sqq.
933 2639 992 2651 --
1024 2627 1133 2654 ma-

240 2673 412 2715 teriam
432 2669 534 2715 MS.
557 2667 708 2712 Guelf.
734 2668 836 2713 edd.
863 2669 967 2712 Put.
992 2669 1061 2716 M.
1091 2678 1137 2713 et

238 2728 298 2773 V.
325 2729 425 2773 Alc.
451 2727 653 2771 Rhenan.
681 2742 782 2786 sqq.
852 2726 913 2772 cf.
945 2734 1041 2771 not.
1077 2727 1135 2770 ad

240 2786 284 2840 3,
307 2786 379 2831 31.
412 2786 480 2836 12,
501 2785 573 2829 22.

299 2862 668 2902 consectaretur.
753 2854 836 2898 Ed.
869 2853 987 2914 Spir.
1023 2869 1135 2897 eon-

241 2922 550 2961 sectarentur.
610 2913 711 2959 MS.
733 2911 889 2957 Guelf.
910 2919 1139 2955 consecta-

245 2988 344 3018 rer.
702 3004 704 3006 -

301 3034 362 3075 de
382 3030 672 3083 vectigalibus
690 3036 735 3071 et
758 3029 945 3084 legibus.
1002 3025 1138 3069 MSS.

243 3088 367 3135 Harl.
401 3087 485 3131 les.
522 3085 677 3130 Guelf.
711 3087 782 3131 ed.
820 3084 937 3144 Spir.
977 3099 1061 3142 pro
1098 3091 1143 3128 ee

244 3147 411 3190 habent
433 3153 531 3188 aut.

305 3204 558 3259 quibusque
581 3201 708 3246 aliis.
767 3199 869 3244 MS.
890 3197 1012 3241 Harl.
1041 3199 1144 3253 qui-

248 3263 532 3316 buscumque
553 3260 670 3303 aliis.
727 3257 833 3302 MS.
861 3254 1014 3300 Guelf.
1041 3258 1145 3312 qui-

308 3375 619 3416 eontinentur.
647 3376 660 3383 ”
707 3373 785 3419 Sic
837 3371 937 3416 MS.
988 3368 1143 3413 Guelf.

253 3430 356 3475 edd.
382 3430 484 3473 Put.
505 3431 573 3474 M.
603 3438 644 3473 et
663 3430 723 3475 V.
750 3429 963 3474 Beroald-
992 3429 1048 3482 (c.
1076 3427 1145 3471 sil.

253 3487 392 3537 vict.)
422 3486 526 3532 Alc.
551 3487 694 3532 Rhen.
717 3504 819 3556 sqq.
837 3515 895 3527 --
933 3485 1146 3531 contine-

255 3554 334 3592 tur
358 3544 584 3603 MS-Reg.
609 3547 678 3589 ed.
700 3545 821 3602 Spir.
845 3569 903 3581 —
943 3545 1148 3588 contim-

157 3341 170 3352 κ
251 3318 444 3360 hasnum
463 3319 585 3360 aliis.

1193 1981 1558 2026 emendationem
1593 1996 1672 2025 res
1685 1983 1907 2025 Romana
1937 1983 2088 2026 conti-

1193 2047 1358 2092 netur,
1389 2055 1478 2098 qua
1502 2054 1596 2082 non
1620 2048 1685 2083 est
1706 2055 1837 2097 opuS.

1252 2113 1476 2154 suaderet
1520 2111 1904 2153 dissuadet-etue?
1986 2107 2091 2155 MS.

1199 2166 1350 2211 Guelf.
1381 2166 1481 2210 edd.
1512 2167 1633 2226 Spir.
1662 2167 1766 2210 Put.
1796 2167 1866 2211 M.
1891 2171 2093 2212 suadere

1199 2226 1534 2269 dissuadereve
1551 2225 1694 2267 licere
1705 2227 1918 2281 patribus
1928 2241 1944 2268 .-
1973 2241 2093 2283 quo-

1201 2285 1320 2326 tiens
1341 2290 1426 2326 etc.
1483 2282 1597 2325 Edd.
1619 2282 1723 2326 Put.
1737 2281 1793 2325 V.
1819 2291 1862 2325 et
1884 2283 2093 2326 Beroald.

1203 2341 1304 2385 Ale.
1336 2339 1554 2382 omittunt
1583 2355 1638 2382 ve
1668 2347 1771 2398 post
1801 2341 2095 2389 dissuadere,

1202 2397 1327 2457 quod
1339 2395 1581 2440 Rhenanus
1600 2396 1794 2441 restituit
1810 2413 1834 2440 e
1850 2399 1949 2442 MS.
1968 2399 2097 2450 Bud.‚

1204 2454 1516 2500 consentiente
1536 2454 1635 2498 MS.
1652 2453 1805 2499 Guelf.
1863 2455 1974 2499 Mox
1995 2455 2096 2500 edd.

1205 2527 1365 2556 omnes
1401 2512 1505 2555 inde
1545 2528 1571 2556 a
1610 2511 1745 2571 Lipsii
1788 2512 1933 2570 prima
1973 2528 2098 2572 prae·

1206 2571 1350 2613 tulere
1408 2573 1651 2619 suaderet,
1714 2569 2100 2614 dissuadet-etue?

1205 2628 1402 2694 Eiusque
1441 2626 1768 2671 emendationis
1809 2635 1968 2670 auctor
2003 2627 2100 2685 ipse

1207 2694 1274 2728 est
1292 2683 1482 2742 Llpsius.
1552 2683 1666 2727 Nam
1688 2684 1769 2727 sub
1791 2685 1965 2729 verbisz
1993 2685 2099 2742 qui-

1206 2745 1377 2798 busque
1448 2741 1557 2786 aliis
1623 2742 1852 2785 Romana
1925 2743 2101 2788 notavit

1206 2800 1340 2846 haeez
1396 2798 1677 2858 „Sequentia
1728 2798 1989 2854 emendavi,
2038 2801 2102 2845 di·

1208 2856 1364 2908 stinxi,
1394 2857 1563 2901 sublata
1589 2857 1885 2908 confusione,
1918 2873 2033 2916 quae
2055 2858 2102 2902 in

1211 2913 1352 2958 libris.
1365 2913 1391 2930 '’
1462 2913 1693 2958 Victorius
1726 2915 1996 2973 scripturam
2021 2916 2106 2960 Be-

1209 2971 1358 3015 roald.
1390 2971 1601 3015 intactam
1635 2971 1832 3039 reliquit.
1890 2973 1962 3016 De
1985 2974 2104 3020 veri·

1212 3037 1300 3072 tate
1342 3029 1667 3074 emendationis
1702 3029 1932 3088 Lipsianae
1967 3045 2105 3074 nemo

1213 3085 1344 3131 facile
1367 3086 1604 3130 dubitabit.
1659 3087 1731 3130 De
1754 3088 1913 3132 ceteris
1925 3087 2106 3133 MSStis

1214 3145 1353 3187 altum
1376 3153 1441 3188 est
1460 3143 1704 3188 silentium.

1273 3229 1659 3285 relationemque.
1727 3226 1814 3272 Ed.
1838 3226 1957 3289 Spir.
1980 3231 2107 3275 rela-

1218 3286 1368 3330 tione:
1400 3293 1445 3328 et
1479 3301 1611 3345 quae.
1680 3284 1846 3334 Eadem
1870 3301 1973 3329 mox
1996 3302 2105 3330 eae-

1220 3350 1346 3386 teras
1369 3359 1452 3402 pro
1480 3351 1648 3387 cetera.
1935 3348 1939 3352 ’

1271 3429 1466 3483 perinde
1499 3427 1686 3482 egregia
1712 3440 1856 3483 quam
1884 3427 1944 3470 si.
2003 3425 2108 3472 MS.

1218 3485 1328 3543 Reg.
1369 3494 1410 3528 et
1440 3485 1512 3528 ed.
1545 3485 1661 3542 Spir.
1693 3485 1890 3539 perinde
1922 3488 2112 3540 egregia

1220 3545 1376 3599 quasi,
1402 3543 1468 3587 uti
1491 3542 1696 3588 voluerat
1716 3540 1966 3588 Acidalius.
2019 3542 2110 3588 sed
