2164 3990
205 243 328 303 286

871 237 1375 301 ANNALIUM

1743 241 1797 275 A.
1825 239 1874 276 U.
1888 240 1971 275 815.

1748 281 1800 317 A.
1821 282 1868 318 C.
1911 284 1972 318 62.

203 371 465 447 potentia
517 378 666 428 eratt
729 351 1255 446 mirabanturque‚'
1297 371 1459 447 quod
1503 373 1623 430 dux
1675 385 1730 432 et
1774 372 2059 433 exercitus

205 457 356 515 tanti
390 456 535 512 belli
570 457 868 512 confector
901 454 1155 511 servitiis
1179 450 1507 518 obedirent.

1603 455 1831 518 Cuncta
1860 473 2060 519 tamen

204 543 280 599 ad
317 542 731 617 imperatorem
777 540 842 595 in
886 539 1128 596 mollius
1166 540 1373 597 relata:
1445 543 1832 622 detentusque
1883 547 2060 604 rebus

205 627 482 701 gerundis
519 625 864 693 Suetonius,
931 626 1095 701 quod
1138 637 1271 700 post
1315 645 1529 700 paucas
1573 649 1750 686 naves
1786 631 1852 686 in
1886 624 2061 688 litore

203 713 632 788 remigiumque
678 710 742 765 in
790 710 863 765 iis
909 710 1208 779 amiserat,
1271 722 1552 787 tanquam
1604 714 1853 773 durante
1900 714 2060 773 bello

205 800 435 855 tradere
473 795 790 852 exercitum
815 791 1094 852 Petronio
1124 793 1509 870 Turpiliano,
1550 799 1655 875 qui
1690 801 1810 856 iam
1845 821 2061 858 consu-

206 885 328 941 latu
353 879 601 950 abierat,
647 880 905 940 iubetur.
981 880 1031 936 is
1056 900 1180 937 non
1204 880 1444 938 inritato
1472 877 1640 940 hoste
1662 905 1853 963 neque
1879 887 2062 944 laces-

203 970 347 1026 situs
371 965 686 1024 honestum
712 966 873 1041 pacis
894 986 1114 1022 nomen
1140 966 1304 1040 segni
1329 967 1450 1024 otio
1475 967 1774 1043 imposuit.

373 1087 501 1150 XL.
546 1085 779 1146 Eodem
807 1109 963 1145 anno
988 1085 1219 1147 Romae
1245 1089 1501 1164 insignia
1529 1091 1770 1163 scelera,
1812 1089 2061 1152 alterum

206 1174 516 1244 senatoriS‚
559 1174 760 1231 servili
796 1174 1045 1232 alterum
1080 1175 1354 1245 audacia,
1396 1176 1647 1234 admissa
1685 1187 1839 1240 sunt.
1936 1176 2064 1236 Do-

202 1419 340 1463 MSS.
359 1417 485 1461 Flor.
513 1418 628 1471 (test.
643 1415 779 1474 Vici.)
805 1417 921 1462 Bud.
945 1419 1099 1463 Guels.

203 1478 325 1521 Harl.
350 1475 481 1520 Bodl.
513 1474 593 1517 les.
624 1475 724 1518 edd.
752 1475 870 1534 Spir.
901 1476 1004 1520 Put.
1026 1478 1096 1520 M.

205 1546 248 1579 et
275 1535 332 1578 V.
390 1533 516 1586 „Sed
541 1531 768 1590 vulgatum
803 1542 1002 1585 rectum,
1031 1534 1096 1577 in-

201 1591 387 1638 tellectu
411 1589 634 1639 Caesaris„
673 1589 728 1633 de
752 1590 881 1634 cuius
906 1591 1013 1634 solis
1049 1593 1097 1635 li-

202 1651 340 1704 bertis
362 1647 560 1692 sermo.’'
591 1647 767 1691 Ernest.
820 1648 958 1704 Quod
975 1665 1098 1693 com·

202 1717 408 1752 mentum
432 1722 525 1748 non
549 1706 651 1748 satis
674 1722 830 1749 verum
857 1723 948 1749 esse
973 1706 1098 1750 vide-

202 1772 291 1809 tur.
352 1764 467 1807 Nam
504 1762 726 1806 sententia
755 1763 800 1805 in
830 1763 1095 1807 universum

205 1832 396 1882 spectat,
438 1829 485 1864 ut
506 1820 746 1863 Britannos
774 1822 821 1863 in
850 1821 932 1864 hac
962 1838 1010 1864 re
1042 1822 1097 1864 si-

207 1881 334 1924 miles
360 1879 552 1935 accipias
577 1878 835 1922 Germanis.
897 1878 959 1922 cf.
987 1878 1097 1922 Ger-

203 1954 326 1982 man.
362 1954 402 1980 c.
431 1937 504 1978 25.
576 1935 730 1993 ltaque
757 1937 947 1992 *sortasse
983 1938 1097 1979 bene

205 2014 251 2041 se
273 1996 407 2039 habet
429 1993 646 2051 scriptura
668 1994 1011 2037 libertinorum.

260 2095 649 2148 mirabanturque
663 2096 811 2149 quod.
835 2092 1100 2138 MS.Guelf.

206 2151 375 2197 omittit
408 2154 547 2207 quod.
623 2149 747 2193 Idem
780 2165 876 2192 non
909 2153 1099 2194 mollius

200 2227 287 2274 'pro
313 2211 364 2252 in
387 2209 589 2252 mollius,

261 2316 571 2365 detentusque
592 2311 727 2351 rebus
744 2308 971 2362 gerundis
986 2308 1098 2351 Sue-

204 2371 382 2416 tonius,
413 2371 535 2423 quod
553 2376 659 2422 post
679 2380 854 2418 paucas
878 2375 964 2409 etc.
1022 2364 1099 2409 sic

204 2427 340 2475 MSS.
367 2425 491 2469 Flor.
515 2429 636 2482 (test.
665 2421 808 2482 Ryck.
831 2439 920 2466 sec.
945 2422 1098 2466 collat.

205 2489 291 2530 lac.
329 2483 568 2539 Gronov.)
622 2481 733 2538 Reg.
787 2480 924 2524 Corb.
973 2480 1098 2524 Harl.

202 2541 336 2589 Bodl.
375 2542 460 2590 les.
493 2539 647 2583 Guelf.
683 2538 784 2581 edd.
818 2538 937 2596 Spir.
971 2538 1093 2595 Lips.

205 2603 386 2646 Gruter.
411 2598 594 2642 Piehen.
617 2594 759 2655 Ryek.
784 2613 881 2655 sqq.
939 2595 1095 2638 Prima

203 2661 324 2716 Lips.
368 2656 441 2699 ed.
483 2655 651 2698 omittit
695 2669 888 2709 paucos.
973 2653 1095 2696 Ante

204 2719 329 2776 quod
360 2714 538 2756 additur
571 2713 652 2769 qui
681 2713 727 2754 in
759 2711 858 2754 edd.
897 2710 999 2754 Put.
1025 2709 1094 2752 M.

202 2787 245 2820 et
271 2773 326 2815 V.
351 2769 562 2814 Beroald.
600 2775 722 2825 (cum
752 2768 930 2812 silentio
959 2767 1098 2823 Viet.)

202 2832 363 2876 Alciat.
393 2857 455 2866 --
512 2826 614 2871 MS.
643 2827 758 2869 Bud.
789 2836 830 2869 et
863 2826 967 2868 inde
993 2823 1094 2868 edd.

201 2882 344 2935 Rhen.
369 2885 472 2929 Ald.
489 2884 659 2944 Gryph.
683 2888 804 2940 quod
820 2896 1095 2938 perpaucas.

201 2948 306 2991 MS.
332 2945 445 3001 Agr.
468 2952 575 2999 post
608 2945 730 2998 quod
747 2955 943 2997 paucas.
1012 2940 1094 2982 Pa-

199 3021 305 3051 rum
339 3002 547 3053 interest5
605 3000 680 3042 sed
723 2999 913 3057 optimos
949 2997 1093 3054 sequi-

201 3079 305 3108 mur
350 3060 503 3102 libros.
590 3057 825 3099 Detentus
875 3055 1096 3112 significat

204 3119 517 3165 continuatum
571 3114 789 3158 Suetonio
852 3112 1095 3170 imperium

203 3179 372 3221 adiecta
403 3173 588 3216 notione
616 3171 729 3214 falsi.
789 3171 961 3228 Nempe
993 3170 1094 3212 reti·

202 3235 395 3279 uebatur
422 3231 604 3287 quidem
627 3231 672 3272 in
694 3228 911 3287 imperio,
943 3227 1001 3270 ita
1033 3236 1093 3270 ta-

203 3307 331 3338 men,
374 3296 422 3330 ut
449 3288 595 3331 oblata
630 3286 711 3329 alia
748 3286 984 3329 occasione
1024 3299 1091 3327 re-

204 3355 483 3393 moveretur.
548 3344 686 3403 Quod
710 3342 875 3386 indicat
899 3358 1093 3393 causam,

205 3422 288 3452 cur
320 3401 560 3447 Suetonius
592 3402 648 3443 'sit
689 3408 838 3458 postea
879 3408 1092 3450 remotus,

204 3477 344 3523 quum
402 3458 493 3501 rius
514 3458 733 3516 Polycleti
762 3458 816 3500 ad
852 3457 1090 3515 imperato·

203 3535 301 3565 rem
325 3533 372 3562 re
393 3515 542 3560 atione
562 3517 677 3558 facta
697 3515 927 3560 mansisset
940 3515 986 3557 in
1008 3513 1090 3555 im·

204 3576 347 3638 perio.
410 3573 539 3631 Quae
559 3580 721 3617 cuneta
737 3573 797 3616 ita
819 3580 923 3616 sunt
946 3572 1089 3633 plana,

1169 1430 1218 1463 ut
1249 1421 1412 1465 frustra
1451 1421 1504 1464 de
1537 1423 1816 1466 emendando
1856 1422 1959 1468 loeo
2000 1425 2061 1467 vi-

1169 1480 1357 1522 deantur
1396 1479 1582 1537 quidam
1614 1481 1848 1538 cogitasse.
1930 1482 2060 1526 Faet-

1169 1553 1253 1579 nus
1286 1537 1456 1580 volebat
1484 1541 1787 1593 demolusque
1813 1541 1952 1582 rebus
1974 1555 2058 1593 ge-

1169 1596 1347 1642 rundis,
1382 1595 1503 1651 quod
1528 1595 1658 1638 etiam
1676 1595 1880 1639 Ernestio
1902 1596 2059 1653 placet.

1171 1651 1258 1695 Sed
1291 1654 1427 1695 verba
1469 1652 1778 1710 praecedentia
1813 1654 1963 1711 potius
1995 1654 2061 1697 in-

1170 1718 1317 1753 nuunt
1353 1709 1621 1753 Suetonium
1661 1727 1754 1753 non
1789 1710 1937 1754 statim
1983 1711 2061 1755 de-

1170 1776 1362 1810 motum.
1429 1766 1495 1810 Io.
1517 1767 1591 1810 Fr.
1616 1765 1878 1811 Gronovius
1907 1784 2060 1812 emen-

1171 1826 1269 1868 dat:
1293 1832 1545 1880 postquam
1565 1840 1767 1880 paucas,
1799 1842 1891 1868 non
1916 1827 2066 1875 video.

1170 1882 1243 1924 cui
1274 1883 1414 1925 bono.
1475 1882 1587 1928 Edd.
1616 1882 1952 1926 Gronoviorum
1985 1887 2067 1940 qui

1163 1947 1273 1994 post
1300 1955 1476 1992 paucas
1509 1947 1593 1982 etc.
1677 1939 1909 1988 Heinsius:
1952 1942 2061 1984 dein

1167 1998 1377 2038 intentus
1413 2011 1577 2052 aeque,
1630 2005 1673 2042 et
1708 2014 1810 2040 mox
1843 1999 1925 2040 ubi
1958 2007 2060 2057 post

1166 2069 1359 2109 paucas.

1227 2127 1274 2167 in
1298 2127 1368 2168 iis.
1427 2123 1564 2167 MSS.
1588 2123 1704 2167 Bud.
1732 2124 1880 2168 Guelf.
1916 2134 1958 2168 et
1989 2126 2059 2170 ed.

1171 2182 1287 2240 Spir.
1315 2183 1364 2224 in
1387 2184 1479 2233 his,
1509 2181 1681 2239 vulgari
1709 2183 2055 2241 permutatione.

1168 2241 1278 2283 Mox
1320 2240 1475 2282 eadem
1523 2238 1598 2282 ed.
1634 2238 1751 2298 Spir.
1797 2242 2061 2283 amiserant

1169 2314 1253 2356 pro
1278 2299 1519 2340 amiserat.

1228 2376 1455 2423 tanquam
1484 2371 1690 2411 durante
1717 2370 1850 2412 bello.
1913 2367 1964 2412 Id
1989 2385 2060 2412 ve·

1169 2441 1222 2468 ro
1247 2426 1334 2468 iam
1366 2424 1653 2483 profligatum
1675 2436 1784 2470 erat.
1842 2425 1981 2485 Igitur
2011 2426 2060 2469 in

1165 2485 1384 2527 honorem
1402 2482 1605 2524 Petronii
1631 2491 1673 2526 et
1696 2485 1740 2526 in
1754 2483 1957 2526 Suetonii
1984 2482 2059 2526 de-

1165 2541 1557 2584 honestamentum
1577 2536 1870 2584 simulabatur
1892 2541 1944 2583 ad
1968 2540 2060 2583 bel·

1168 2598 1264 2642 lum
1315 2597 1644 2654 profligandum
1703 2598 1836 2641 alium
1895 2597 2057 2641 ducem

1168 2672 1259 2699 esse
1284 2655 1569 2698 mittendum.
1629 2655 1798 2698 Mureti
1827 2654 2057 2699 coniectu-

1165 2730 1214 2756 ra
1247 2727 1517 2768 quanquam
1543 2727 1624 2768 pro
1659 2719 1886 2769 tunquam
1910 2712 2057 2768 legen·

1164 2770 1220 2813 tis
1251 2770 1487 2828 genuinam
1514 2770 1779 2813 sententiam
1809 2770 1940 2829 plane
1965 2778 2057 2812 tur·
2100 2768 2104 2773 ’

1165 2829 1253 2871 bat.
1343 2826 1392 2867 lu
1431 2826 1502 2868 ed.
1535 2825 1654 2883 Spir.
1699 2828 1819 2870 deest
1865 2826 2057 2871 verbum

1165 2889 1387 2926 durante.
1452 2883 1618 2926 Eadem
1655 2900 1760 2928 cum
1781 2883 1879 2929 MS.
1900 2883 2053 2926 Guelf.

1165 2958 1246 3002 pro
1270 2943 1448 2994 iubetur
1470 2939 1601 2985 habet
1621 2943 1867 2986 iuberetur.

1224 3012 1434 3054 inritato.
1525 3010 1601 3056 Sic
1641 3011 1743 3056 MS.
1785 3012 1910 3058 Flor.
1952 3021 2052 3057 test.

1165 3070 1282 3112 Vict.
1317 3092 1371 3100 -—
1441 3069 1629 3112 irritato
1673 3070 1774 3113 edd.
1806 3078 1915 3116 vett.
1950 3085 2054 3114 cum

1165 3126 1268 3170 cod.
1295 3125 1450 3170 Guelf.

1214 3197 1358 3250 pacis.
1422 3197 1519 3240 MS.
1549 3196 1700 3241 Guelf.
1727 3198 1905 3250 paucis.

1222 3280 1336 3325 CAP.
1377 3279 1447 3324 40.
1535 3284 1742 3324 alterum
1795 3281 2051 3324 senatoris.

1164 3340 1241 3384 Sic
1294 3337 1394 3381 libri
1443 3347 1552 3383 vett.
1606 3346 1822 3395 quantum
1875 3336 2101 3386 constatf

1163 3412 1344 3447 οηιῐιεε,
1406 3412 1591 3454 eamque
1627 3394 1894 3453 scripturam
1927 3396 2050 3440 resti·

1162 3454 1246 3497 tuit
1287 3453 1538 3505 Ernestius‚
1598 3468 1739 3511 quum
1790 3461 1893 3496 ante
1945 3469 2048 3495 eum

1162 3511 1283 3567 (inde
1316 3526 1339 3553 a
1370 3510 1488 3568 Lips.
1515 3511 1582 3554 ed.
1610 3509 1754 3567 1598.)
1788 3510 2050 3567 vulgaretur

1161 3572 1363 3612 alterum
1386 3569 1637 3612 senatoria.
