2164 3990
221 249 262 285 A
283 248 338 285 U.
350 248 433 284 810.
445 247 530 285 811.

221 292 340 330 me.
356 304 358 306 ·
373 293 432 329 57.
471 293 530 331 580

614 251 786 312 LIB.
817 252 986 315 XIII.
1059 253 1252 317 CAP.
1282 255 1382 317 30.
1414 257 1514 318 31.
1865 202 2011 320 187⁵

138 395 399 448 senectae
432 383 610 440 misso
645 402 752 457 per
783 400 963 439 venas
1000 385 1284 458 sanguine
1323 385 1555 460 effugit,
1597 381 1758 444 haud
1793 391 1986 446 credi-

138 479 232 525 tus
252 469 515 525 sufficere
541 469 617 524 ad
641 468 1032 525 constantiam
1057 472 1384 531 ‚sumendae
1423 471 1630 528 mortis
1665 473 1742 528 ob
1779 473 1986 532 libidi—

135 572 240 609 nes
272 553 651 610 muliebriter
693 551 948 612 infamis,
1044 551 1127 610 At
1159 553 1536 614 L..Volusius
1573 557 1792 630 egregia
1828 561 1986 618 fama

136 638 446 708 concessit,
512 639 608 695 cui
642 648 760 694 tres
799 649 855 693 et
898 639 1221 712 nonaginta
1269 641 1413 696 anni
1452 642 1709 716 spatium
1746 642 1985 701 vivendi

134 723 597 800 praecipuaeque
624 742 763 797 opes
786 723 962 779 bonis
993 725 1252 795 artibUS,
1294 726 1584 787 inoffensa
1616 737 1705 790 tot
1733 727 1985 803 impera-2

135 817 345 864 torum:
359 809 585 866 malitia
605 808 736 867 fuit.
1410 824 1413 829 '

305 901 529 963 XXXI.
602 902 839 960 Nerone
876 906 1233 974 secundum,
1290 903 1359 966 L.
1394 905 1610 964 Pisone
1647 909 1982 967 consulibus

134 1008 318 1064 pauca
350 989 636 1044 memoria
662 990 839 1062 digna
866 1010 1135 1059 evenere,
1179 991 1297 1046 nisi
1332 992 1427 1048 cui
1463 993 1643 1050 libeat
1675 994 1986 1052 laudandis

134 1074 535 1130 fundamentis
563 1085 618 1130 et
642 1075 937 1144 trabibus,
982 1075 1114 1150 quis
1141 1076 1359 1132 molem
1383 1074 1794 1152 amphitheatri
1825 1081 1984 1155 apud

137 1178 409 1233 campum
440 1158 653 1215 Martis
687 1158 899 1216 Caesar
932 1172 1319 1229 exstruxerat,
1373 1164 1680 1220 volumina
1703 1164 1979 1239 implere,

138 1263 272 1300 cum
321 1264 387 1300 ex
436 1244 719 1316 dignitate
764 1245 973 1319 populi
1007 1243 1272 1301 Romani
1317 1260 1615 1321 repertum
1650 1249 1725 1306 sit
1755 1269 1847 1306 res
1885 1251 1984 1306 in·-

135 1327 346 1384 lustres
371 1329 685 1384 annalibus
700 1374 715 1398 ,
751 1329 891 1385 talia
914 1330 1145 1386 diurnis
1165 1330 1330 1386 urbis
1352 1332 1495 1388 actis
1518 1335 1812 1396 mandare.
1870 1332 1984 1393 Ce-

135 1423 328 1469 terum
379 1413 643 1470 coloniae
694 1411 895 1489 Capua
942 1426 1115 1492 atque
1151 1413 1404 1472 Nuceria
1447 1418 1661 1474 additis
1697 1421 1983 1477 veteranis

134 1498 393 1556 firmatae
419 1511 584 1568 sunt,
614 1499 924 1576 plebeique
952 1500 1316 1575 congiarium
1341 1503 1733 1579 quadringeni
1753 1505 1982 1562 nummi

139 1739 364 1783 Caninius
408 1741 614 1784 Rebilus.
702 1741 817 1785 Nam
858 1741 1023 1785 Rebilo
1092 1742 1239 1786 Rhen.
1269 1760 1369 1802 sqq.
1459 1744 1688 1788 Victorius
1728 1752 1872 1790 tamen
1914 1745 1982 1790 in-

137 1798 362 1842 consulari
393 1800 473 1841 sub
502 1798 691 1842 Claudio
719 1817 742 1843 a
762 1801 931 1843 Seneca
967 1800 1022 1842 de

136 1856 282 1900 benef.
302 1857 344 1908 2,
368 1857 436 1898 21.
466 1857 727 1900 tribuuntur
750 1873 936 1913 magnae
961 1857 1022 1899 di·

135 1914 268 1960 vitiae
303 1915 507 1970 vitaeque
549 1913 755 1962 infamia,
804 1930 915 1971 quae
949 1913 1023 1956 hie

133 1971 325 2015 Amim‘o
356 1971 520 2022 Rebio,
561 1979 603 2013 et
635 1973 822 2015 Rebilus
855 1986 1022 2029 cogno·

134 2038 338 2072 mentum
377 2036 440 2070 est
471 2029 613 2086 gentis
654 2029 889 2072 Cam'niae.
963 2026 1022 2071 cf.

132 2086 276 2146 Ryck.
307 2086 364 2128 ad
391 2085 434 2127 h.
457 2085 488 2129 l.
547 2084 865 2129 Lallemandus
886 2085 1023 2145 Lipsii

134 2143 441 2189 coniecturam
470 2144 658 2200 recepit.

191 2202 350 2244 misso.
410 2200 615 2242 Heinsius
651 2200 825 2244 volebat
854 2201 1021 2244 emisso

135 2259 194 2302 ob
218 2260 370 2302 locum
381 2256 550 2301 Lucan.
572 2258 612 2306 7,
637 2258 736 2300 625.
763 2260 866 2314 quis
885 2273 1024 2300 cruor

131 2318 330 2359 emissus
377 2318 645 2371 perruperit
703 2331 820 2358 aera
879 2318 1022 2359 venis.

44 2419 48 2422 .
132 2373 226 2417 Sed
255 2373 445 2418 verbum
478 2373 662 2431 simplex
693 2373 847 2416 eadem
872 2371 919 2419 vi
943 2390 1021 2431 po-

131 2432 271 2475 nitur.

189 2488 396 2544 infamis.
458 2487 541 2530 Ed.
565 2487 681 2544 Spir.
709 2487 925 2542 infames.

187 2546 245 2589 L.
270 2545 509 2588 Volusius.
567 2543 652 2587 Ed.
685 2544 806 2602 Spir.
839 2545 894 2588 L.
921 2545 1019 2586 Vo-

130 2605 326 2646 lusinus.
386 2603 475 2646 Sed
500 2600 683 2646 cf.Plin.
704 2602 745 2653 7,
766 2601 838 2644 49.
879 2602 1021 2646 Tacit.

130 2662 219 2705 An.
246 2661 311 2708 14,
337 2660 407 2702 56.
589 2681 596 2692 ι

189 2719 419 2773 inoffensa
448 2724 516 2759 tot
541 2718 877 2773 imperatorum
912 2733 1020 2759 ma-

131 2778 232 2819 litia
253 2776 366 2832 suit.
425 2776 481 2818 H.
507 2792 544 2817 e.
571 2776 630 2818 ita
661 2775 774 2833 egit,
806 2784 853 2818 ut
880 2775 1021 2832 impe-

131 2842 302 2876 ratores
335 2849 428 2876 non
462 2833 729 2882 offenderet,
761 2832 880 2889 quod
907 2832 1020 2875 disfi-

131 2890 216 2934 cile
246 2898 339 2934 erat
369 2891 414 2934 in
445 2898 567 2933 tanta
597 2898 663 2932 tot
695 2890 1021 2946 imperatorum

131 2947 312 2995 malitia.
394 2945 564 3004 Lipsius
598 2946 834 2992 infeliciter
873 2947 1021 2990 conie-

133 3003 217 3048 cit:
238 3006 445 3047 amicitia
466 3021 547 3062 pro
570 3005 772 3047 malitia.
823 3005 938 3048 Nam
956 3004 1020 3046 vix

133 3062 348 3105 credibile
382 3066 447 3109 est
479 3061 608 3103 illum
643 3061 788 3106 virum
815 3063 1019 3105 omnium

131 3117 455 3176 imperatorum
497 3134 628 3160 usum
673 3135 766 3165 esse
808 3119 1018 3166 amicitia,

131 3192 219 3219 nec
246 3177 488 3234 quidquam
523 3175 570 3218 in
600 3174 667 3219 his
701 3174 823 3220 libris
855 3177 909 3219 de
944 3176 1020 3218 illa

132 3234 326 3276 amicitia
367 3232 578 3276 innotuit.
660 3233 762 3276 MS.
793 3235 901 3291 Agr.
935 3250 1018 3291 pro

132 3293 314 3337 malitia
341 3290 473 3337 habet
494 3290 679 3333 militia.

191 3347 303 3392 CAP.
329 3348 400 3391 31.
456 3350 730 3391 secundum.
789 3345 1021 3389 Edd.Put.

134 3405 202 3447 M.
225 3414 268 3447 et
295 3405 350 3451 V.
377 3421 478 3450 cum
502 3403 603 3447 MS.
629 3401 782 3446 Guelf.
807 3407 1020 3447 secundo.

191 3469 512 3505 exstruxerat.
600 3460 677 3504 Sic
720 3461 855 3504 MSS.
892 3461 1017 3504 Flor.

135 3518 242 3572 (sec.
278 3518 426 3562 collat.
452 3519 487 3560 l.
514 3516 739 3572 Gronov.)
773 3516 882 3575 Reg.
910 3520 1020 3576 Agr.

135 3574 256 3620 Harl.
281 3576 413 3623 Bodl.
440 3574 592 3622 Guelf.
623 3574 738 3621 Bud.
773 3575 875 3619 edd.
903 3576 1020 3635 Spir.

1092 1809 1260 1844 tactum
1297 1801 1476 1859 reliquit
1514 1810 1809 1853 extruserat,
1857 1805 2006 1861 quod.

1094 1867 1160 1899 est
1191 1860 1238 1900 in
1263 1859 1364 1903 MS.
1392 1860 1472 1902 les.
1510 1859 1609 1902 edd.
1635 1859 1738 1902 Put.
1761 1859 1822 1903 M.
1851 1869 1894 1902 et
1922 1861 1980 1905 V.

1092 1915 1300 1958 Beroald.
1336 1916 1437 1960 Riv.
1471 1916 1660 1964 Alciat.,
1702 1916 1873 1974 vulgari
1905 1918 1980 1962 illa

1094 1971 1390 2028 permixtione
1413 1973 1664 2016 litterarum
1690 1987 1716 2016 S
1740 1981 1776 2017 el
1793 1988 1849 2016 x.
1903 1976 1981 2028 An

1093 2032 1140 2072 in
1167 2030 1271 2072 MS.
1300 2030 1426 2073 Flor.
1467 2031 1521 2073 sit
1553 2040 1878 2083 exstruxerat,
1919 2034 1979 2078 ob

1094 2086 1286 2130 Victorii
1306 2087 1533 2130 silentium
1557 2087 1731 2131 dubito.
1783 2087 1981 2148 Ryckius

1094 2145 1226 2187 etiam
1259 2147 1449 2188 verbum
1484 2152 1813 2195 exstruxerat,
1856 2147 1980 2205 quod

1094 2201 1202 2244 dicit
1226 2201 1272 2244 in
1294 2203 1395 2245 MS.
1421 2202 1547 2245 Flor.
1577 2219 1691 2254 esse,
1721 2219 1811 2246 non
1841 2220 1981 2263 oppo-

1092 2258 1159 2301 nit
1194 2260 1329 2302 verbo
1375 2267 1668 2312 extruserat,
1720 2261 1795 2304 sed
1833 2264 1982 2319 potius

1093 2316 1340 2374 scripturae
1387 2321 1726 2370 adstruxerat,
1775 2333 1886 2374 quae
1932 2318 1982 2363 in

1093 2374 1193 2417 edd.
1215 2374 1340 2418 Pich.
1370 2383 1413 2417 et
1429 2373 1761 2417 Gronoviorum
1784 2376 1980 2434 inrepse-

1092 2438 1176 2473 rat.
1225 2429 1470 2489 Utcunque
1493 2430 1562 2482 sit,
1584 2438 1852 2474 extruserat
1882 2448 1982 2477 non

1093 2493 1158 2528 est
1182 2487 1355 2531 diversa
1378 2489 1613 2546 scriptura.
1674 2487 1808 2544 Quod
1830 2497 1985 2535 autem

1090 2542 1322 2588 Ernestius
1362 2546 1454 2588 vult
1490 2546 1807 2598 exstruxerit,
1851 2547 1979 2602 nullo

1092 2601 1231 2644 modo
1256 2601 1500 2644 ferendum
1527 2610 1603 2647 est.
1665 2602 1777 2646 Nam
1796 2603 1980 2650 Tacitus

1093 2673 1189 2700 non
1213 2659 1415 2717 loquitur
1429 2659 1482 2701 de
1497 2659 1830 2717 amphitheatro,
1855 2662 1981 2720 quod

1092 2715 1215 2759 Nero
1239 2717 1500 2759 exstruxisse
1526 2716 1720 2770 dicatur,
1748 2719 1828 2761 sed
1856 2719 1978 2776 quod

1091 2772 1257 2817 sciebat
1301 2772 1431 2815 illum
1477 2775 1747 2818 exstruxisse.
1831 2775 1984 2820 Aliter

1092 2846 1138 2873 se
1172 2830 1304 2874 babet
1329 2831 1627 2886 prodiderint
1658 2848 1779 2890 supr.
1816 2849 1858 2876 c.
1888 2834 1981 2884 20„

1091 2888 1146 2931 ad
1183 2904 1319 2946 quem
1356 2887 1512 2931 locum
1545 2887 1774 2934 Ernestius
1811 2906 1979 2950 provo-

1092 2953 1180 2987 cat.

1146 3003 1312 3057 populi
1340 3003 1568 3047 Romani.
1645 3002 1726 3046 Ed.
1759 3002 1878 3063 Spir.
1912 3021 1981 3051 rea

1090 3076 1152 3114 0p.
1214 3059 1382 3102 Eadem
1408 3075 1511 3102 cum
1529 3059 1663 3103 MSS.
1678 3061 1784 3119 Reg.
1810 3070 1852 3105 et
1866 3062 1979 3122 Agr.

1091 3125 1193 3175 post
1217 3131 1297 3159 res
1316 3118 1531 3160 inlustres
1550 3117 1672 3160 addit
1690 3118 1979 3171 scribendas,

1150 3175 1334 3216 diurnis
1368 3176 1492 3216 urbis
1523 3175 1652 3218 actis.
1709 3174 1770 3218 cf.
1801 3185 1894 3230 not.
1918 3179 1975 3222 ad

1091 3232 1132 3284 3,
1164 3231 1207 3274 3.
1279 3232 1368 3273 Pro
1400 3232 1622 3282 Nuceria,
1670 3233 1790 3290 quod
1829 3242 1893 3277 est
1927 3235 1976 3282 in

1092 3290 1193 3333 MS.
1219 3288 1370 3331 Guelf.
1394 3289 1499 3343 (sec.
1522 3289 1606 3341 m.)
1630 3289 1726 3333 edd.
1749 3289 1868 3349 Spir.
1893 3291 1978 3334 Be-

1092 3347 1234 3391 roald.
1267 3350 1327 3400 (c.
1366 3346 1511 3388 silent.
1534 3345 1666 3402 Vici.)
1694 3345 1799 3394 Alc.
1831 3347 1978 3398 Rhea.

1093 3419 1189 3462 sqq.
1224 3404 1413 3445 miseria
1436 3402 1640 3446 exhibent
1661 3403 1760 3448 edd.
1786 3405 1891 3448 Put.

1149 3461 1470 3516 quadringeni.
1545 3460 1675 3505 MSS.
1703 3462 1828 3506 Flor.
1862 3462 1927 3506 Re
1961 3494 1975 3510 ,

1092 3516 1193 3561 edd.
1224 3518 1255 3559 S
1291 3516 1343 3560 ir.
1379 3515 1480 3560 Put.
1514 3517 1578 3561 M.
1609 3527 1651 3562 et
1669 3518 1727 3565 V.
1763 3477 1975 3570 Beroald..

1095 3580 1157 3631 (c.
1179 3533 1410 3628 sithict.)
1434 3573 1538 3621 Ale.
1558 3574 1704 3624 Rhen.
1724 3577 1827 3621 Ald.
1853 3592 1975 3637 qua*
