2164 3990
210 252 326 291 AJJ.
341 253 428 288 809.

211 297 264 333 A.
279 296 327 333 C.
371 297 430 334 56·

597 255 766 316 LIB.
795 253 960 316 XIII.
1038 254 1232 317 CAP.
1267 256 1364 317 17.
1398 258 1495 317 18.
1854 206 1973 320 169

71 404 79 406 *
129 392 236 448 tris
257 388 474 447 auxilio
499 387 756 463 reliquas
782 405 912 460 spes
937 386 1002 440 in
1026 406 1089 441 re
1109 383 1539 460 publicasitaS,
1582 396 1639 443 et
1658 397 1822 446 tanto
1846 411 1976 447 ma-

128 477 213 548 gis
243 474 566 531 fovendum
598 471 867 547 patribus
901 471 1242 547 populoque
1273 469 1642 545 principem,
1681 473 1796 548 qui,
1822 496 1975 532 unus

127 550 451 634 superesset
478 578 508 613 e
535 556 759 614 familia
788 575 1081 612 summum
1111 558 1185 611 ad
1214 555 1510 628 fastigium
1537 556 1749 628 genita.

294 641 521 702 XVIII.
564 640 721 697 Exin
754 642 1064 714 largitione
1090 640 1423 714 potissimos
1447 641 1771 697 amicorum
1797 644 1974 704 auxit.

125 749 233 785 nec
262 729 497 785 defuere
523 727 628 803 qui
656 737 967 798 arguerent
990 726 1150 781 viros
1176 725 1518 798 gravitatem
1553 726 1976 798 adseveranteS,

127 815 289 889 quod
325 814 562 880 domoS,
611 811 782 867 villas
817 812 879 866 id
918 810 1194 884 temporis
1230 810 1398 885 quasi
1430 811 1707 884 praedam
1741 812 1978 869 divisis-

127 910 271 957 sent.
358 898 461 954 alii
496 897 895 952 necessitatem
931 892 1257 951 adhibitam
1291 896 1605 953 credebant
1639 916 1687 964 a⁴
1708 897 1977 975 principe

127 982 357 1039 sceleris
382 983 498 1038 sibi
525 982 756 1038 conscio
792 993 848 1037 et
873 971 1108 1036 veniam
1141 991 1440 1054 sperante,
1483 980 1534 1036 si
1565 980 1756 1055 largit'
1798 983 1977 1040 nibus

125 1068 558 1124 validissimum
613 1085 905 1142 quemque
958 1064 1380 1123 obstrinxisset.
1494 1059 1578 1122 At
1629 1077 1751 1122 mat
1808 1075 1834 1123 s
1889 1068 1978 1124 ira

127 1154 292 1210 nulla
330 1151 731 1209 munificentia
769 1150 972 1219 leniri,
1019 1150 1120 1205 sed
1159 1149 1432 1223 amplecti
1469 1147 1808 1222 Octaviam,
1853 1173 1979 1209 cre-

67 1268 70 1275 1
127 1239 234 1294 bra
262 1259 395 1294 cum
433 1236 635 1292 amicis
670 1247 887 1291 secreta
922 1231 1170 1303 habere,
1214 1253 1390 1309 super
1427 1235 1749 1308 ingenitam
1786 1239 1979 1295 avari-

126 1324 271 1379 tiam
314 1322 580 1397 undique
628 1320 904 1394 pecunias
956 1318 1123 1395 quasi
1172 1319 1237 1374 in
1288 1320 1616 1376 subsidium
1668 1323 1980 1399 corripere,

125 1408 402 1465 tribunos
431 1418 487 1462 et
513 1406 885 1462 centuriones
909 1405 1152 1460 comiter
1173 1405 1463 1479 excipere,
1504 1406 1748 1463 nomina
1773 1419 1831 1464 et
1852 1409 1977 1465 vir-

127 1503 278 1548 tutes
320 1491 647 1559 nobilium,
700 1490 803 1566 qui
840 1489 1012 1546 etiam
1047 1501 1172 1545 tum
1222 1503 1592 1564 supererant,
1647 1491 1711 1546 in
1751 1488 1980 1551 honore

127 1573 372 1646 habere,
417 1576 585 1653 quasi
615 1586 917 1651 quaereret
953 1575 1158 1630 ducem
1189 1586 1244 1631 et
1267 1587 1479 1649 partes,
1565 1574 1885 1650 Cognitum
1917 1579 1980 1637 id

125 1661 380 1730 Neroni,
435 1661 819 1736 excubiasque
859 1659 1171 1729 militareS,
1227 1681 1374 1736 quae
1409 1671 1478 1717 ut
1518 1661 1756 1735 coniugi
1795 1664 1982 1740 impe-

129 1860 189 1896 εἰ.
252 1851 403 1897 Guelf.
427 1851 580 1897 scribit
602 1854 854 1909 ammisse,
886 1863 928 1897 et
938 1853 1016 1911 fo·
1148 1859 1411 1909 quaereret.

1498 1852 1601 1898 MS.
1646 1854 1796 1901 Guelf.
1838 1872 1983 1914 quae-
2020 1915 2023 1917 -

126 1913 286 1954 vendis
306 1928 388 1969 pro
399 1912 678 1968 fovendum.

187 1968 299 2011 CAP.
347 1969 414 2012 18.
472 1969 674 2025 defuere.
753 1968 830 2011 Sic
878 1966 1015 2011 MSS.

125 2025 250 2068 Flor.
284 2033 399 2078 (test.
429 2025 546 2068 Viet.
585 2042 627 2069 c.
662 2026 747 2069 lac.
770 2025 872 2082 Gr.)
908 2025 1018 2082 Reg.

124 2082 241 2126 Bud.
270 2082 382 2140 Agr.
417 2083 517 2125 edd.
553 2083 672 2140 Spir.
708 2083 887 2125 Ernest.
917 2098 1017 2140 sqq.

125 2138 376 2195 defuerunt
419 2139 552 2184 MSS.
597 2140 719 2184 Harl.
762 2141 890 2183 Bodl.
932 2140 1017 2182 les.

127 2196 277 2242 Guelf.
304 2197 403 2241 edd.
429 2197 530 2240 Put.
551 2198 616 2241 M.
640 2207 684 2240 et
709 2196 761 2241 V.
788 2198 891 2241 Ber.
917 2195 1016 2241 Alc.

124 2255 266 2298 Rhen.
298 2270 395 2313 sqq.

183 2313 335 2355 villas.
385 2313 460 2356 Sic
481 2312 617 2355 codd.
634 2311 770 2356 MSS.
796 2319 1017 2370 quantum

125 2379 301 2413 constat
335 2386 493 2435 omnes
519 2378 561 2412 et
584 2369 684 2416 edd.
701 2370 819 2426 Spir.
836 2369 1015 2417 Ernest.

124 2444 144 2526 1⁸
147 2443 259 2542 31¹...
281 2425 691 2541 ,ἷὶῖἑέἷιῗέἶῖζῖἶῖἓ
710 2434 1018 2525 ’ἓᾶῗὲἒῖἷῖιῆᾓῖ

125 2541 229 2584 Ber.
254 2542 354 2595 Alc.
383 2541 525 2587 Rhen.
551 2557 648 2598 sqq.
678 2556 816 2598 quum
841 2539 1020 2582 collatio

126 2601 330 2643 Gronov.
351 2615 375 2643 e
397 2597 498 2641 MS.
520 2597 641 2641 Flor.
666 2599 779 2641 ferat
799 2598 951 2638 villa&

179 2660 427 2714 praedam.
486 2657 563 2702 Sic
594 2655 731 2698 MSS.
762 2654 883 2699 Flor.
908 2652 1018 2708 ch.

125 2715 240 2758 Bud.
265 2714 366 2757 edd.
388 2713 507 2772 Spir.
533 2712 635 2755 Ber.
660 2710 803 2771 Ryek.
837 2726 933 2769 sqq.
963 2737 1023 2746 --

121 2776 330 2829 praedas
367 2771 501 2814 MSS.
538 2769 692 2812 Guelf.
731 2768 852 2812 Harl.
887 2767 1019 2811 Bodl.

127 2832 211 2873 les.
237 2830 336 2872 edd.
360 2827 540 2870 Puteol.
566 2828 632 2869 M.
658 2836 701 2869 et
715 2826 770 2869 V.
787 2825 889 2870 Ale.
906 2825 1019 2867 Rhe-

127 2903 233 2930 nan.
260 2902 357 2943 sqq.
383 2901 523 2943 usque
547 2885 599 2927 ad
625 2883 864 2942 Ryckium.
925 2882 1019 2925 Sei-

126 2945 231 2988 licet
271 2944 424 2991 fuere,
476 2942 553 3002 qui
595 2946 759 2983 domos
799 2950 840 2983 et
884 2942 1020 2981 villas

121 3005 326 3056 praedas
350 2999 499 3059 potius
519 3015 611 3044 esse
635 3014 766 3056 quam
785 3001 1020 3054 praedam

127 3065 352 3117 putarent,

184 3115 462 3157 divisissent.
519 3112 601 3157 Ed.
624 3111 741 3169 Spir.
769 3112 1017 3154 divisisset.

185 3172 435 3226 corripere.
468 3169 528 3211 Ex
543 3169 856 3234 emendatione
870 3168 1021 3226 Lipsii,

125 3246 259 3331 ῗιῖῗῗ
275 3224 868 3337 1iss5529522.¹{232..253}¹;
898 3240 1019 3340 «1ῗὲἷί

125 3362 182 3389 an
216 3342 463 3386 necessario
491 3349 690 3383 mutetur
723 3340 915 3383 dubitari
946 3339 1019 3382 ad-

126 3402 215 3445 huc
244 3401 361 3443 licet.

186 3458 415 3512 excipere.
497 3455 582 3507 Ed,
621 3453 741 3511 Spir.
796 3454 1018 3508 accipere.

127 3515 293 3613 Eaggm
327 3514 558 3571 utriusque
590 3510 717 3558 verbi
749 3510 1018 3571 permutatio

128 3588 170 3616 c.
255 3602 265 3613 .

1089 1925 1212 1954 rere.
1977 1948 1979 1951 -

1147 1972 1308 2011 ducem
1345 1974 1390 2009 et
1416 1976 1591 2020 partes.
1658 1968 1741 2014 Ed.
1781 1969 1898 2028 Spir.
1933 1977 1981 2018 d.

1090 2034 1135 2069 cc
1161 2033 1343 2081 patres.
1403 2024 1540 2069 Roth.
1568 2042 1612 2083 p.
1635 2027 1708 2070 35.
1741 2031 1908 2072 ducem
1938 2040 1985 2074 ee

1087 2090 1247 2139 partes
1292 2098 1386 2125 esse
1427 2081 1477 2125 ἓν
1519 2083 1596 2127 διὰ
1642 2086 1777 2129 δυοῖν
1818 2097 1984 2132 censet.

1097 2142 1201 2185 Non
1240 2140 1343 2182 satis
1383 2149 1528 2191 recte,
1577 2150 1624 2184 ut
1656 2143 1762 2186 mihi
1797 2143 1983 2190 videtur.

1090 2200 1272 2243 Ducem
1339 2199 1579 2254 quaerebat
1639 2199 1686 2242 in
1745 2203 1988 2255 nobilibus,

1087 2263 1254 2312 partes
1282 2271 1303 2297 a
1340 2255 1399 2297 ud
1436 2255 1645 2300 tribunos
1677 2265 1719 2300 et
1754 2262 1987 2303 centurio-

1090 2330 1183 2357 nes.
1247 2271 1407 2355 Vai'ent
1433 2311 1561 2356 etiam
1593 2315 1666 2359 hie
1697 2331 1807 2373 quae
1838 2320 1986 2364 notavi

1090 2371 1143 2413 ad
1170 2371 1208 2419 1,
1235 2372 1303 2411 10.
1333 2369 1413 2412 sub
1439 2385 1479 2412 v-
1508 2373 1674 2413 habitu
1696 2375 1928 2429 cultuque.

1147 2442 1264 2482 quae
1297 2434 1346 2467 ut
1377 2428 1562 2483 coniugi
1589 2429 1887 2484 imperatoris
1913 2447 1986 2475 so·

1091 2483 1226 2524 litum
1243 2516 1254 2532 ,
1280 2490 1331 2524 ut
1353 2486 1503 2526 matri
1518 2489 1850 2532 servabantur.
1911 2490 1986 2536 Sic

1092 2540 1195 2582 MS.
1221 2540 1346 2582 Flor.
1382 2542 1497 2592 (test.
1526 2542 1645 2586 vict.
1675 2560 1714 2586 e.
1741 2544 1832 2588 lac.
1860 2544 1985 2597 Gro-

1091 2598 1220 2648 nov.)
1263 2605 1304 2638 et
1349 2595 1480 2642 MSS.
1523 2599 1637 2642 Bud.
1680 2599 1833 2644 Guelf.
1871 2602 1983 2665 Reg.

1092 2654 1228 2696 Bene.
1290 2653 1421 2696 Prius
1451 2664 1501 2697 ut
1528 2656 1892 2713 coniungendum
1921 2673 1988 2706 est

1093 2728 1196 2755 cum
1230 2712 1442 2762 solitum,
1486 2722 1536 2755 ut
1569 2713 1788 2770 significet
1821 2733 1986 2772 quem-

1091 2772 1382 2820 admodum5
1421 2769 1611 2813 alterurn
1645 2780 1694 2813 ut
1717 2773 1908 2829 pertinet
1931 2779 1984 2820 ad

1091 2841 1253 2870 vocem
1305 2827 1475 2877 matri,
1530 2835 1578 2869 ut
1634 2828 1689 2871 sit
1743 2837 1983 2887 tanquam,

1092 2882 1283 2925 Minime
1307 2891 1455 2925 tamen
1481 2884 1636 2929 celabo
1657 2885 1703 2928 in
1729 2886 1877 2932 Guelf.
1901 2892 1984 2950 legi

1091 2942 1179 2983 soli
1197 2948 1309 2982 tum.
1371 2940 1580 2983 Proxime
1604 2943 1657 2985 ad
1672 2944 1984 2991 Florentinum

1091 2998 1261 3040 accedit
1285 2996 1353 3039 ed.
1380 2996 1496 3055 Spir.
1522 3014 1634 3056 quae
1658 3001 1754 3043 datt
1787 3019 1910 3058 quae
1936 3015 1985 3048 ut

1091 3055 1275 3108 coniugi
1302 3056 1627 3109 imperatoris.-
1672 3060 1764 3100 soli
1792 3077 1899 3103 cum
1933 3071 1983 3104 ut

1093 3114 1240 3154 matri
1252 3114 1578 3164 servabantur.
1620 3114 1820 3170 Ryckius
1844 3135 1867 3162 e
1882 3120 1983 3163 MS.

1092 3168 1215 3211 Flor.
1252 3169 1496 3212 seeundum
1532 3169 1757 3216 Gronovii
1788 3176 1985 3220 collati-o-

1093 3242 1199 3268 nem
1227 3225 1412 3282 protulit
1436 3228 1568 3270 haec:
1600 3243 1717 3283 quae
1738 3237 1788 3272 ut
1807 3237 1992 3288 coniugi

1092 3286 1120 3325 i.
1154 3286 1342 3323 solitam
1375 3286 1416 3323 tc
1445 3291 1489 3325 et
1519 3292 1569 3328 ut
1596 3288 1742 3329 matri
1763 3303 1826 3340 s.‚·
1863 3289 1983 3347 lege:

1091 3341 1304 3393 solitum,
1353 3346 1455 3381 tum
1500 3349 1546 3383 et
1592 3349 1643 3385 ut
1675 3359 1740 3386 m.
1776 3361 1817 3390 s.
1896 3339 1984 3393 Sed

1090 3405 1222 3452 negat
1235 3398 1318 3439 lac.
1333 3395 1477 3440 Gron.
1500 3398 1707 3456 copulam
1732 3408 1779 3444 εἰ
1796 3403 1856 3446 ibi
1878 3422 1985 3449 esse.

1092 3454 1207 3497 Cum
1263 3463 1415 3496 nostra
1468 3457 1645 3499 ratione
1699 3466 1986 3506 consentiunt

1090 3510 1227 3553 MSS.
1250 3510 1374 3552 Harl.
1402 3512 1532 3555 ssodl.
1559 3513 1640 3556 les.
1667 3515 1766 3559 edd.
1789 3518 1891 3562 Put.
1917 3521 1984 3564 Μ.

1094 3577 1137 3610 et
1167 3565 1222 3608 V.
1257 3567 1466 3612 Beroald.
1503 3570 1608 3617 Ale.
1646 3571 1848 3619 Rhenan.
1888 3594 1984 3635 sqq.
