2164 3990
1738 225 1860 263 Am.
1875 220 1962 264 800.

1740 268 1794 306 A.
1814 267 1861 305 C.
1899 271 1961 306 42

189 229 272 287 28
868 223 1375 287 ANNALIUM

186 354 468 431 nignitati
494 353 679 412 ’deum
718 355 964 429 gratiam
995 355 1362 414 referendam
1377 401 1393 427 ‚
1451 377 1528 413 ne
1562 358 1711 416 ritus
1744 378 2044 419 sacrorum

187 442 347 500 inter
363 442 640 515 ambigua
664 441 810 498 culti
832 461 938 516 per
958 459 1237 516 prospera
1256 443 1756 505 oblitterarentur.
1799 444 2046 505 Factum

182 546 258 584 ex
284 543 355 584 eo
379 535 619 589 senatus
646 526 1008 583 consultum:
1051 526 1322 585 viderent
1348 528 1682 603 pontifices,
1723 547 1873 606 quae
1901 531 2043 591 reti—

187 614 386 670 nenda
408 605 816 687 firmandaque
840 608 1236 684 haruspicum.
1937 637 1944 663 ·.

276 720 282 769 3
352 695 521 758 XVI.
604 694 834 754 Eodem
870 715 1026 751 anno
1051 691 1484 759 Cheruscorum
1517 717 1657 772 gens
1697 719 1892 774 regem
1913 699 2044 760 Ro-

183 783 558 861 ma-{petivit‚
623 781 850 838 amissis
888 800 994 855 per
1026 780 1260 838 interna
1290 782 1449 840 bella
1484 784 1790 842 nobilibus
1826 797 1884 843 et
1918 808 2040 844 uno

182 870 415 946 reliquo
441 867 640 942 stirpis
664 866 876 940 regiae,
911 865 1015 942 qui
1040 865 1430 941 apudurbem
1448 864 1778 927 habebatur
1799 873 2042 930 nomine

183 953 443 1017 Italicus
529 952 849 1010 Paternum
886 946 1024 1008 huic
1057 971 1240 1025 genus
1266 972 1297 1007 e
1324 949 1530 1009 Flavio
1558 954 1737 1012 fratre
1761 951 2042 1028 Arminii,-

182 1051 374 1099 mater
409 1060 478 1096 ex
502 1036 824 1096 'Catumero
865 1037 1131 1112 principe
1157 1035 1464 1094 Cattorum
1500 1050 1649 1095 erat:
1690 1041 2039 1115 -ipseforma

128 1161 130 1164 ·
182 1127 433 1185 decorus
470 1134 527 1180 et
563 1122 743 1178 armis
783 1123 1064 1198 equisque
1105 1123 1169 1178 in
1200 1123 1459 1198 patrium
1491 1136 1877 1202 nostrumque
1909 1148 2040 1184 mo·-

181 1228 309 1271 rem
345 1209 650 1267 exercitus,
738 1204 926 1281 Igitur
961 1206 1176 1265 Caesar
1218 1220 1456 1265 auctum
1491 1209 1769 1284 pecunia,
1825 1212 2042 1270 additis

179 1295 594 1372 stipatoribuS,
633 1288 906 1350 hortatur
929 1293 1145 1366 gentile
1175 1295 1362 1350 decus·
1381 1313 1594 1367 magno
1621 1296 1818 1354 animo
1840 1316 2043 1373 capes-

179 1401 327 1443 sere.
426 1379 598 1436 illum
639 1379 903 1453 primum
938 1376 1169 1436 Romae
1208 1391 1406 1436 ortum
1439 1400 1547 1435 nec
1588 1381 1884 1452 obsidem,
1935 1385 2039 1440 sed

179 1467 369 1524 civem
391 1465 478 1522 ire
504 1474 811 1521 externum
832 1464 907 1520 ad
930 1463 1264 1540 imperium.
1340 1460 1428 1520 Ac
1454 1465 1646 1540 primo
1671 1466 1859 1523 laetus
1884 1464 2040 1524 Ger—

174 1714 294 1758 Bud.
344 1713 414 1757 ed.
461 1713 491 1756 S
525 1711 579 1755 ir.
635 1711 925 1753 invalescant
965 1711 1068 1754 MS.

178 1771 335 1817 Guelf.
358 1771 460 1815 edd.
525 1778 586 1812 ut.
606 1767 672 1811 M.
699 1778 742 1811 et
760 1767 816 1811 V.
839 1769 945 1812 Ber.
970 1769 1072 1812 Alc.

174 1830 322 1876 Rhen.
351 1829 455 1873 Ald.
525 1827 636 1869 Mox
677 1826 746 1868 ed.
780 1826 899 1884 Spir.
940 1826 1072 1869 habet

177 1891 308 1932 lacta
330 1902 416 1944 pro
440 1887 595 1932 laeta,
625 1885 751 1925 culta
775 1899 859 1940 pro
882 1885 1008 1926 culti.

1145 1715 1196 1767 (t.
1211 1710 1292 1765 V.)
1309 1708 1460 1757 Guelf.
1477 1709 1578 1753 edd.
1590 1709 1708 1768 Spit.
1720 1711 1823 1756 Put.
1839 1711 1906 1756 M.
1922 1721 1967 1757 et
1979 1715 2037 1758 V.

1144 1770 1257 1826 (sive
1298 1768 1345 1810 in
1386 1768 1489 1812 MS.
1531 1767 1656 1812 Flor.
1697 1777 1762 1812 est
1797 1770 2038 1823 Armam‘i,

1143 1825 1456 1937 pezraxictorii
1489 1834 1595 1868 nota
1631 1825 1702 1870 vix
1732 1826 1926 1871 discerni
1957 1845 2035 1888 po-

187 1966 189 1971 .
231 1951 427 1991 senatus
458 1943 737 1985 consultum.
807 1941 908 1983 MS.
943 1941 1067 1984 Flor.

173 2011 276 2050 test.
298 2000 420 2046 Vict.
445 2000 498 2045 S.
520 1998 571 2042 G.
603 1996 680 2042 hic
712 2005 755 2040 et
788 1997 908 2041 alibi.

235 2071 350 2117 CAP.
383 2070 452 2114 16.
509 2083 670 2124 regem
690 2069 862 2112 Roma.
924 2067 1069 2111 Codd.

171 2130 314 2178 MSS.
338 2128 440 2173 e'dd.
464 2135 569 2171 vett.
594 2128 794 2170 Romae.
855 2124 943 2169 Sed
970 2141 1072 2168 mox

175 2207 202 2235 e
226 2186 432 2232 Rhenani
465 2185 726 2230 coniectura
756 2199 915 2226 omnes
944 2198 1071 2241 prae-

173 2244 310 2294 eunte
341 2243 462 2288 Aldo
497 2242 739 2286 ediderunt
780 2242 967 2292 Roma„
1011 2239 1070 2282 ob

171 2299 328 2351 roc‘um
352 2302 420 2356 12,
443 2300 513 2345 14.
546 2300 712 2342 Imma
733 2305 893 2354 petere
927 2312 1071 2351 reges.

170 2363 336 2410 Posset-
364 2366 518 2404 tamen
553 2357 740 2404 Romae
784 2355 968 2412 intelligi
1017 2354 1072 2398 de

169 2416 524 2483 gentislegatiQ
557 2414 634 2472 qui
655 2413 830 2458 Romae
855 2427 1071 2473 praesen-

168 2488 413 2535 test-egem
434 2481 712 2533 petwerunt.
870 2514 872 2517 ,

228 2535 505 2579 habebatur.
539 2530 620 2574 Ed.
630 2529 749 2588 Spir.
761 2528 1070 2582 habebantur.

201 2592 443 2636 «Itah‘cus.
498 2588 636 2631 MSS.
656 2587 776 2645 apud
792 2582 1071 2632 Broterium,

172 2649 329 2696 Guelf.
353 2646 454 2692 edd.
476 2645 599 2704 Spir.
619 2644 724 2688 Put.
747 2644 814 2688 M.
835 2650 880 2686 et
894 2641 948 2686 V.
963 2641 1066 2684 Ber.

168 2702 499 2762 Alc.Rhen.si1
532 2734 544 2746 .
578 2702 824 2746 Italus.-
877 2698 1068 2760 VS·B¹¹d·

178 2766 360 2817 Ytalus.
439 2719 532 2805 seg
574 2761 623 2804 in
666 2775 765 2818 sqq.
942 2756 1068 2800 Flor.

169 2831 216 2870 et
262 2822 337 2867 ed.
383 2819 503 2879 Spir.
546 2818 711 2861 babent
750 2817 973 2860 Italzcum
1024 2821 1069 2855 et

167 2879 300 2932 Pieh.
333 2876 453 2923 infra
478 2883 664 2919 testatur
685 2875 752 2919 sic
782 2873 950 2938 ubique
979 2869 1066 2936 legi

167 2939 221 2984 ἷιι
252 2936 358 2983 MS.
394 2933 522 2979 Flor.
577 2931 822 2975 Victorius
855 2930 930 2973 hm
958 2936 1068 2986 patl-

168 2987 249 3042 ἰαὶ·
278 2995 463 3045 Italus;
521 3006 624 3034 mox
668 2988 855 3047 corrigi-t
895 2986 1065 3035 ἱιαίίοο,

170 3055 403 3098 italicum.
482 3048 638 3106 Quare
675 3054 719 3093 et
758 3047 833 3090 hic
866 3041 1065 3101 Ryckius

172 3127 200 3161 e
217 3111 318 3154 MS.
339 3109 453 3167 Agr.
480 3108 599 3150 bene
627 3121 676 3148 re
711 3104 828 3148 osuit
848 3101 1064 3145 Italicus.

227 3167 413 3212 Flavio.
474 3164 551 3209 Sic
565 3164 667 3207 MS.
698 3161 714 3176 Ἴ
725 3161 831 3205 uelf.
846 3158 945 3203 edd.
959 3158 1062 3199 Put.

169 3224 239 3270 Μ.
265 3231 314 3268 et'
334 3224 391 3266 V.
413 3220 520 3264 Ber.
553 3223 680 3277 (eum
714 3218 890 3267 silentio
921 3214 1065 3267 vict.)

169 3282 276 3328 Alc.
304 3279 452 3323 Rhen-
483 3294 580 3336 sqq.
652 3278 805 3320 Flavo
841 3274 909 3317 ed.
945 3272 1063 3329 Spir-

170 3335 269 3385 Sed>
293 3337 426 3382 idem
466 3335 580 3379 liber
611 3349 714 3377 mox
743 3332 920 3380 Flavii.
1001 3327 1062 3373 cf.

171 3404 270 3453 not.
295 3394 352 3439 ad
375 3395 417 3446 2,
442 3393 487 3437 9.

219 3454 400 3514 statre.
459 3449 544 3493 Ed.
565 3447 684 3506 spir.
699 3447 852 3503 facte.

231 3508 457 3557 Arminii.
517 3505 593 3551 Sic
615 3503 715 3548 edd.
736 3503 942 3547 Beroald.
968 3501 1062 3546 Alc.

173 3562 320 3617 men·
354 3580 454 3626 sqq.
524 3563 743 3608 Armenii
775 3562 907 3606 MSS.
941 3559 1064 3605 Flor-

1203 1952 1472 1995 Catumero.
1532 1952 1609 1996 Sic
1629 1953 1732 1998 MS.
1755 1951 1908 1997 Guelf.
1932 1956 2045 2001 edd„

1142 2010 1248 2054 Put.
1263 2010 1329 2052 M.
1345 2019 1388 2053 et
1400 2009 1458 2052 V.
1474 2011 1577 2053 Ber.
1592 2010 1689 2054 Alc.
1709 2010 1856 2054 Rhen.
1869 2027 1965 2071 sqq.
1979 2037 2038 2047 —·
2112 2014 2115 2017 ’

1143 2067 1277 2110 MSS.
1324 2066 1453 2111 Flor.
1510 2073 1642 2123 (test.
1687 2067 1839 2123 Vict.)
1885 2069 2036 2116 vatic.

1145 2125 1303 2183 (Lips.)
1335 2124 1457 2168 Bud.
1491 2126 1528 2168 A
1563 2141 1602 2167 1·.
1638 2127 1707 2169 ed.
1745 2124 1864 2184 Spir.
1888 2129 2034 2171 Actu-

1144 2198 1293 2225 mero.
1383 2181 1488 2226 MS.
1567 2182 1680 2226 3odl.
1743 2183 2038 2230 Cactunzerm

1144 2239 1245 2282 MS.
1290 2239 1371 2283 les.
1421 2240 1694 2283 Cacur'nero.
1787 2239 2035 2287 Oberlinus

1144 2296 1265 2340 dedit
1281 2296 1570 2342 cattumero.
1632 2298 1794 2343 Strabo
1813 2299 1854 2349 7,
1878 2315 1923 2358 p.
1934 2298 2034 2346 292.

1148 2350 1456 2414 Οὐκρόμερος.
1484 2406 1487 2410 .

1205 2425 1470 2469 Cattorum.
1551 2425 1611 2469 cf.
1651 2433 1749 2469 not.
1787 2425 1855 2470 adv
1879 2428 1928 2477 1,
1961 2427 2032 2473 55.

1144 2483 1230 2526 Hic
1261 2482 1366 2526 edd.
1395 2483 1516 2542 Spir.
1536 2483 1639 2526 Ber.
1672 2486 1867 2540 (tacente
1889 2484 2034 2539 Vim.)

1142 2539 1246 2583 Alc.
1273 2539 1418 2583 Rhen.
1456 2541 1721 2584 cattorum.
1789 2541 1906 2585 Edd.
1927 2542 2031 2590 Put.

1141 2599 1210 2641 M.
1227 2605 1269 2641 et
1280 2596 1336 2641 V.
1359 2614 1460 2641 cum
1475 2598 1578 2640 MS.
1597 2596 1746 2641 Guelf.
1764 2598 2030 2642 Caeterum.

1140 2656 1371 2721 Scriptura
1405 2655 1708 2706 Chattorum,
1749 2669 1883 2713 quam
1917 2672 2033 2700 non-

1138 2712 1253 2755 nulh
1287 2711 1573 2769 praeferunt,
1601 2712 1782 2757 videtur
1812 2713 2030 2782 originem

1138 2770 1317 2812 traxisse
1344 2786 1368 2812 e
1397 2768 1619 2827 scriptura
1640 2769 1814 2813 Graeca
1836 2775 2028 2817 Χαττοι.

1139 2825 1227 2870 Sed
1242 2825 1405 2870 Graeci
1426 2827 1600 2884 saepius
1627 2827 1831 2870 scribunt
1855 2845 1937 2887 per
1964 2835 2026 2888 X,

1139 2883 1263 2942 quod
1282 2884 1431 2927 Latini
1451 2900 1533 2940 per
1555 2884 1609 2927 C.

1183 2953 1359 3010 forma
1389 2957 1597 2997 decorus.
1657 2951 1866 2999 Heinsius
1901 2973 2029 3002 more

1138 3028 1221 3057 suo
1243 3011 1342 3056 vult
1351 3012 1543 3068 formae
1565 3014 1763 3055 decorus
1774 3030 1790 3064 ;
1820 3029 1922 3057 mox
1946 3023 2026 3058 ta..

1130 3076 1338 3126 pesseret
1359 3085 1443 3128 pro
1464 3080 1712 3122 capessere.
1767 3069 2027 3131 Utrumque

1136 3128 1349 3170 usitatum
1392 3135 1457 3170 est
1493 3126 1676 3169 Nostro.
1754 3126 1812 3171 cf.
1846 3137 1941 3173 not.
1973 3132 2027 3175 ad

1137 3201 1190 3286 ‘1:⁰1
1213 3186 1252 3228 1.
1287 3186 1370 3227 sub
1405 3200 1450 3231 v.
1485 3185 1656 3233 caveri,
1700 3191 1743 3226 et
1772 3194 1866 3229 not.
1897 3187 1954 3230 ad
1988 3187 2027 3241 5,

1193 3318 1399 3356 auctum.
1460 3313 1543 3356 Ed.
1566 3312 1683 3371 Spir.
1705 3321 1945 3367 augustus.

1195 3398 1451 3435 capessere.
1512 3385 1612 3427 MS.
1633 3381 1785 3425 Guelf·
1812 3383 1883 3426 cd·
1908 3385 2024 3442 Spir.

1137 3454 1390 3494 capescere.
1432 3440 1644 3491 Ed.Ald.‚
1667 3456 1777 3497 quae
1799 3440 1845 3482 in
1868 3442 2024 3495 priori-

1138 3499 1221 3541 bus
1266 3498 1515 3542 Annalium
1564 3497 1688 3540 libris
1741 3496 1907 3555 ubique
1951 3494 2026 3545 dat

1139 3570 1403 3610 capescere,
1435 3555 1508 3600 hie
1528 3555 1657 3599 habet
1679 3570 1927 3610 capessere.
