<?xml version="1.0" encoding="UTF-8"?>
<!DOCTYPE html PUBLIC "-//W3C//DTD XHTML 1.0 Transitional//EN"
    "http://www.w3.org/TR/xhtml1/DTD/xhtml1-transitional.dtd">
<html xmlns="http://www.w3.org/1999/xhtml" xml:lang="en" lang="en">
 <head>
  <title>
</title>
<meta http-equiv="Content-Type" content="text/html;charset=utf-8" />
  <meta name='ocr-system' content='tesseract 3.04.00' />
  <meta name='ocr-capabilities' content='ocr_page ocr_carea ocr_par ocr_line ocrx_word'/>
</head>
<body>
  <div class='ocr_page' id='page_1' title='image "./operarecensuitet02taciuoft/operarecensuitet02taciuoft_0067.png"; bbox 0 0 2164 3990; ppageno 0'>
   <div class='ocr_carea' id='block_1_1' title="bbox 579 255 1945 331">
    <p class='ocr_par' dir='ltr' id='par_1_1' title="bbox 579 255 1945 331">
     <span class='ocr_line' id='line_1_1' title="bbox 579 255 1945 331; baseline 0.001 -5"><span class='ocrx_word' id='word_1_1' title='bbox 579 267 753 328; x_wconf 85' lang='lat' dir='ltr'><strong>LIB.</strong></span> <span class='ocrx_word' id='word_1_2' title='bbox 781 255 897 329; x_wconf 75' lang='lat' dir='ltr'><strong>&#39;XL</strong></span> <span class='ocrx_word' id='word_1_3' title='bbox 976 265 1171 327; x_wconf 83' lang='lat' dir='ltr'><strong>CAP.</strong></span> <span class='ocrx_word' id='word_1_4' title='bbox 1210 263 1312 328; x_wconf 73' lang='lat'><strong>35.</strong></span> <span class='ocrx_word' id='word_1_5' title='bbox 1349 268 1452 328; x_wconf 77' lang='lat'><strong>56.</strong></span> <span class='ocrx_word' id='word_1_6' title='bbox 1861 269 1945 331; x_wconf 85' lang='lat'><strong>57</strong></span> 
     </span>
    </p>
   </div>
   <div class='ocr_carea' id='block_1_2' title="bbox 14 395 1970 1324">
    <p class='ocr_par' dir='ltr' id='par_1_2' title="bbox 14 395 1970 1324">
     <span class='ocr_line' id='line_1_2' title="bbox 14 395 1942 469; baseline -0.002 -7"><span class='ocrx_word' id='word_1_7' title='bbox 14 420 34 441; x_wconf 68' lang='lat'><strong>¹</strong></span> <span class='ocrx_word' id='word_1_8' title='bbox 96 404 252 463; x_wconf 84' lang='lat' dir='ltr'><strong>cium</strong></span> <span class='ocrx_word' id='word_1_9' title='bbox 299 400 643 460; x_wconf 75' lang='lat' dir='ltr'><strong>offerentem</strong></span> <span class='ocrx_word' id='word_1_10' title='bbox 679 396 947 454; x_wconf 89' lang='lat' dir='ltr'><strong>Vettium</strong></span> <span class='ocrx_word' id='word_1_11' title='bbox 994 395 1307 453; x_wconf 80' lang='lat' dir='ltr'><strong>Valentem</strong></span> <span class='ocrx_word' id='word_1_12' title='bbox 1357 407 1415 454; x_wconf 87' lang='lat' dir='ltr'><strong>et</strong></span> <span class='ocrx_word' id='word_1_13' title='bbox 1459 397 1815 469; x_wconf 87' lang='lat' dir='ltr'><strong>confessum,</strong></span> <span class='ocrx_word' id='word_1_14' title='bbox 1886 414 1942 459; x_wconf 83' lang='lat' dir='ltr'><strong>et</strong></span> 
     </span>
     <span class='ocr_line' id='line_1_3' title="bbox 93 479 1970 562; baseline -0.001 -19"><span class='ocrx_word' id='word_1_15' title='bbox 93 487 440 562; x_wconf 87' lang='lat' dir='ltr'><strong>Pompeium</strong></span> <span class='ocrx_word' id='word_1_16' title='bbox 477 483 766 544; x_wconf 84' lang='lat' dir='ltr'><strong>Urbicum</strong></span> <span class='ocrx_word' id='word_1_17' title='bbox 812 502 876 538; x_wconf 81' lang='lat' dir='ltr'><strong>ac</strong></span> <span class='ocrx_word' id='word_1_18' title='bbox 914 481 1242 539; x_wconf 87' lang='lat' dir='ltr'><strong>Saufellum</strong></span> <span class='ocrx_word' id='word_1_19' title='bbox 1279 479 1546 555; x_wconf 82' lang='lat' dir='ltr'>Trogum</span> <span class='ocrx_word' id='word_1_20' title='bbox 1585 502 1652 539; x_wconf 86' lang='lat' dir='ltr'><strong>ex</strong></span> <span class='ocrx_word' id='word_1_21' title='bbox 1697 486 1943 542; x_wconf 87' lang='lat' dir='ltr'><strong>consciis</strong></span> <span class='ocrx_word' id='word_1_22' title='bbox 1962 518 1970 525; x_wconf 57' lang='grc'><strong>»-</strong></span> 
     </span>
     <span class='ocr_line' id='line_1_4' title="bbox 93 566 1945 645; baseline -0.002 -15"><span class='ocrx_word' id='word_1_23' title='bbox 93 573 350 631; x_wconf 82' lang='lat' dir='ltr'><strong>tradi-ad</strong></span> <span class='ocrx_word' id='word_1_24' title='bbox 377 569 732 645; x_wconf 90' lang='lat' dir='ltr'><strong>supplicium</strong></span> <span class='ocrx_word' id='word_1_25' title='bbox 769 567 948 624; x_wconf 89' lang='lat' dir='ltr'><strong>iubet.</strong></span> <span class='ocrx_word' id='word_1_26' title='bbox 1016 566 1283 624; x_wconf 64' lang='lat' dir='ltr'><strong>’Decrius</strong></span> <span class='ocrx_word' id='word_1_27' title='bbox 1320 588 1557 644; x_wconf 88' lang='lat' dir='ltr'><strong>quoque</strong></span> <span class='ocrx_word' id='word_1_28' title='bbox 1589 567 1945 644; x_wconf 88' lang='lat' dir='ltr'><strong>Calpurnia-</strong></span> 
     </span>
     <span class='ocr_line' id='line_1_5' title="bbox 92 650 1944 730; baseline -0.001 -16"><span class='ocrx_word' id='word_1_29' title='bbox 92 677 205 715; x_wconf 87' lang='lat' dir='ltr'><strong>nus</strong></span> <span class='ocrx_word' id='word_1_30' title='bbox 229 656 475 730; x_wconf 79' lang='lat' dir='ltr'><strong>vigilum</strong></span> <span class='ocrx_word' id='word_1_31' title='bbox 499 654 850 728; x_wconf 65' lang='lat' dir='ltr'><strong>praefecum,</strong></span> <span class='ocrx_word' id='word_1_32' title='bbox 893 651 1190 727; x_wconf 81' lang='lat' dir='ltr'>Sulpicius</span> <span class='ocrx_word' id='word_1_33' title='bbox 1211 650 1405 710; x_wconf 84' lang='lat' dir='ltr'><strong>Rufus</strong></span> <span class='ocrx_word' id='word_1_34' title='bbox 1429 652 1559 708; x_wconf 89' lang='lat' dir='ltr'><strong>ludi</strong></span> <span class='ocrx_word' id='word_1_35' title='bbox 1580 667 1944 729; x_wconf 81' lang='lat' dir='ltr'><strong>procurator,</strong></span> 
     </span>
     <span class='ocr_line' id='line_1_6' title="bbox 94 737 1820 815; baseline -0.001 -16"><span class='ocrx_word' id='word_1_36' title='bbox 94 741 309 800; x_wconf 83' lang='lat' dir='ltr'><strong>Iuncus</strong></span> <span class='ocrx_word' id='word_1_37' title='bbox 335 739 702 812; x_wconf 84' lang='lat' dir='ltr'><strong>Virgilianus</strong></span> <span class='ocrx_word' id='word_1_38' title='bbox 730 749 965 794; x_wconf 87' lang='lat' dir='ltr'><strong>senator</strong></span> <span class='ocrx_word' id='word_1_39' title='bbox 988 737 1190 793; x_wconf 89' lang='lat' dir='ltr'><strong>eadem</strong></span> <span class='ocrx_word' id='word_1_40' title='bbox 1211 757 1400 815; x_wconf 84' lang='lat' dir='ltr'><strong>poena</strong></span> <span class='ocrx_word' id='word_1_41' title='bbox 1423 738 1653 797; x_wconf 80' lang='lat' dir='ltr'><strong>adfecti.</strong></span> <span class='ocrx_word' id='word_1_42' title='bbox 1811 738 1820 743; x_wconf 52' lang='lat'>⁶</span> 
     </span>
     <span class='ocr_line' id='line_1_7' title="bbox 259 814 1945 884; baseline -0.001 -1"><span class='ocrx_word' id='word_1_43' title='bbox 259 814 541 884; x_wconf 84' lang='lat' dir='ltr'>XXXVI.</span> <span class='ocrx_word' id='word_1_44' title='bbox 628 822 804 880; x_wconf 89' lang='lat' dir='ltr'><strong>Solus</strong></span> <span class='ocrx_word' id='word_1_45' title='bbox 833 821 1101 880; x_wconf 81' lang='lat' dir='ltr'><strong>Mnester</strong></span> <span class='ocrx_word' id='word_1_46' title='bbox 1141 822 1574 881; x_wconf 82' lang='lat' dir='ltr'><strong>cunctationem</strong></span> <span class='ocrx_word' id='word_1_47' title='bbox 1615 822 1815 881; x_wconf 84' lang='lat' dir='ltr'><strong>attulit</strong></span> <span class='ocrx_word' id='word_1_48' title='bbox 1849 824 1945 882; x_wconf 91' lang='lat' dir='ltr'><strong>di-</strong></span> 
     </span>
     <span class='ocr_line' id='line_1_8' title="bbox 71 907 1944 982; baseline -0.001 -14"><span class='ocrx_word' id='word_1_49' title='bbox 71 911 500 969; x_wconf 50' lang='lat' dir='ltr'><strong>«laniata‘veste</strong></span> <span class='ocrx_word' id='word_1_50' title='bbox 537 909 871 978; x_wconf 81' lang='lat' dir='ltr'><strong>clamitanS,</strong></span> <span class='ocrx_word' id='word_1_51' title='bbox 926 907 1208 982; x_wconf 81' lang='lat' dir='ltr'><strong>aspiceret</strong></span> <span class='ocrx_word' id='word_1_52' title='bbox 1241 909 1555 964; x_wconf 82' lang='lat' dir='ltr'><strong>verberum</strong></span> <span class='ocrx_word' id='word_1_53' title='bbox 1600 920 1794 978; x_wconf 79' lang='lat' dir='ltr'><strong>notaS,</strong></span> <span class='ocrx_word' id='word_1_54' title='bbox 1847 930 1944 966; x_wconf 86' lang='lat' dir='ltr'><strong>re·-</strong></span> 
     </span>
     <span class='ocr_line' id='line_1_9' title="bbox 89 991 1942 1069; baseline -0.001 -16"><span class='ocrx_word' id='word_1_55' title='bbox 89 997 500 1054; x_wconf 87' lang='lat' dir='ltr'><strong>minisceretur</strong></span> <span class='ocrx_word' id='word_1_56' title='bbox 533 995 722 1063; x_wconf 81' lang='lat' dir='ltr'><strong>vociS‚</strong></span> <span class='ocrx_word' id='word_1_57' title='bbox 766 1014 883 1069; x_wconf 86' lang='lat' dir='ltr'><strong>qua</strong></span> <span class='ocrx_word' id='word_1_58' title='bbox 915 1012 974 1048; x_wconf 89' lang='lat' dir='ltr'><strong>se</strong></span> <span class='ocrx_word' id='word_1_59' title='bbox 1012 991 1336 1048; x_wconf 82' lang='lat' dir='ltr'><strong>obnoxium</strong></span> <span class='ocrx_word' id='word_1_60' title='bbox 1370 992 1540 1048; x_wconf 89' lang='lat' dir='ltr'><strong>iussis</strong></span> <span class='ocrx_word' id='word_1_61' title='bbox 1564 991 1942 1052; x_wconf 88' lang='lat' dir='ltr'><strong>Messallinae</strong></span> 
     </span>
     <span class='ocr_line' id='line_1_10' title="bbox 90 1077 1942 1151; baseline -0.002 -12"><span class='ocrx_word' id='word_1_62' title='bbox 90 1082 361 1140; x_wconf 84' lang='lat' dir='ltr'><strong>dedisset.</strong></span> <span class='ocrx_word' id='word_1_63' title='bbox 446 1079 577 1135; x_wconf 90' lang='lat' dir='ltr'><strong>aliis</strong></span> <span class='ocrx_word' id='word_1_64' title='bbox 601 1079 910 1151; x_wconf 82' lang='lat' dir='ltr'><strong>largitione</strong></span> <span class='ocrx_word' id='word_1_65' title='bbox 942 1087 1041 1133; x_wconf 85' lang='lat' dir='ltr'><strong>aut</strong></span> <span class='ocrx_word' id='word_1_66' title='bbox 1078 1077 1202 1151; x_wconf 90' lang='lat' dir='ltr'><strong>spei</strong></span> <span class='ocrx_word' id='word_1_67' title='bbox 1233 1077 1672 1150; x_wconf 84' lang='lat' dir='ltr'><strong>magnitudine,</strong></span> <span class='ocrx_word' id='word_1_68' title='bbox 1722 1079 1836 1135; x_wconf 90' lang='lat' dir='ltr'><strong>sibi</strong></span> <span class='ocrx_word' id='word_1_69' title='bbox 1875 1100 1942 1145; x_wconf 86' lang='lat' dir='ltr'><strong>ex</strong></span> 
     </span>
     <span class='ocr_line' id='line_1_11' title="bbox 78 1162 1944 1238; baseline -0.001 -16"><span class='ocrx_word' id='word_1_70' title='bbox 78 1166 428 1224; x_wconf 83' lang='lat' dir='ltr'><strong>necessitate</strong></span> <span class='ocrx_word' id='word_1_71' title='bbox 455 1164 710 1238; x_wconf 76' lang='lat' dir='ltr'><strong>culpami</strong></span> <span class='ocrx_word' id='word_1_72' title='bbox 755 1182 863 1218; x_wconf 89' lang='lat' dir='ltr'><strong>nec</strong></span> <span class='ocrx_word' id='word_1_73' title='bbox 890 1162 1163 1237; x_wconf 86' lang='lat' dir='ltr'><strong>cuiquam</strong></span> <span class='ocrx_word' id='word_1_74' title='bbox 1189 1173 1322 1218; x_wconf 86' lang='lat' dir='ltr'><strong>ante</strong></span> <span class='ocrx_word' id='word_1_75' title='bbox 1355 1163 1724 1237; x_wconf 88' lang='lat' dir='ltr'><strong>pereundum</strong></span> <span class='ocrx_word' id='word_1_76' title='bbox 1748 1164 1944 1235; x_wconf 85' lang='lat' dir='ltr'><strong>fuisse,</strong></span> 
     </span>
     <span class='ocr_line' id='line_1_12' title="bbox 91 1243 1941 1324; baseline -0.001 -16"><span class='ocrx_word' id='word_1_77' title='bbox 91 1252 142 1308; x_wconf 90' lang='lat' dir='ltr'><strong>si</strong></span> <span class='ocrx_word' id='word_1_78' title='bbox 165 1250 348 1309; x_wconf 89' lang='lat' dir='ltr'><strong>Silius</strong></span> <span class='ocrx_word' id='word_1_79' title='bbox 369 1269 569 1306; x_wconf 87' lang='lat' dir='ltr'><strong>rerum</strong></span> <span class='ocrx_word' id='word_1_80' title='bbox 591 1247 898 1324; x_wconf 88' lang='lat' dir='ltr'><strong>potiretur.</strong></span> <span class='ocrx_word' id='word_1_81' title='bbox 984 1245 1364 1304; x_wconf 88' lang='lat' dir='ltr'><strong>Commotum</strong></span> <span class='ocrx_word' id='word_1_82' title='bbox 1384 1243 1478 1303; x_wconf 87' lang='lat' dir='ltr'><strong>his</strong></span> <span class='ocrx_word' id='word_1_83' title='bbox 1503 1258 1560 1304; x_wconf 86' lang='lat' dir='ltr'><strong>et</strong></span> <span class='ocrx_word' id='word_1_84' title='bbox 1583 1268 1842 1324; x_wconf 84' lang='lat' dir='ltr'><strong>pronum</strong></span> <span class='ocrx_word' id='word_1_85' title='bbox 1866 1252 1941 1307; x_wconf 87' lang='lat' dir='ltr'><strong>ad</strong></span> 
     </span>
    </p>
   </div>
   <div class='ocr_carea' id='block_1_3' title="bbox 179 265 407 349">
    <p class='ocr_par' dir='ltr' id='par_1_3' title="bbox 179 265 407 349">
     <span class='ocr_line' id='line_1_13' title="bbox 179 265 407 304; baseline -0.018 -1"><span class='ocrx_word' id='word_1_86' title='bbox 179 268 232 304; x_wconf 77' lang='lat' dir='ltr'><strong>A.</strong></span> <span class='ocrx_word' id='word_1_87' title='bbox 250 266 302 303; x_wconf 88' lang='lat' dir='ltr'><strong>U.</strong></span> <span class='ocrx_word' id='word_1_88' title='bbox 318 265 407 302; x_wconf 69' lang='lat'><strong>801.</strong></span> 
     </span>
     <span class='ocr_line' id='line_1_14' title="bbox 180 309 407 349; baseline -0.018 -3"><span class='ocrx_word' id='word_1_89' title='bbox 180 311 241 349; x_wconf 57' lang='lat' dir='ltr'><strong>A..</strong></span> <span class='ocrx_word' id='word_1_90' title='bbox 254 309 301 346; x_wconf 87' lang='lat' dir='ltr'><strong>C.</strong></span> <span class='ocrx_word' id='word_1_91' title='bbox 343 309 407 343; x_wconf 72' lang='lat'><strong>48.</strong></span> 
     </span>
    </p>
   </div>
   <div class='ocr_carea' id='block_1_4' title="bbox 1047 1389 2001 1469">
    <p class='ocr_par' dir='ltr' id='par_1_4' title="bbox 1047 1389 2001 1469">
     <span class='ocr_line' id='line_1_15' title="bbox 1047 1389 2001 1469; baseline 0.008 -7"><span class='ocrx_word' id='word_1_92' title='bbox 1047 1422 1153 1466; x_wconf 86' lang='lat' dir='ltr'><strong>edd.</strong></span> <span class='ocrx_word' id='word_1_93' title='bbox 1186 1422 1216 1465; x_wconf 84' lang='lat' dir='ltr'><strong>S</strong></span> <span class='ocrx_word' id='word_1_94' title='bbox 1251 1422 1306 1466; x_wconf 80' lang='lat' dir='ltr'><strong>ir.</strong></span> <span class='ocrx_word' id='word_1_95' title='bbox 1340 1422 1441 1465; x_wconf 80' lang='lat' dir='ltr'><strong>Put.</strong></span> <span class='ocrx_word' id='word_1_96' title='bbox 1477 1422 1545 1466; x_wconf 81' lang='grc' dir='ltr'><strong>Μ.</strong></span> <span class='ocrx_word' id='word_1_97' title='bbox 1572 1431 1613 1465; x_wconf 80' lang='lat' dir='ltr'><strong>ct</strong></span> <span class='ocrx_word' id='word_1_98' title='bbox 1632 1421 1694 1465; x_wconf 90' lang='lat' dir='ltr'><strong>V.</strong></span> <span class='ocrx_word' id='word_1_99' title='bbox 1732 1416 1940 1469; x_wconf 80' lang='lat' dir='ltr'><strong>Beroald.</strong></span> <span class='ocrx_word' id='word_1_100' title='bbox 1990 1389 2001 1395; x_wconf 39' lang='lat'><strong><em>‘</em></strong></span> 
     </span>
    </p>
   </div>
   <div class='ocr_carea' id='block_1_5' title="bbox 149 1422 1825 1525">
    <p class='ocr_par' dir='ltr' id='par_1_5' title="bbox 149 1422 1825 1525">
     <span class='ocr_line' id='line_1_16' title="bbox 149 1422 979 1482; baseline -0.004 -14"><span class='ocrx_word' id='word_1_101' title='bbox 149 1425 356 1468; x_wconf 83' lang='lat' dir='ltr'><strong>Vettium</strong></span> <span class='ocrx_word' id='word_1_102' title='bbox 371 1424 635 1466; x_wconf 79' lang='lat' dir='ltr'><strong>Valentem.</strong></span> <span class='ocrx_word' id='word_1_103' title='bbox 659 1423 743 1466; x_wconf 84' lang='lat' dir='ltr'><strong>Ed.</strong></span> <span class='ocrx_word' id='word_1_104' title='bbox 758 1422 876 1482; x_wconf 76' lang='lat' dir='ltr'><strong>Spir.</strong></span> <span class='ocrx_word' id='word_1_105' title='bbox 892 1422 944 1465; x_wconf 88' lang='lat' dir='ltr'><em>V</em></span> <span class='ocrx_word' id='word_1_106' title='bbox 937 1439 979 1465; x_wconf 89' lang='lat' dir='ltr'><strong>e-</strong></span> 
     </span>
     <span class='ocr_line' id='line_1_17' title="bbox 1051 1480 1825 1525; baseline 0.001 -1"><span class='ocrx_word' id='word_1_107' title='bbox 1051 1481 1158 1525; x_wconf 82' lang='lat' dir='ltr'><strong>Ale.</strong></span> <span class='ocrx_word' id='word_1_108' title='bbox 1181 1481 1218 1522; x_wconf 80' lang='lat' dir='ltr'><strong>R</strong></span> <span class='ocrx_word' id='word_1_109' title='bbox 1237 1497 1321 1523; x_wconf 76' lang='lat' dir='ltr'><strong>ien.</strong></span> <span class='ocrx_word' id='word_1_110' title='bbox 1348 1480 1454 1524; x_wconf 81' lang='lat' dir='ltr'><strong>Ald.</strong></span> <span class='ocrx_word' id='word_1_111' title='bbox 1486 1496 1526 1523; x_wconf 89' lang='lat' dir='ltr'><strong>c.</strong></span> <span class='ocrx_word' id='word_1_112' title='bbox 1553 1480 1654 1524; x_wconf 88' lang='lat' dir='ltr'><strong>MS.</strong></span> <span class='ocrx_word' id='word_1_113' title='bbox 1675 1481 1825 1525; x_wconf 86' lang='lat' dir='ltr'><strong>Guelf.</strong></span> 
     </span>
    </p>
   </div>
   <div class='ocr_carea' id='block_1_6' title="bbox 89 1480 981 1881">
    <p class='ocr_par' dir='ltr' id='par_1_6' title="bbox 89 1480 981 1881">
     <span class='ocr_line' id='line_1_18' title="bbox 90 1480 979 1526; baseline -0.004 0"><span class='ocrx_word' id='word_1_114' title='bbox 90 1498 213 1526; x_wconf 74' lang='lat' dir='ltr'><strong>ctum</strong></span> <span class='ocrx_word' id='word_1_115' title='bbox 239 1486 482 1524; x_wconf 81' lang='lat' dir='ltr'><strong>valentem.</strong></span> <span class='ocrx_word' id='word_1_116' title='bbox 576 1480 723 1524; x_wconf 84' lang='lat' dir='ltr'><strong>Ceteri</strong></span> <span class='ocrx_word' id='word_1_117' title='bbox 754 1481 855 1523; x_wconf 81' lang='lat' dir='ltr'><strong>libri</strong></span> <span class='ocrx_word' id='word_1_118' title='bbox 885 1481 979 1522; x_wconf 92' lang='lat' dir='ltr'><strong>Ve-</strong></span> 
     </span>
     <span class='ocr_line' id='line_1_19' title="bbox 89 1538 979 1584; baseline -0.002 -1"><span class='ocrx_word' id='word_1_119' title='bbox 89 1542 249 1584; x_wconf 84' lang='lat' dir='ltr'><strong>ctium.</strong></span> <span class='ocrx_word' id='word_1_120' title='bbox 292 1539 351 1583; x_wconf 84' lang='lat' dir='ltr'><strong>cf.</strong></span> <span class='ocrx_word' id='word_1_121' title='bbox 367 1549 460 1582; x_wconf 87' lang='lat' dir='ltr'><strong>not.</strong></span> <span class='ocrx_word' id='word_1_122' title='bbox 475 1538 530 1582; x_wconf 85' lang='lat' dir='ltr'><strong>ad</strong></span> <span class='ocrx_word' id='word_1_123' title='bbox 547 1556 587 1582; x_wconf 93' lang='lat' dir='ltr'><strong>c.</strong></span> <span class='ocrx_word' id='word_1_124' title='bbox 603 1538 674 1581; x_wconf 78' lang='lat'><strong>31.</strong></span> <span class='ocrx_word' id='word_1_125' title='bbox 726 1538 893 1581; x_wconf 80' lang='lat' dir='ltr'><strong>Eadem</strong></span> <span class='ocrx_word' id='word_1_126' title='bbox 909 1538 979 1581; x_wconf 85' lang='lat' dir='ltr'><strong>ed.</strong></span> 
     </span>
     <span class='ocr_line' id='line_1_20' title="bbox 92 1595 976 1642; baseline -0.005 0"><span class='ocrx_word' id='word_1_127' title='bbox 92 1599 122 1642; x_wconf 88' lang='lat' dir='ltr'><strong>S</strong></span> <span class='ocrx_word' id='word_1_128' title='bbox 157 1599 210 1642; x_wconf 83' lang='lat' dir='ltr'><strong>ir.</strong></span> <span class='ocrx_word' id='word_1_129' title='bbox 246 1613 350 1641; x_wconf 87' lang='lat' dir='ltr'><strong>cum</strong></span> <span class='ocrx_word' id='word_1_130' title='bbox 382 1596 482 1641; x_wconf 84' lang='lat' dir='ltr'><strong>edd.</strong></span> <span class='ocrx_word' id='word_1_131' title='bbox 509 1597 610 1639; x_wconf 82' lang='lat' dir='ltr'><strong>Put.</strong></span> <span class='ocrx_word' id='word_1_132' title='bbox 637 1596 703 1638; x_wconf 81' lang='lat' dir='ltr'><strong>M..</strong></span> <span class='ocrx_word' id='word_1_133' title='bbox 730 1604 772 1638; x_wconf 83' lang='lat' dir='ltr'><strong>et</strong></span> <span class='ocrx_word' id='word_1_134' title='bbox 794 1595 850 1638; x_wconf 93' lang='lat' dir='ltr'><strong>V.</strong></span> <span class='ocrx_word' id='word_1_135' title='bbox 873 1596 976 1638; x_wconf 83' lang='lat' dir='ltr'><strong>Ber.</strong></span> 
     </span>
     <span class='ocr_line' id='line_1_21' title="bbox 92 1615 981 1708; baseline -0.004 -10"><span class='ocrx_word' id='word_1_136' title='bbox 92 1615 192 1699; x_wconf 53' lang='lat' dir='ltr'><strong>Alie.</strong></span> <span class='ocrx_word' id='word_1_137' title='bbox 216 1665 316 1698; x_wconf 83' lang='lat' dir='ltr'><strong>ante</strong></span> <span class='ocrx_word' id='word_1_138' title='bbox 340 1656 599 1708; x_wconf 80' lang='lat' dir='ltr'><strong>confessum</strong></span> <span class='ocrx_word' id='word_1_139' title='bbox 618 1654 738 1695; x_wconf 83' lang='lat' dir='ltr'><strong>addit</strong></span> <span class='ocrx_word' id='word_1_140' title='bbox 755 1659 813 1693; x_wconf 79' lang='lat' dir='ltr'><strong>et.</strong></span> <span class='ocrx_word' id='word_1_141' title='bbox 862 1652 981 1695; x_wconf 87' lang='lat' dir='ltr'><strong>Scri-</strong></span> 
     </span>
     <span class='ocr_line' id='line_1_22' title="bbox 90 1708 980 1764; baseline -0.004 -7"><span class='ocrx_word' id='word_1_142' title='bbox 90 1712 203 1758; x_wconf 77' lang='lat' dir='ltr'><strong>bunt</strong></span> <span class='ocrx_word' id='word_1_143' title='bbox 236 1713 353 1754; x_wconf 64' lang='lat' dir='ltr'><strong>e&#39;nim</strong></span> <span class='ocrx_word' id='word_1_144' title='bbox 376 1713 614 1752; x_wconf 79' lang='lat' dir='ltr'><strong>ualentem</strong></span> <span class='ocrx_word' id='word_1_145' title='bbox 637 1718 681 1751; x_wconf 83' lang='lat' dir='ltr'><strong>et</strong></span> <span class='ocrx_word' id='word_1_146' title='bbox 704 1708 980 1764; x_wconf 81' lang='lat' dir='ltr'><strong>consessum.</strong></span> 
     </span>
     <span class='ocr_line' id='line_1_23' title="bbox 92 1766 980 1811; baseline -0.003 0"><span class='ocrx_word' id='word_1_147' title='bbox 92 1770 131 1811; x_wconf 83' lang='lat' dir='ltr'>A</span> <span class='ocrx_word' id='word_1_148' title='bbox 158 1768 257 1810; x_wconf 86' lang='lat' dir='ltr'><strong>MS.</strong></span> <span class='ocrx_word' id='word_1_149' title='bbox 274 1768 393 1811; x_wconf 85' lang='lat' dir='ltr'><strong>Flor.</strong></span> <span class='ocrx_word' id='word_1_150' title='bbox 423 1766 532 1809; x_wconf 73' lang='lat' dir='ltr'><strong>illud</strong></span> <span class='ocrx_word' id='word_1_151' title='bbox 559 1774 602 1808; x_wconf 83' lang='lat' dir='ltr'><strong>et</strong></span> <span class='ocrx_word' id='word_1_152' title='bbox 623 1767 773 1810; x_wconf 86' lang='lat' dir='ltr'><strong>abesse</strong></span> <span class='ocrx_word' id='word_1_153' title='bbox 797 1774 980 1809; x_wconf 78' lang='lat' dir='ltr'><strong>testatur</strong></span> 
     </span>
     <span class='ocr_line' id='line_1_24' title="bbox 92 1823 980 1881; baseline 0 -15"><span class='ocrx_word' id='word_1_154' title='bbox 92 1825 336 1874; x_wconf 86' lang='lat' dir='ltr'><strong>Victorius,</strong></span> <span class='ocrx_word' id='word_1_155' title='bbox 367 1823 806 1875; x_wconf 83' lang='lat' dir='ltr'><strong>aBud.Oherlinus;</strong></span> <span class='ocrx_word' id='word_1_156' title='bbox 836 1840 980 1881; x_wconf 84' lang='lat' dir='ltr'><strong>neque</strong></span> 
     </span>
    </p>
   </div>
   <div class='ocr_carea' id='block_1_7' title="bbox 1051 1538 1945 1878">
    <p class='ocr_par' dir='ltr' id='par_1_7' title="bbox 1051 1538 1943 1821">
     <span class='ocr_line' id='line_1_25' title="bbox 1109 1538 1941 1594; baseline 0.008 -16"><span class='ocrx_word' id='word_1_157' title='bbox 1109 1539 1302 1591; x_wconf 74' lang='lat' dir='ltr'><strong>vigilum</strong></span> <span class='ocrx_word' id='word_1_158' title='bbox 1344 1538 1632 1594; x_wconf 79' lang='lat' dir='ltr'><strong>praefectus.</strong></span> <span class='ocrx_word' id='word_1_159' title='bbox 1715 1539 1792 1582; x_wconf 83' lang='lat' dir='ltr'><strong>Sic</strong></span> <span class='ocrx_word' id='word_1_160' title='bbox 1837 1540 1941 1585; x_wconf 86' lang='lat' dir='ltr'><strong>MS.</strong></span> 
     </span>
     <span class='ocr_line' id='line_1_26' title="bbox 1052 1592 1941 1653; baseline 0.004 -17"><span class='ocrx_word' id='word_1_161' title='bbox 1052 1592 1205 1638; x_wconf 84' lang='lat' dir='ltr'><strong>Guelf.</strong></span> <span class='ocrx_word' id='word_1_162' title='bbox 1240 1594 1342 1637; x_wconf 87' lang='lat' dir='ltr'><strong>edd.</strong></span> <span class='ocrx_word' id='word_1_163' title='bbox 1374 1594 1476 1638; x_wconf 75' lang='lat' dir='ltr'><strong>Put.</strong></span> <span class='ocrx_word' id='word_1_164' title='bbox 1502 1595 1570 1637; x_wconf 89' lang='lat' dir='ltr'><strong>M.</strong></span> <span class='ocrx_word' id='word_1_165' title='bbox 1599 1604 1642 1638; x_wconf 79' lang='lat' dir='ltr'><strong>et</strong></span> <span class='ocrx_word' id='word_1_166' title='bbox 1661 1594 1718 1638; x_wconf 91' lang='lat' dir='ltr'><strong>V.</strong></span> <span class='ocrx_word' id='word_1_167' title='bbox 1741 1596 1846 1640; x_wconf 83' lang='lat' dir='ltr'><strong>Ber.</strong></span> <span class='ocrx_word' id='word_1_168' title='bbox 1883 1599 1941 1653; x_wconf 91' lang='lat' dir='ltr'><strong>(c.</strong></span> 
     </span>
     <span class='ocr_line' id='line_1_27' title="bbox 1051 1651 1943 1722; baseline 0.003 -28"><span class='ocrx_word' id='word_1_169' title='bbox 1051 1651 1117 1694; x_wconf 87' lang='lat' dir='ltr'><strong>sil.</strong></span> <span class='ocrx_word' id='word_1_170' title='bbox 1138 1652 1276 1706; x_wconf 75' lang='lat' dir='ltr'><strong>vict.)</strong></span> <span class='ocrx_word' id='word_1_171' title='bbox 1312 1652 1415 1695; x_wconf 83' lang='lat' dir='ltr'><strong>Alc.</strong></span> <span class='ocrx_word' id='word_1_172' title='bbox 1444 1651 1649 1696; x_wconf 85' lang='lat' dir='ltr'><strong>Rhenan.</strong></span> <span class='ocrx_word' id='word_1_173' title='bbox 1673 1670 1692 1696; x_wconf 95' lang='lat' dir='ltr'><strong>s</strong></span> <span class='ocrx_word' id='word_1_174' title='bbox 1725 1669 1770 1722; x_wconf 72' lang='lat' dir='ltr'><strong>q.</strong></span> <span class='ocrx_word' id='word_1_175' title='bbox 1842 1655 1943 1698; x_wconf 65' lang='lat' dir='ltr'><strong>MS·-</strong></span> 
     </span>
     <span class='ocr_line' id='line_1_28' title="bbox 1051 1669 1942 1770; baseline 0.006 -20"><span class='ocrx_word' id='word_1_176' title='bbox 1051 1708 1166 1751; x_wconf 90' lang='lat' dir='ltr'><strong>Bud.</strong></span> <span class='ocrx_word' id='word_1_177' title='bbox 1192 1709 1358 1762; x_wconf 76' lang='lat' dir='ltr'><strong>m&#39;giliis</strong></span> <span class='ocrx_word' id='word_1_178' title='bbox 1371 1710 1651 1765; x_wconf 73' lang='lat' dir='ltr'><strong>praefectus.</strong></span> <span class='ocrx_word' id='word_1_179' title='bbox 1696 1669 1796 1754; x_wconf 53' lang='lat' dir='ltr'><strong>(iul.</strong></span> <span class='ocrx_word' id='word_1_180' title='bbox 1820 1711 1942 1770; x_wconf 86' lang='lat' dir='ltr'><strong>Spir.</strong></span> 
     </span>
     <span class='ocr_line' id='line_1_29' title="bbox 1053 1766 1569 1821; baseline -0.002 -13"><span class='ocrx_word' id='word_1_181' title='bbox 1053 1766 1270 1818; x_wconf 73' lang='lat' dir='ltr'><strong>Virgilius</strong></span> <span class='ocrx_word' id='word_1_182' title='bbox 1285 1767 1569 1821; x_wconf 81' lang='lat' dir='ltr'><strong>praefectus.</strong></span> 
     </span>
    </p>

    <p class='ocr_par' dir='ltr' id='par_1_8' title="bbox 1107 1822 1945 1878">
     <span class='ocr_line' id='line_1_30' title="bbox 1107 1822 1945 1878; baseline 0.005 -14"><span class='ocrx_word' id='word_1_183' title='bbox 1107 1823 1273 1878; x_wconf 83' lang='lat' dir='ltr'><strong>Rufus.</strong></span> <span class='ocrx_word' id='word_1_184' title='bbox 1331 1823 1408 1865; x_wconf 84' lang='lat' dir='ltr'><strong>Sic</strong></span> <span class='ocrx_word' id='word_1_185' title='bbox 1430 1822 1701 1874; x_wconf 28' lang='lat' dir='ltr'><strong>MS.·Guelf.</strong></span> <span class='ocrx_word' id='word_1_186' title='bbox 1725 1824 1825 1867; x_wconf 89' lang='lat' dir='ltr'><strong>edd.</strong></span> <span class='ocrx_word' id='word_1_187' title='bbox 1840 1825 1945 1870; x_wconf 82' lang='lat' dir='ltr'><strong>Ber.</strong></span> 
     </span>
    </p>
   </div>
   <div class='ocr_carea' id='block_1_8' title="bbox 90 1880 979 2335">
    <p class='ocr_par' dir='ltr' id='par_1_9' title="bbox 90 1880 979 2335">
     <span class='ocr_line' id='line_1_31' title="bbox 94 1880 979 1939; baseline 0 -15"><span class='ocrx_word' id='word_1_188' title='bbox 94 1890 226 1925; x_wconf 84' lang='lat' dir='ltr'><strong>exstat</strong></span> <span class='ocrx_word' id='word_1_189' title='bbox 242 1881 287 1923; x_wconf 89' lang='lat' dir='ltr'><strong>in</strong></span> <span class='ocrx_word' id='word_1_190' title='bbox 301 1880 450 1924; x_wconf 84' lang='lat' dir='ltr'><strong>Guelf.</strong></span> <span class='ocrx_word' id='word_1_191' title='bbox 490 1880 708 1939; x_wconf 80' lang='lat' dir='ltr'><strong>Expunxit</strong></span> <span class='ocrx_word' id='word_1_192' title='bbox 722 1880 979 1924; x_wconf 81' lang='lat' dir='ltr'><strong>Rhenanus.</strong></span> 
     </span>
     <span class='ocr_line' id='line_1_32' title="bbox 91 1936 977 1996; baseline -0.001 -15"><span class='ocrx_word' id='word_1_193' title='bbox 91 1937 310 1996; x_wconf 82' lang='lat' dir='ltr'><strong>Reposuit</strong></span> <span class='ocrx_word' id='word_1_194' title='bbox 339 1938 529 1996; x_wconf 89' lang='lat' dir='ltr'><strong>Lipsius.</strong></span> <span class='ocrx_word' id='word_1_195' title='bbox 592 1936 840 1980; x_wconf 83' lang='lat' dir='ltr'><strong>Oberlinus</strong></span> <span class='ocrx_word' id='word_1_196' title='bbox 874 1954 977 1980; x_wconf 87' lang='lat' dir='ltr'><strong>cum</strong></span> 
     </span>
     <span class='ocr_line' id='line_1_33' title="bbox 90 1995 978 2052; baseline -0.002 -14"><span class='ocrx_word' id='word_1_197' title='bbox 90 1995 377 2039; x_wconf 80' lang='lat' dir='ltr'><strong>Lallemando</strong></span> <span class='ocrx_word' id='word_1_198' title='bbox 407 2003 531 2052; x_wconf 84' lang='lat' dir='ltr'><strong>putat</strong></span> <span class='ocrx_word' id='word_1_199' title='bbox 562 1995 608 2036; x_wconf 92' lang='lat' dir='ltr'><strong>in</strong></span> <span class='ocrx_word' id='word_1_200' title='bbox 630 1996 896 2051; x_wconf 83' lang='lat' dir='ltr'><strong>confessum</strong></span> <span class='ocrx_word' id='word_1_201' title='bbox 918 1995 978 2037; x_wconf 89' lang='lat' dir='ltr'><strong>la-</strong></span> 
     </span>
     <span class='ocr_line' id='line_1_34' title="bbox 90 2052 978 2096; baseline 0 -1"><span class='ocrx_word' id='word_1_202' title='bbox 90 2062 186 2096; x_wconf 78' lang='lat' dir='ltr'><strong>tere</strong></span> <span class='ocrx_word' id='word_1_203' title='bbox 231 2069 396 2095; x_wconf 86' lang='lat' dir='ltr'><strong>nomen</strong></span> <span class='ocrx_word' id='word_1_204' title='bbox 439 2053 670 2095; x_wconf 81' lang='lat' dir='ltr'><strong>cuiusdam</strong></span> <span class='ocrx_word' id='word_1_205' title='bbox 708 2068 731 2094; x_wconf 92' lang='lat' dir='ltr'><strong>e</strong></span> <span class='ocrx_word' id='word_1_206' title='bbox 771 2052 978 2096; x_wconf 86' lang='lat' dir='ltr'><strong>consciis.</strong></span> 
     </span>
     <span class='ocr_line' id='line_1_35' title="bbox 90 2107 977 2154; baseline -0.001 -1"><span class='ocrx_word' id='word_1_207' title='bbox 90 2109 181 2153; x_wconf 81' lang='lat' dir='ltr'><strong>Sed</strong></span> <span class='ocrx_word' id='word_1_208' title='bbox 225 2110 333 2153; x_wconf 81' lang='lat' dir='ltr'><strong>haec</strong></span> <span class='ocrx_word' id='word_1_209' title='bbox 382 2109 641 2154; x_wconf 83' lang='lat' dir='ltr'><strong>coniectura</strong></span> <span class='ocrx_word' id='word_1_210' title='bbox 691 2107 795 2152; x_wconf 75' lang='lat' dir='ltr'><strong>satis</strong></span> <span class='ocrx_word' id='word_1_211' title='bbox 843 2109 977 2153; x_wconf 85' lang='lat' dir='ltr'><strong>dubia</strong></span> 
     </span>
     <span class='ocr_line' id='line_1_36' title="bbox 91 2167 977 2224; baseline -0.002 -13"><span class='ocrx_word' id='word_1_212' title='bbox 91 2183 186 2212; x_wconf 86' lang='lat' dir='ltr'><strong>esse</strong></span> <span class='ocrx_word' id='word_1_213' title='bbox 215 2168 410 2216; x_wconf 82' lang='lat' dir='ltr'><strong>videtur,</strong></span> <span class='ocrx_word' id='word_1_214' title='bbox 450 2183 587 2224; x_wconf 83' lang='lat' dir='ltr'><strong>quum</strong></span> <span class='ocrx_word' id='word_1_215' title='bbox 620 2167 879 2221; x_wconf 84' lang='lat' dir='ltr'><strong>confessum</strong></span> <span class='ocrx_word' id='word_1_216' title='bbox 913 2167 977 2223; x_wconf 86' lang='lat' dir='ltr'><strong>(h.</strong></span> 
     </span>
     <span class='ocr_line' id='line_1_37' title="bbox 90 2224 975 2282; baseline -0.001 -14"><span class='ocrx_word' id='word_1_217' title='bbox 90 2241 130 2267; x_wconf 88' lang='lat' dir='ltr'><strong>e.</strong></span> <span class='ocrx_word' id='word_1_218' title='bbox 161 2235 394 2282; x_wconf 83' lang='lat' dir='ltr'><strong>postquam</strong></span> <span class='ocrx_word' id='word_1_219' title='bbox 417 2224 632 2267; x_wconf 84' lang='lat' dir='ltr'><strong>indicium</strong></span> <span class='ocrx_word' id='word_1_220' title='bbox 657 2224 855 2268; x_wconf 76' lang='lat' dir='ltr'><strong>oblatum</strong></span> <span class='ocrx_word' id='word_1_221' title='bbox 882 2225 975 2268; x_wconf 86' lang='lat' dir='ltr'><strong>edi·</strong></span> 
     </span>
     <span class='ocr_line' id='line_1_38' title="bbox 91 2281 977 2335; baseline 0 -10"><span class='ocrx_word' id='word_1_222' title='bbox 91 2283 235 2335; x_wconf 82' lang='lat' dir='ltr'><strong>derat)</strong></span> <span class='ocrx_word' id='word_1_223' title='bbox 263 2299 356 2327; x_wconf 85' lang='lat' dir='ltr'><strong>non</strong></span> <span class='ocrx_word' id='word_1_224' title='bbox 381 2283 437 2325; x_wconf 86' lang='lat' dir='ltr'><strong>sit</strong></span> <span class='ocrx_word' id='word_1_225' title='bbox 458 2281 651 2324; x_wconf 82' lang='lat' dir='ltr'><strong>alienum</strong></span> <span class='ocrx_word' id='word_1_226' title='bbox 674 2282 727 2323; x_wconf 81' lang='lat' dir='ltr'><strong>ab</strong></span> <span class='ocrx_word' id='word_1_227' title='bbox 751 2282 839 2325; x_wconf 88' lang='lat' dir='ltr'><strong>hoc</strong></span> <span class='ocrx_word' id='word_1_228' title='bbox 859 2283 977 2326; x_wconf 86' lang='lat' dir='ltr'><strong>loeo.</strong></span> 
     </span>
    </p>
   </div>
   <div class='ocr_carea' id='block_1_9' title="bbox 90 2338 982 3028">
    <p class='ocr_par' dir='ltr' id='par_1_10' title="bbox 90 2338 979 2440">
     <span class='ocr_line' id='line_1_39' title="bbox 151 2338 979 2384; baseline 0.001 -2"><span class='ocrx_word' id='word_1_229' title='bbox 151 2340 390 2384; x_wconf 81' lang='lat' dir='ltr'><strong>Urbicum.</strong></span> <span class='ocrx_word' id='word_1_230' title='bbox 452 2338 558 2382; x_wconf 90' lang='lat' dir='ltr'><strong>MS.</strong></span> <span class='ocrx_word' id='word_1_231' title='bbox 589 2338 740 2382; x_wconf 85' lang='lat' dir='ltr'><strong>Guelf.</strong></span> <span class='ocrx_word' id='word_1_232' title='bbox 776 2340 979 2384; x_wconf 79' lang='lat' dir='ltr'><strong>Vibium.</strong></span> 
     </span>
     <span class='ocr_line' id='line_1_40' title="bbox 90 2396 610 2440; baseline -0.002 0"><span class='ocrx_word' id='word_1_233' title='bbox 90 2396 173 2440; x_wconf 89' lang='lat' dir='ltr'><strong>Ed.</strong></span> <span class='ocrx_word' id='word_1_234' title='bbox 199 2397 299 2439; x_wconf 85' lang='lat' dir='ltr'><strong>Put.</strong></span> <span class='ocrx_word' id='word_1_235' title='bbox 324 2396 381 2439; x_wconf 92' lang='lat' dir='ltr'><strong>V.</strong></span> <span class='ocrx_word' id='word_1_236' title='bbox 403 2399 610 2439; x_wconf 82' lang='lat' dir='ltr'><strong>uibicum.</strong></span> 
     </span>
    </p>

    <p class='ocr_par' dir='ltr' id='par_1_11' title="bbox 90 2452 981 2624">
     <span class='ocr_line' id='line_1_41' title="bbox 150 2452 980 2509; baseline 0.005 -14"><span class='ocrx_word' id='word_1_237' title='bbox 150 2455 428 2508; x_wconf 83' lang='lat' dir='ltr'><strong>Saufellum.</strong></span> <span class='ocrx_word' id='word_1_238' title='bbox 477 2453 558 2497; x_wconf 89' lang='lat' dir='ltr'><strong>Ed.</strong></span> <span class='ocrx_word' id='word_1_239' title='bbox 572 2452 601 2494; x_wconf 86' lang='lat' dir='ltr'><strong>S</strong></span> <span class='ocrx_word' id='word_1_240' title='bbox 607 2454 688 2509; x_wconf 77' lang='lat' dir='ltr'><strong>pir.</strong></span> <span class='ocrx_word' id='word_1_241' title='bbox 703 2455 980 2509; x_wconf 80' lang='lat' dir='ltr'><strong>Saufelium.</strong></span> 
     </span>
     <span class='ocr_line' id='line_1_42' title="bbox 92 2510 981 2567; baseline 0.003 -14"><span class='ocrx_word' id='word_1_242' title='bbox 92 2511 170 2554; x_wconf 82' lang='lat' dir='ltr'><strong>Sic</strong></span> <span class='ocrx_word' id='word_1_243' title='bbox 191 2519 232 2553; x_wconf 87' lang='lat' dir='ltr'><strong>et</strong></span> <span class='ocrx_word' id='word_1_244' title='bbox 252 2511 352 2553; x_wconf 85' lang='lat' dir='ltr'><strong>MS.</strong></span> <span class='ocrx_word' id='word_1_245' title='bbox 368 2510 470 2552; x_wconf 82' lang='lat' dir='ltr'><strong>Vat.</strong></span> <span class='ocrx_word' id='word_1_246' title='bbox 498 2510 656 2567; x_wconf 84' lang='lat' dir='ltr'><strong>Lipsii,</strong></span> <span class='ocrx_word' id='word_1_247' title='bbox 692 2511 767 2567; x_wconf 91' lang='lat' dir='ltr'><strong>qui</strong></span> <span class='ocrx_word' id='word_1_248' title='bbox 790 2512 981 2556; x_wconf 81' lang='lat' dir='ltr'><strong>malebat</strong></span> 
     </span>
     <span class='ocr_line' id='line_1_43' title="bbox 90 2567 936 2624; baseline 0.002 -14"><span class='ocrx_word' id='word_1_249' title='bbox 90 2567 352 2624; x_wconf 80' lang='lat' dir='ltr'><strong>Saufeium.</strong></span> <span class='ocrx_word' id='word_1_250' title='bbox 413 2568 512 2610; x_wconf 78' lang='lat' dir='ltr'><strong>MS.</strong></span> <span class='ocrx_word' id='word_1_251' title='bbox 536 2568 650 2610; x_wconf 80' lang='lat' dir='ltr'><strong>Bud.</strong></span> <span class='ocrx_word' id='word_1_252' title='bbox 676 2569 936 2622; x_wconf 80' lang='lat' dir='ltr'><strong>Saufelum.</strong></span> 
     </span>
    </p>

    <p class='ocr_par' dir='ltr' id='par_1_12' title="bbox 93 2624 982 3028">
     <span class='ocr_line' id='line_1_44' title="bbox 150 2624 981 2671; baseline 0.005 -4"><span class='ocrx_word' id='word_1_253' title='bbox 150 2626 294 2671; x_wconf 83' lang='lat' dir='ltr'><strong>tradi.</strong></span> <span class='ocrx_word' id='word_1_254' title='bbox 385 2624 462 2667; x_wconf 84' lang='lat' dir='ltr'><strong>Sic</strong></span> <span class='ocrx_word' id='word_1_255' title='bbox 493 2625 628 2670; x_wconf 85' lang='lat' dir='ltr'><strong>MSS.</strong></span> <span class='ocrx_word' id='word_1_256' title='bbox 674 2627 788 2669; x_wconf 88' lang='lat' dir='ltr'><strong>Bud.</strong></span> <span class='ocrx_word' id='word_1_257' title='bbox 831 2625 981 2671; x_wconf 85' lang='lat' dir='ltr'><strong>Guelf.</strong></span> 
     </span>
     <span class='ocr_line' id='line_1_45' title="bbox 94 2681 978 2739; baseline 0.003 -15"><span class='ocrx_word' id='word_1_258' title='bbox 94 2681 194 2725; x_wconf 89' lang='lat' dir='ltr'><strong>edd.</strong></span> <span class='ocrx_word' id='word_1_259' title='bbox 226 2681 342 2739; x_wconf 84' lang='lat' dir='ltr'><strong>Spir.</strong></span> <span class='ocrx_word' id='word_1_260' title='bbox 375 2682 479 2725; x_wconf 85' lang='lat' dir='ltr'><strong>Put.</strong></span> <span class='ocrx_word' id='word_1_261' title='bbox 515 2683 578 2727; x_wconf 57' lang='lat' dir='ltr'><strong>M.</strong></span> <span class='ocrx_word' id='word_1_262' title='bbox 609 2683 725 2726; x_wconf 89' lang='lat' dir='ltr'><strong>etV.</strong></span> <span class='ocrx_word' id='word_1_263' title='bbox 765 2684 978 2728; x_wconf 79' lang='lat' dir='ltr'><strong>Beroald.</strong></span> 
     </span>
     <span class='ocr_line' id='line_1_46' title="bbox 93 2738 982 2794; baseline 0.006 -14"><span class='ocrx_word' id='word_1_264' title='bbox 93 2743 216 2793; x_wconf 74' lang='lat' dir='ltr'><strong>(cum</strong></span> <span class='ocrx_word' id='word_1_265' title='bbox 241 2738 308 2783; x_wconf 88' lang='lat' dir='ltr'><strong>sil.</strong></span> <span class='ocrx_word' id='word_1_266' title='bbox 331 2739 472 2794; x_wconf 81' lang='lat' dir='ltr'><strong>Viet.)</strong></span> <span class='ocrx_word' id='word_1_267' title='bbox 503 2739 601 2782; x_wconf 84' lang='lat' dir='ltr'><strong>Alc.</strong></span> <span class='ocrx_word' id='word_1_268' title='bbox 626 2740 767 2783; x_wconf 77' lang='lat' dir='ltr'><strong>Rhen.</strong></span> <span class='ocrx_word' id='word_1_269' title='bbox 791 2742 893 2785; x_wconf 85' lang='lat' dir='ltr'><strong>Ald.</strong></span> <span class='ocrx_word' id='word_1_270' title='bbox 924 2771 982 2778; x_wconf 91' lang='lat'><strong>—-</strong></span> 
     </span>
     <span class='ocr_line' id='line_1_47' title="bbox 94 2796 980 2854; baseline 0.007 -17"><span class='ocrx_word' id='word_1_271' title='bbox 94 2797 226 2838; x_wconf 77' lang='lat' dir='ltr'><strong>trahi</strong></span> <span class='ocrx_word' id='word_1_272' title='bbox 281 2796 442 2839; x_wconf 84' lang='lat' dir='ltr'><strong>dedere</strong></span> <span class='ocrx_word' id='word_1_273' title='bbox 502 2806 736 2854; x_wconf 82' lang='lat' dir='ltr'><strong>sequentes</strong></span> <span class='ocrx_word' id='word_1_274' title='bbox 788 2801 980 2843; x_wconf 81' lang='lat' dir='ltr'><strong>editores</strong></span> 
     </span>
     <span class='ocr_line' id='line_1_48' title="bbox 96 2852 981 2912; baseline 0.003 -15"><span class='ocrx_word' id='word_1_275' title='bbox 96 2853 232 2912; x_wconf 78' lang='lat' dir='ltr'><strong>(Lips.</strong></span> <span class='ocrx_word' id='word_1_276' title='bbox 254 2852 378 2896; x_wconf 79' lang='lat' dir='ltr'><strong>Pich.</strong></span> <span class='ocrx_word' id='word_1_277' title='bbox 401 2855 506 2907; x_wconf 85' lang='lat' dir='ltr'><strong>etc.)</strong></span> <span class='ocrx_word' id='word_1_278' title='bbox 538 2870 560 2895; x_wconf 88' lang='lat' dir='ltr'><strong>e</strong></span> <span class='ocrx_word' id='word_1_279' title='bbox 587 2856 846 2898; x_wconf 85' lang='lat' dir='ltr'><strong>coniectura</strong></span> <span class='ocrx_word' id='word_1_280' title='bbox 869 2856 981 2900; x_wconf 82' lang='lat' dir='ltr'><strong>Rhe-</strong></span> 
     </span>
     <span class='ocr_line' id='line_1_49' title="bbox 96 2910 979 2957; baseline 0.005 -5"><span class='ocrx_word' id='word_1_281' title='bbox 96 2910 215 2953; x_wconf 86' lang='lat' dir='ltr'><strong>nani.</strong></span> <span class='ocrx_word' id='word_1_282' title='bbox 274 2911 360 2954; x_wconf 85' lang='lat' dir='ltr'><strong>Sed</strong></span> <span class='ocrx_word' id='word_1_283' title='bbox 387 2927 466 2954; x_wconf 90' lang='lat' dir='ltr'><strong>cur</strong></span> <span class='ocrx_word' id='word_1_284' title='bbox 486 2927 578 2953; x_wconf 88' lang='lat' dir='ltr'><strong>non</strong></span> <span class='ocrx_word' id='word_1_285' title='bbox 602 2914 767 2955; x_wconf 79' lang='lat' dir='ltr'><strong>tradi?</strong></span> <span class='ocrx_word' id='word_1_286' title='bbox 801 2913 979 2957; x_wconf 69' lang='lat' dir='ltr'><strong>efisae-</strong></span> 
     </span>
     <span class='ocr_line' id='line_1_50' title="bbox 95 2966 982 3028; baseline 0.008 -21"><span class='ocrx_word' id='word_1_287' title='bbox 95 2973 189 3010; x_wconf 77' lang='lat' dir='ltr'><strong>ton.</strong></span> <span class='ocrx_word' id='word_1_288' title='bbox 217 2966 355 3024; x_wconf 83' lang='lat' dir='ltr'><strong>Calig.</strong></span> <span class='ocrx_word' id='word_1_289' title='bbox 391 2985 430 3010; x_wconf 89' lang='lat' dir='ltr'><strong>c.</strong></span> <span class='ocrx_word' id='word_1_290' title='bbox 456 2966 526 3012; x_wconf 76' lang='grc'><strong>32.</strong></span> <span class='ocrx_word' id='word_1_291' title='bbox 556 2983 742 3013; x_wconf 72' lang='lat' dir='ltr'><strong>seruum</strong></span> <span class='ocrx_word' id='word_1_292' title='bbox 775 2973 982 3028; x_wconf 75' lang='lat' dir='ltr'><strong>carnifici</strong></span> 
     </span>
    </p>
   </div>
   <div class='ocr_carea' id='block_1_10' title="bbox 16 3025 977 3083">
    <p class='ocr_par' dir='ltr' id='par_1_13' title="bbox 16 3025 977 3083">
     <span class='ocr_line' id='line_1_51' title="bbox 16 3025 977 3083; baseline 0.014 -23"><span class='ocrx_word' id='word_1_293' title='bbox 16 3055 17 3060; x_wconf 73' lang='grc'>,</span> <span class='ocrx_word' id='word_1_294' title='bbox 99 3025 331 3083; x_wconf 81' lang='lat' dir='ltr'><strong>confestim</strong></span> <span class='ocrx_word' id='word_1_295' title='bbox 357 3028 563 3069; x_wconf 78' lang='lat' dir='ltr'><strong>tradidit.</strong></span> <span class='ocrx_word' id='word_1_296' title='bbox 625 3027 689 3068; x_wconf 90' lang='lat' dir='ltr'><strong>Id.</strong></span> <span class='ocrx_word' id='word_1_297' title='bbox 717 3027 810 3070; x_wconf 83' lang='lat' dir='ltr'><strong>Vit:</strong></span> <span class='ocrx_word' id='word_1_298' title='bbox 843 3043 882 3071; x_wconf 89' lang='lat' dir='ltr'><strong>c.</strong></span> <span class='ocrx_word' id='word_1_299' title='bbox 910 3030 977 3074; x_wconf 80' lang='lat'><strong>14.</strong></span> 
     </span>
    </p>
   </div>
   <div class='ocr_carea' id='block_1_11' title="bbox 97 3084 984 3590">
    <p class='ocr_par' dir='ltr' id='par_1_14' title="bbox 97 3084 984 3590">
     <span class='ocr_line' id='line_1_52' title="bbox 99 3084 833 3139; baseline 0.007 -17"><span class='ocrx_word' id='word_1_300' title='bbox 99 3084 328 3139; x_wconf 78' lang='lat' dir='ltr'><strong>quendam</strong></span> <span class='ocrx_word' id='word_1_301' title='bbox 348 3085 562 3137; x_wconf 72' lang='lat' dir='ltr'><strong>supplicio</strong></span> <span class='ocrx_word' id='word_1_302' title='bbox 587 3084 833 3128; x_wconf 83' lang='lat' dir='ltr'><strong>traditum.</strong></span> 
     </span>
     <span class='ocr_line' id='line_1_53' title="bbox 154 3137 980 3198; baseline 0.007 -19"><span class='ocrx_word' id='word_1_303' title='bbox 154 3137 366 3182; x_wconf 75' lang='lat' dir='ltr'><strong>Decrius.</strong></span> <span class='ocrx_word' id='word_1_304' title='bbox 438 3141 514 3183; x_wconf 84' lang='lat' dir='ltr'><strong>Sic</strong></span> <span class='ocrx_word' id='word_1_305' title='bbox 535 3141 672 3183; x_wconf 77' lang='lat' dir='ltr'><strong>MSS.</strong></span> <span class='ocrx_word' id='word_1_306' title='bbox 709 3141 829 3185; x_wconf 83' lang='lat' dir='ltr'><strong>Flor.</strong></span> <span class='ocrx_word' id='word_1_307' title='bbox 861 3145 980 3198; x_wconf 75' lang='lat' dir='ltr'><strong>(test.</strong></span> 
     </span>
     <span class='ocr_line' id='line_1_54' title="bbox 97 3191 982 3255; baseline 0.008 -20"><span class='ocrx_word' id='word_1_308' title='bbox 97 3191 239 3249; x_wconf 81' lang='lat' dir='ltr'><strong>vict.)</strong></span> <span class='ocrx_word' id='word_1_309' title='bbox 272 3196 384 3242; x_wconf 86' lang='lat' dir='ltr'><strong>Bud.</strong></span> <span class='ocrx_word' id='word_1_310' title='bbox 419 3196 497 3251; x_wconf 82' lang='lat' dir='ltr'><strong>(cf.</strong></span> <span class='ocrx_word' id='word_1_311' title='bbox 525 3196 566 3249; x_wconf 82' lang='lat'><strong>3,</strong></span> <span class='ocrx_word' id='word_1_312' title='bbox 590 3199 700 3253; x_wconf 64' lang='lat' dir='ltr'><strong>Qu).</strong></span> <span class='ocrx_word' id='word_1_313' title='bbox 757 3197 840 3242; x_wconf 85' lang='lat' dir='ltr'><strong>Ed.</strong></span> <span class='ocrx_word' id='word_1_314' title='bbox 863 3199 982 3255; x_wconf 86' lang='lat' dir='ltr'><strong>Spir.</strong></span> 
     </span>
     <span class='ocr_line' id='line_1_55' title="bbox 130 3253 980 3306; baseline 0.004 -10"><span class='ocrx_word' id='word_1_315' title='bbox 130 3267 255 3296; x_wconf 83' lang='lat' dir='ltr'><strong>arum</strong></span> <span class='ocrx_word' id='word_1_316' title='bbox 295 3253 440 3306; x_wconf 85' lang='lat' dir='ltr'><strong>abest,</strong></span> <span class='ocrx_word' id='word_1_317' title='bbox 490 3254 598 3296; x_wconf 87' lang='lat' dir='ltr'><strong>dum</strong></span> <span class='ocrx_word' id='word_1_318' title='bbox 641 3255 731 3298; x_wconf 83' lang='lat' dir='ltr'><strong>edit</strong></span> <span class='ocrx_word' id='word_1_319' title='bbox 763 3257 980 3300; x_wconf 74' lang='lat' dir='ltr'><strong>Decrius.</strong></span> 
     </span>
     <span class='ocr_line' id='line_1_56' title="bbox 119 3307 982 3357; baseline 0.009 -8"><span class='ocrx_word' id='word_1_320' title='bbox 119 3307 337 3356; x_wconf 64' lang='lat' dir='ltr'><strong>‘dd.·Put.</strong></span> <span class='ocrx_word' id='word_1_321' title='bbox 372 3311 438 3352; x_wconf 90' lang='lat' dir='ltr'><strong>M.</strong></span> <span class='ocrx_word' id='word_1_322' title='bbox 466 3318 510 3352; x_wconf 87' lang='lat' dir='ltr'><strong>et</strong></span> <span class='ocrx_word' id='word_1_323' title='bbox 531 3309 591 3354; x_wconf 92' lang='lat' dir='ltr'><strong>V.</strong></span> <span class='ocrx_word' id='word_1_324' title='bbox 625 3312 794 3356; x_wconf 82' lang='lat' dir='ltr'><strong>Decus.</strong></span> <span class='ocrx_word' id='word_1_325' title='bbox 868 3313 982 3357; x_wconf 88' lang='lat' dir='ltr'><strong>Edd.</strong></span> 
     </span>
     <span class='ocr_line' id='line_1_57' title="bbox 99 3363 984 3429; baseline 0.007 -22"><span class='ocrx_word' id='word_1_326' title='bbox 99 3363 205 3409; x_wconf 83' lang='lat' dir='ltr'><strong>Ber.</strong></span> <span class='ocrx_word' id='word_1_327' title='bbox 222 3366 318 3410; x_wconf 82' lang='lat' dir='ltr'><strong>Alc.</strong></span> <span class='ocrx_word' id='word_1_328' title='bbox 340 3367 481 3411; x_wconf 87' lang='lat' dir='ltr'><strong>Rhen.</strong></span> <span class='ocrx_word' id='word_1_329' title='bbox 505 3383 601 3424; x_wconf 82' lang='lat' dir='ltr'><strong>sqq.</strong></span> <span class='ocrx_word' id='word_1_330' title='bbox 626 3370 821 3420; x_wconf 81' lang='lat' dir='ltr'><strong>Decius,</strong></span> <span class='ocrx_word' id='word_1_331' title='bbox 860 3371 984 3429; x_wconf 88' lang='lat' dir='ltr'><strong>quod</strong></span> 
     </span>
     <span class='ocr_line' id='line_1_58' title="bbox 100 3418 981 3480; baseline 0.008 -17"><span class='ocrx_word' id='word_1_332' title='bbox 100 3418 232 3465; x_wconf 80' lang='lat' dir='ltr'><strong>hodie</strong></span> <span class='ocrx_word' id='word_1_333' title='bbox 254 3425 468 3480; x_wconf 83' lang='lat' dir='ltr'><strong>vulgatur.</strong></span> <span class='ocrx_word' id='word_1_334' title='bbox 527 3425 626 3469; x_wconf 83' lang='lat' dir='ltr'><strong>MS.</strong></span> <span class='ocrx_word' id='word_1_335' title='bbox 639 3425 786 3469; x_wconf 77' lang='lat' dir='ltr'><strong>Guelf.</strong></span> <span class='ocrx_word' id='word_1_336' title='bbox 801 3427 981 3470; x_wconf 78' lang='lat' dir='ltr'><strong>Detius.</strong></span> 
     </span>
     <span class='ocr_line' id='line_1_59' title="bbox 159 3477 982 3532; baseline 0.009 -12"><span class='ocrx_word' id='word_1_337' title='bbox 159 3477 518 3532; x_wconf 81' lang='lat' dir='ltr'><strong>Calpurnianus.</strong></span> <span class='ocrx_word' id='word_1_338' title='bbox 578 3482 654 3526; x_wconf 84' lang='lat' dir='ltr'><strong>Sic</strong></span> <span class='ocrx_word' id='word_1_339' title='bbox 684 3482 820 3527; x_wconf 87' lang='lat' dir='ltr'><strong>MSS.</strong></span> <span class='ocrx_word' id='word_1_340' title='bbox 857 3483 982 3528; x_wconf 78' lang='lat' dir='ltr'><strong>Flor.</strong></span> 
     </span>
     <span class='ocr_line' id='line_1_60' title="bbox 102 3535 984 3590; baseline 0.008 -14"><span class='ocrx_word' id='word_1_341' title='bbox 102 3537 219 3590; x_wconf 71' lang='lat' dir='ltr'><strong>(test.</strong></span> <span class='ocrx_word' id='word_1_342' title='bbox 237 3535 373 3590; x_wconf 78' lang='lat' dir='ltr'><strong>Viot.)</strong></span> <span class='ocrx_word' id='word_1_343' title='bbox 395 3540 512 3582; x_wconf 87' lang='lat' dir='ltr'><strong>Bud.</strong></span> <span class='ocrx_word' id='word_1_344' title='bbox 543 3538 643 3583; x_wconf 84' lang='lat' dir='ltr'><strong>edd.</strong></span> <span class='ocrx_word' id='word_1_345' title='bbox 667 3548 854 3583; x_wconf 83' lang='lat' dir='ltr'><strong>recentt.</strong></span> <span class='ocrx_word' id='word_1_346' title='bbox 878 3538 984 3583; x_wconf 87' lang='lat' dir='ltr'><strong>inde</strong></span> 
     </span>
    </p>
   </div>
   <div class='ocr_carea' id='block_1_12' title="bbox 102 3591 985 3653">
    <p class='ocr_par' dir='ltr' id='par_1_15' title="bbox 102 3591 985 3653">
     <span class='ocr_line' id='line_1_61' title="bbox 102 3591 985 3653; baseline 0.007 -19"><span class='ocrx_word' id='word_1_347' title='bbox 102 3606 128 3635; x_wconf 86' lang='lat' dir='ltr'><strong>a</strong></span> <span class='ocrx_word' id='word_1_348' title='bbox 176 3591 307 3652; x_wconf 84' lang='lat' dir='ltr'><strong>Lipsii</strong></span> <span class='ocrx_word' id='word_1_349' title='bbox 362 3594 518 3653; x_wconf 76' lang='lat' dir='ltr'><strong>prima.</strong></span> <span class='ocrx_word' id='word_1_350' title='bbox 611 3597 985 3649; x_wconf 69' lang='lat' dir='ltr'><strong>Calplzurnianus</strong></span> 
     </span>
    </p>
   </div>
   <div class='ocr_carea' id='block_1_13' title="bbox 1047 1878 1990 3653">
    <p class='ocr_par' dir='ltr' id='par_1_16' title="bbox 1050 1878 1943 1992">
     <span class='ocr_line' id='line_1_62' title="bbox 1054 1878 1943 1942; baseline 0.006 -20"><span class='ocrx_word' id='word_1_351' title='bbox 1054 1882 1115 1936; x_wconf 89' lang='lat' dir='ltr'><strong>(c.</strong></span> <span class='ocrx_word' id='word_1_352' title='bbox 1141 1880 1321 1923; x_wconf 84' lang='lat' dir='ltr'><strong>silentio</strong></span> <span class='ocrx_word' id='word_1_353' title='bbox 1342 1878 1483 1936; x_wconf 84' lang='lat' dir='ltr'><strong>Vict.)</strong></span> <span class='ocrx_word' id='word_1_354' title='bbox 1526 1879 1629 1923; x_wconf 74' lang='lat' dir='ltr'><strong>Ale.</strong></span> <span class='ocrx_word' id='word_1_355' title='bbox 1665 1880 1808 1924; x_wconf 75' lang='lat' dir='ltr'><strong>Rhen.</strong></span> <span class='ocrx_word' id='word_1_356' title='bbox 1841 1899 1943 1942; x_wconf 85' lang='lat' dir='ltr'><strong>sqq.</strong></span> 
     </span>
     <span class='ocr_line' id='line_1_63' title="bbox 1050 1936 1830 1992; baseline 0.005 -13"><span class='ocrx_word' id='word_1_357' title='bbox 1050 1937 1197 1991; x_wconf 84' lang='lat' dir='ltr'><strong>ruffus</strong></span> <span class='ocrx_word' id='word_1_358' title='bbox 1219 1936 1323 1978; x_wconf 90' lang='lat' dir='ltr'><strong>edd.</strong></span> <span class='ocrx_word' id='word_1_359' title='bbox 1350 1936 1466 1992; x_wconf 80' lang='lat' dir='ltr'><strong>Spir.</strong></span> <span class='ocrx_word' id='word_1_360' title='bbox 1490 1937 1590 1980; x_wconf 83' lang='lat' dir='ltr'><strong>Put.</strong></span> <span class='ocrx_word' id='word_1_361' title='bbox 1614 1938 1685 1981; x_wconf 87' lang='grc' dir='ltr'><strong>Μ.</strong></span> <span class='ocrx_word' id='word_1_362' title='bbox 1708 1947 1750 1982; x_wconf 88' lang='lat' dir='ltr'><strong>et</strong></span> <span class='ocrx_word' id='word_1_363' title='bbox 1770 1937 1830 1983; x_wconf 91' lang='lat' dir='ltr'><strong>V.</strong></span> 
     </span>
    </p>

    <p class='ocr_par' dir='ltr' id='par_1_17' title="bbox 1047 1994 1946 2396">
     <span class='ocr_line' id='line_1_64' title="bbox 1107 1994 1946 2050; baseline 0.004 -13"><span class='ocrx_word' id='word_1_364' title='bbox 1107 1994 1279 2037; x_wconf 82' lang='lat' dir='ltr'><strong>Iuncus</strong></span> <span class='ocrx_word' id='word_1_365' title='bbox 1310 1994 1635 2046; x_wconf 75' lang='lat' dir='ltr'><strong>Virgilianus.</strong></span> <span class='ocrx_word' id='word_1_366' title='bbox 1716 1997 1792 2050; x_wconf 81' lang='lat' dir='ltr'><strong>Sic</strong></span> <span class='ocrx_word' id='word_1_367' title='bbox 1838 1997 1946 2040; x_wconf 79' lang='lat' dir='ltr'><strong>edd:</strong></span> 
     </span>
     <span class='ocr_line' id='line_1_65' title="bbox 1047 2049 1940 2110; baseline 0.001 -16"><span class='ocrx_word' id='word_1_368' title='bbox 1047 2060 1234 2094; x_wconf 68' lang='lat' dir='ltr'><strong>recenti.</strong></span> <span class='ocrx_word' id='word_1_369' title='bbox 1265 2050 1369 2094; x_wconf 88' lang='lat' dir='ltr'><strong>inde</strong></span> <span class='ocrx_word' id='word_1_370' title='bbox 1397 2066 1420 2093; x_wconf 84' lang='lat' dir='ltr'><strong>a</strong></span> <span class='ocrx_word' id='word_1_371' title='bbox 1444 2049 1580 2109; x_wconf 89' lang='lat' dir='ltr'><strong>Lipsii</strong></span> <span class='ocrx_word' id='word_1_372' title='bbox 1604 2052 1760 2110; x_wconf 87' lang='lat' dir='ltr'><strong>prima.</strong></span> <span class='ocrx_word' id='word_1_373' title='bbox 1822 2054 1940 2097; x_wconf 82' lang='lat' dir='ltr'><strong>Iun-</strong></span> 
     </span>
     <span class='ocr_line' id='line_1_66' title="bbox 1049 2109 1939 2168; baseline 0.006 -18"><span class='ocrx_word' id='word_1_374' title='bbox 1049 2124 1128 2151; x_wconf 83' lang='lat' dir='ltr'><strong>cus</strong></span> <span class='ocrx_word' id='word_1_375' title='bbox 1151 2109 1456 2162; x_wconf 80' lang='lat' dir='ltr'><strong>Vergilianus</strong></span> <span class='ocrx_word' id='word_1_376' title='bbox 1490 2109 1589 2151; x_wconf 91' lang='lat' dir='ltr'><strong>edd.</strong></span> <span class='ocrx_word' id='word_1_377' title='bbox 1624 2109 1836 2166; x_wconf 79' lang='lat' dir='ltr'><strong>Beroald.</strong></span> <span class='ocrx_word' id='word_1_378' title='bbox 1875 2112 1939 2168; x_wconf 85' lang='lat' dir='ltr'><strong>(c.</strong></span> 
     </span>
     <span class='ocr_line' id='line_1_67' title="bbox 1048 2165 1940 2222; baseline 0.003 -13"><span class='ocrx_word' id='word_1_379' title='bbox 1048 2165 1227 2209; x_wconf 85' lang='lat' dir='ltr'><strong>silentio</strong></span> <span class='ocrx_word' id='word_1_380' title='bbox 1259 2166 1399 2222; x_wconf 85' lang='lat' dir='ltr'><strong>Vict.)</strong></span> <span class='ocrx_word' id='word_1_381' title='bbox 1445 2166 1541 2210; x_wconf 81' lang='lat' dir='ltr'><strong>Alc.</strong></span> <span class='ocrx_word' id='word_1_382' title='bbox 1585 2166 1790 2211; x_wconf 85' lang='lat' dir='ltr'><strong>Rhenan.</strong></span> <span class='ocrx_word' id='word_1_383' title='bbox 1831 2168 1940 2212; x_wconf 73' lang='lat' dir='ltr'><strong>Ald.</strong></span> 
     </span>
     <span class='ocr_line' id='line_1_68' title="bbox 1047 2223 1939 2276; baseline 0.003 -10"><span class='ocrx_word' id='word_1_384' title='bbox 1047 2223 1252 2266; x_wconf 77' lang='lat' dir='ltr'><strong>Iuncus.-</strong></span> <span class='ocrx_word' id='word_1_385' title='bbox 1282 2224 1584 2276; x_wconf 70' lang='lat' dir='ltr'><strong>Vergilianus</strong></span> <span class='ocrx_word' id='word_1_386' title='bbox 1608 2224 1708 2267; x_wconf 85' lang='lat' dir='ltr'><strong>edd.</strong></span> <span class='ocrx_word' id='word_1_387' title='bbox 1739 2225 1843 2269; x_wconf 79' lang='lat' dir='ltr'><strong>Put.</strong></span> <span class='ocrx_word' id='word_1_388' title='bbox 1869 2226 1939 2269; x_wconf 82' lang='lat' dir='ltr'><strong>M.</strong></span> 
     </span>
     <span class='ocr_line' id='line_1_69' title="bbox 1050 2279 1941 2335; baseline 0.003 -11"><span class='ocrx_word' id='word_1_389' title='bbox 1050 2290 1093 2324; x_wconf 87' lang='lat' dir='ltr'><strong>et</strong></span> <span class='ocrx_word' id='word_1_390' title='bbox 1126 2279 1183 2324; x_wconf 90' lang='lat' dir='ltr'><strong>V.</strong></span> <span class='ocrx_word' id='word_1_391' title='bbox 1267 2279 1481 2323; x_wconf 82' lang='lat' dir='ltr'><strong>Luncus:</strong></span> <span class='ocrx_word' id='word_1_392' title='bbox 1534 2281 1840 2335; x_wconf 74' lang='lat' dir='ltr'><strong>Vergilianus</strong></span> <span class='ocrx_word' id='word_1_393' title='bbox 1868 2283 1941 2326; x_wconf 90' lang='lat' dir='ltr'><strong>ed.</strong></span> 
     </span>
     <span class='ocr_line' id='line_1_70' title="bbox 1052 2336 1787 2396; baseline 0.001 -15"><span class='ocrx_word' id='word_1_394' title='bbox 1052 2336 1170 2396; x_wconf 76' lang='lat' dir='ltr'><strong>Spir.</strong></span> <span class='ocrx_word' id='word_1_395' title='bbox 1194 2337 1394 2380; x_wconf 85' lang='lat' dir='ltr'><strong>Iuncrus</strong></span> <span class='ocrx_word' id='word_1_396' title='bbox 1419 2338 1477 2380; x_wconf 89' lang='lat' dir='ltr'><strong>V.</strong></span> <span class='ocrx_word' id='word_1_397' title='bbox 1502 2338 1604 2382; x_wconf 90' lang='lat' dir='ltr'><strong>MS.</strong></span> <span class='ocrx_word' id='word_1_398' title='bbox 1630 2338 1787 2383; x_wconf 86' lang='lat' dir='ltr'><strong>Guelf.</strong></span> 
     </span>
    </p>

    <p class='ocr_par' dir='ltr' id='par_1_18' title="bbox 1108 2394 1886 2452">
     <span class='ocr_line' id='line_1_71' title="bbox 1108 2394 1886 2452; baseline 0.004 -15"><span class='ocrx_word' id='word_1_399' title='bbox 1108 2395 1293 2450; x_wconf 79' lang='lat' dir='ltr'><strong>adfecti.</strong></span> <span class='ocrx_word' id='word_1_400' title='bbox 1352 2394 1440 2437; x_wconf 89' lang='lat' dir='ltr'><strong>Ed.</strong></span> <span class='ocrx_word' id='word_1_401' title='bbox 1471 2394 1588 2452; x_wconf 86' lang='lat' dir='ltr'><strong>Spir.</strong></span> <span class='ocrx_word' id='word_1_402' title='bbox 1615 2395 1738 2440; x_wconf 82' lang='lat' dir='ltr'><strong>addit</strong></span> <span class='ocrx_word' id='word_1_403' title='bbox 1759 2405 1886 2440; x_wconf 80' lang='lat' dir='ltr'><strong>sunt.</strong></span> 
     </span>
    </p>

    <p class='ocr_par' dir='ltr' id='par_1_19' title="bbox 1051 2451 1990 2794">
     <span class='ocr_line' id='line_1_72' title="bbox 1111 2451 1990 2499; baseline 0.005 -4"><span class='ocrx_word' id='word_1_404' title='bbox 1111 2451 1314 2495; x_wconf 71' lang='lat' dir='ltr'><strong>CAP.36.</strong></span> <span class='ocrx_word' id='word_1_405' title='bbox 1362 2451 1579 2494; x_wconf 81' lang='lat' dir='ltr'><strong>Mnester.</strong></span> <span class='ocrx_word' id='word_1_406' title='bbox 1620 2451 1696 2496; x_wconf 84' lang='lat' dir='ltr'><strong>Sic</strong></span> <span class='ocrx_word' id='word_1_407' title='bbox 1719 2453 1944 2499; x_wconf 82' lang='lat' dir='ltr'><strong>edd.Put.</strong></span> <span class='ocrx_word' id='word_1_408' title='bbox 1985 2459 1990 2466; x_wconf 87' lang='lat'>&#39;</span> 
     </span>
     <span class='ocr_line' id='line_1_73' title="bbox 1051 2508 1941 2564; baseline 0.006 -13"><span class='ocrx_word' id='word_1_409' title='bbox 1051 2509 1124 2551; x_wconf 90' lang='grc' dir='ltr'><strong>Μ.</strong></span> <span class='ocrx_word' id='word_1_410' title='bbox 1157 2518 1199 2551; x_wconf 86' lang='lat' dir='ltr'><strong>et</strong></span> <span class='ocrx_word' id='word_1_411' title='bbox 1229 2510 1288 2552; x_wconf 93' lang='lat' dir='ltr'><strong>V.</strong></span> <span class='ocrx_word' id='word_1_412' title='bbox 1344 2508 1556 2551; x_wconf 83' lang='lat' dir='ltr'><strong>Beroald.</strong></span> <span class='ocrx_word' id='word_1_413' title='bbox 1602 2510 1723 2564; x_wconf 83' lang='lat' dir='ltr'><strong>(cum</strong></span> <span class='ocrx_word' id='word_1_414' title='bbox 1762 2509 1941 2556; x_wconf 84' lang='lat' dir='ltr'><strong>silentio</strong></span> 
     </span>
     <span class='ocr_line' id='line_1_74' title="bbox 1052 2565 1943 2624; baseline 0.007 -18"><span class='ocrx_word' id='word_1_415' title='bbox 1052 2565 1198 2619; x_wconf 79' lang='lat' dir='ltr'><strong>Viet.)</strong></span> <span class='ocrx_word' id='word_1_416' title='bbox 1229 2567 1332 2610; x_wconf 70' lang='lat' dir='ltr'><strong>Alc.</strong></span> <span class='ocrx_word' id='word_1_417' title='bbox 1366 2575 1408 2608; x_wconf 87' lang='lat' dir='ltr'><strong>et</strong></span> <span class='ocrx_word' id='word_1_418' title='bbox 1431 2565 1551 2623; x_wconf 85' lang='lat' dir='ltr'><strong>Lips.</strong></span> <span class='ocrx_word' id='word_1_419' title='bbox 1575 2582 1697 2624; x_wconf 53' lang='lat' dir='ltr'><strong>sqq..</strong></span> <span class='ocrx_word' id='word_1_420' title='bbox 1738 2566 1943 2614; x_wconf 86' lang='lat' dir='ltr'><strong>Consen-</strong></span> 
     </span>
     <span class='ocr_line' id='line_1_75' title="bbox 1051 2622 1941 2671; baseline 0.006 -5"><span class='ocrx_word' id='word_1_421' title='bbox 1051 2623 1104 2666; x_wconf 73' lang='lat' dir='ltr'><strong>tit</strong></span> <span class='ocrx_word' id='word_1_422' title='bbox 1135 2622 1236 2667; x_wconf 88' lang='lat' dir='ltr'><strong>MS.</strong></span> <span class='ocrx_word' id='word_1_423' title='bbox 1267 2625 1384 2666; x_wconf 89' lang='lat' dir='ltr'><strong>Bud.</strong></span> <span class='ocrx_word' id='word_1_424' title='bbox 1417 2646 1475 2654; x_wconf 89' lang='lat'><strong>—</strong></span> <span class='ocrx_word' id='word_1_425' title='bbox 1527 2623 1591 2665; x_wconf 74' lang='grc' dir='ltr'><strong>ΙΙΙ.</strong></span> <span class='ocrx_word' id='word_1_426' title='bbox 1629 2625 1806 2667; x_wconf 79' lang='lat' dir='ltr'><strong>Nestor</strong></span> <span class='ocrx_word' id='word_1_427' title='bbox 1838 2628 1941 2671; x_wconf 82' lang='lat' dir='ltr'><strong>edd.</strong></span> 
     </span>
     <span class='ocr_line' id='line_1_76' title="bbox 1051 2680 1942 2744; baseline 0.007 -21"><span class='ocrx_word' id='word_1_428' title='bbox 1051 2680 1198 2723; x_wconf 80' lang='lat' dir='ltr'><strong>Rhen.</strong></span> <span class='ocrx_word' id='word_1_429' title='bbox 1225 2681 1332 2724; x_wconf 73' lang='lat' dir='ltr'><strong>And.</strong></span> <span class='ocrx_word' id='word_1_430' title='bbox 1362 2709 1420 2716; x_wconf 87' lang='lat'><em>-</em></span> <span class='ocrx_word' id='word_1_431' title='bbox 1478 2681 1696 2726; x_wconf 81' lang='lat' dir='ltr'><strong>minister</strong></span> <span class='ocrx_word' id='word_1_432' title='bbox 1726 2683 1794 2726; x_wconf 89' lang='lat' dir='ltr'><strong>ed.</strong></span> <span class='ocrx_word' id='word_1_433' title='bbox 1821 2684 1942 2744; x_wconf 87' lang='lat' dir='ltr'><strong>Spir.</strong></span> 
     </span>
     <span class='ocr_line' id='line_1_77' title="bbox 1053 2736 1657 2794; baseline 0.002 -15"><span class='ocrx_word' id='word_1_434' title='bbox 1053 2746 1278 2780; x_wconf 82' lang='lat' dir='ltr'><strong>menester</strong></span> <span class='ocrx_word' id='word_1_435' title='bbox 1302 2737 1404 2781; x_wconf 86' lang='lat' dir='ltr'><strong>MS.</strong></span> <span class='ocrx_word' id='word_1_436' title='bbox 1429 2736 1579 2780; x_wconf 84' lang='lat' dir='ltr'><strong>Guelf.</strong></span> <span class='ocrx_word' id='word_1_437' title='bbox 1655 2792 1657 2794; x_wconf 17' lang='lat' dir='ltr'>v</span> 
     </span>
    </p>

    <p class='ocr_par' dir='ltr' id='par_1_20' title="bbox 1049 2795 1942 3082">
     <span class='ocr_line' id='line_1_78' title="bbox 1108 2795 1942 2843; baseline 0.006 -6"><span class='ocrx_word' id='word_1_438' title='bbox 1108 2797 1464 2837; x_wconf 80' lang='lat' dir='ltr'><strong>cunctationem.</strong></span> <span class='ocrx_word' id='word_1_439' title='bbox 1549 2795 1626 2838; x_wconf 81' lang='lat' dir='ltr'><strong>Sic</strong></span> <span class='ocrx_word' id='word_1_440' title='bbox 1669 2796 1771 2840; x_wconf 88' lang='lat' dir='ltr'><strong>MS.</strong></span> <span class='ocrx_word' id='word_1_441' title='bbox 1811 2797 1942 2843; x_wconf 85' lang='lat' dir='ltr'><strong>Flor.</strong></span> 
     </span>
     <span class='ocr_line' id='line_1_79' title="bbox 1053 2851 1940 2910; baseline 0.007 -17"><span class='ocrx_word' id='word_1_442' title='bbox 1053 2853 1176 2907; x_wconf 79' lang='lat' dir='ltr'><strong>(test.</strong></span> <span class='ocrx_word' id='word_1_443' title='bbox 1204 2852 1345 2903; x_wconf 84' lang='lat' dir='ltr'><strong>Viet.)</strong></span> <span class='ocrx_word' id='word_1_444' title='bbox 1391 2853 1492 2896; x_wconf 87' lang='lat' dir='ltr'><strong>edd.</strong></span> <span class='ocrx_word' id='word_1_445' title='bbox 1525 2851 1644 2910; x_wconf 77' lang='lat' dir='ltr'><strong>Spir.</strong></span> <span class='ocrx_word' id='word_1_446' title='bbox 1677 2861 1719 2895; x_wconf 86' lang='lat' dir='ltr'><strong>et</strong></span> <span class='ocrx_word' id='word_1_447' title='bbox 1748 2864 1940 2899; x_wconf 83' lang='lat' dir='ltr'><strong>recentt.</strong></span> 
     </span>
     <span class='ocr_line' id='line_1_80' title="bbox 1049 2908 1940 2956; baseline 0.008 -7"><span class='ocrx_word' id='word_1_448' title='bbox 1049 2908 1154 2951; x_wconf 87' lang='lat' dir='ltr'><strong>inde</strong></span> <span class='ocrx_word' id='word_1_449' title='bbox 1181 2926 1204 2952; x_wconf 85' lang='lat' dir='ltr'><strong>a</strong></span> <span class='ocrx_word' id='word_1_450' title='bbox 1223 2908 1437 2954; x_wconf 83' lang='lat' dir='ltr'><strong>Piehena.</strong></span> <span class='ocrx_word' id='word_1_451' title='bbox 1505 2913 1816 2954; x_wconf 74' lang='lat' dir='ltr'><strong>cantationem</strong></span> <span class='ocrx_word' id='word_1_452' title='bbox 1839 2909 1940 2956; x_wconf 86' lang='lat' dir='ltr'><strong>MS.</strong></span> 
     </span>
     <span class='ocr_line' id='line_1_81' title="bbox 1053 2965 1942 3014; baseline 0.007 -6"><span class='ocrx_word' id='word_1_453' title='bbox 1053 2965 1203 3010; x_wconf 81' lang='lat' dir='ltr'><strong>Guelf.</strong></span> <span class='ocrx_word' id='word_1_454' title='bbox 1227 2968 1324 3011; x_wconf 88' lang='lat' dir='ltr'><strong>edd.</strong></span> <span class='ocrx_word' id='word_1_455' title='bbox 1343 2966 1446 3011; x_wconf 88' lang='lat' dir='ltr'><strong>Put.</strong></span> <span class='ocrx_word' id='word_1_456' title='bbox 1469 2967 1540 3012; x_wconf 91' lang='lat' dir='ltr'><strong>M.</strong></span> <span class='ocrx_word' id='word_1_457' title='bbox 1565 2975 1607 3010; x_wconf 86' lang='lat' dir='ltr'><strong>et</strong></span> <span class='ocrx_word' id='word_1_458' title='bbox 1627 2967 1683 3010; x_wconf 90' lang='lat' dir='ltr'><strong>V.</strong></span> <span class='ocrx_word' id='word_1_459' title='bbox 1706 2969 1808 3013; x_wconf 82' lang='lat' dir='ltr'><strong>Ber.</strong></span> <span class='ocrx_word' id='word_1_460' title='bbox 1837 2969 1942 3014; x_wconf 83' lang='lat' dir='ltr'><strong>Alc.</strong></span> 
     </span>
     <span class='ocr_line' id='line_1_82' title="bbox 1051 3023 1319 3082; baseline 0 -16"><span class='ocrx_word' id='word_1_461' title='bbox 1051 3023 1194 3066; x_wconf 85' lang='lat' dir='ltr'><strong>Rhen.</strong></span> <span class='ocrx_word' id='word_1_462' title='bbox 1220 3040 1319 3082; x_wconf 86' lang='lat' dir='ltr'><strong>sqq.</strong></span> 
     </span>
    </p>

    <p class='ocr_par' dir='ltr' id='par_1_21' title="bbox 1053 3080 1942 3239">
     <span class='ocr_line' id='line_1_83' title="bbox 1111 3080 1940 3132; baseline 0.006 -10"><span class='ocrx_word' id='word_1_463' title='bbox 1111 3086 1282 3124; x_wconf 83' lang='lat' dir='ltr'><strong>attulit.</strong></span> <span class='ocrx_word' id='word_1_464' title='bbox 1347 3080 1425 3124; x_wconf 89' lang='lat' dir='ltr'><strong>Sic</strong></span> <span class='ocrx_word' id='word_1_465' title='bbox 1445 3080 1548 3124; x_wconf 86' lang='lat' dir='ltr'><strong>libri</strong></span> <span class='ocrx_word' id='word_1_466' title='bbox 1573 3089 1702 3132; x_wconf 81' lang='lat' dir='ltr'><strong>vett.;</strong></span> <span class='ocrx_word' id='word_1_467' title='bbox 1732 3098 1824 3126; x_wconf 87' lang='lat' dir='ltr'><strong>non</strong></span> <span class='ocrx_word' id='word_1_468' title='bbox 1850 3080 1940 3126; x_wconf 49' lang='lat' dir='ltr'><strong>adss</strong></span> 
     </span>
     <span class='ocr_line' id='line_1_84' title="bbox 1053 3138 1942 3196; baseline 0.006 -16"><span class='ocrx_word' id='word_1_469' title='bbox 1053 3140 1171 3180; x_wconf 86' lang='lat' dir='ltr'><strong>tulit.</strong></span> <span class='ocrx_word' id='word_1_470' title='bbox 1243 3140 1351 3181; x_wconf 84' lang='lat' dir='ltr'><strong>Mox</strong></span> <span class='ocrx_word' id='word_1_471' title='bbox 1384 3138 1453 3181; x_wconf 90' lang='lat' dir='ltr'><strong>ed.</strong></span> <span class='ocrx_word' id='word_1_472' title='bbox 1494 3139 1612 3196; x_wconf 78' lang='lat' dir='ltr'><strong>Spir.</strong></span> <span class='ocrx_word' id='word_1_473' title='bbox 1649 3142 1942 3185; x_wconf 71' lang='lat' dir='ltr'><strong>ante-clami-</strong></span> 
     </span>
     <span class='ocr_line' id='line_1_85' title="bbox 1055 3196 1470 3239; baseline 0 0"><span class='ocrx_word' id='word_1_474' title='bbox 1055 3203 1163 3239; x_wconf 74' lang='lat' dir='ltr'><strong>tans</strong></span> <span class='ocrx_word' id='word_1_475' title='bbox 1184 3196 1306 3239; x_wconf 86' lang='lat' dir='ltr'><strong>addit</strong></span> <span class='ocrx_word' id='word_1_476' title='bbox 1330 3197 1470 3239; x_wconf 85' lang='lat' dir='ltr'><strong>enim.</strong></span> 
     </span>
    </p>

    <p class='ocr_par' dir='ltr' id='par_1_22' title="bbox 1055 3250 1939 3362">
     <span class='ocr_line' id='line_1_86' title="bbox 1109 3250 1939 3311; baseline 0.004 -15"><span class='ocrx_word' id='word_1_477' title='bbox 1109 3255 1349 3308; x_wconf 75' lang='lat' dir='ltr'><strong>aspiceret.</strong></span> <span class='ocrx_word' id='word_1_478' title='bbox 1430 3251 1532 3295; x_wconf 87' lang='lat' dir='ltr'><strong>MS.</strong></span> <span class='ocrx_word' id='word_1_479' title='bbox 1567 3250 1722 3297; x_wconf 81' lang='lat' dir='ltr'><strong>Guelf.</strong></span> <span class='ocrx_word' id='word_1_480' title='bbox 1762 3257 1939 3311; x_wconf 76' lang='lat' dir='ltr'><strong>aspice-</strong></span> 
     </span>
     <span class='ocr_line' id='line_1_87' title="bbox 1055 3311 1654 3362; baseline 0.002 -11"><span class='ocrx_word' id='word_1_481' title='bbox 1055 3325 1133 3362; x_wconf 87' lang='lat' dir='ltr'><strong>re,</strong></span> <span class='ocrx_word' id='word_1_482' title='bbox 1162 3327 1262 3352; x_wconf 84' lang='lat' dir='ltr'><strong>mox</strong></span> <span class='ocrx_word' id='word_1_483' title='bbox 1290 3311 1654 3353; x_wconf 61' lang='lat' dir='ltr'><strong>reminiscerent.</strong></span> 
     </span>
    </p>

    <p class='ocr_par' dir='ltr' id='par_1_23' title="bbox 1112 3358 1900 3469">
     <span class='ocr_line' id='line_1_88' title="bbox 1112 3358 1900 3469; baseline 0.006 -60"><span class='ocrx_word' id='word_1_484' title='bbox 1112 3369 1255 3417; x_wconf 73' lang='lat' dir='ltr'><strong>vocis,</strong></span> <span class='ocrx_word' id='word_1_485' title='bbox 1286 3375 1489 3469; x_wconf 52' lang='lat' dir='ltr'><strong>qucfigtcs.</strong></span> <span class='ocrx_word' id='word_1_486' title='bbox 1506 3367 1606 3434; x_wconf 57' lang='lat' dir='ltr'><strong>‘³‘J2cf.</strong></span> <span class='ocrx_word' id='word_1_487' title='bbox 1626 3365 1717 3466; x_wconf 74' lang='lat' dir='ltr'><strong>Dbio</strong></span> <span class='ocrx_word' id='word_1_488' title='bbox 1736 3368 1806 3422; x_wconf 88' lang='grc'><strong>60,</strong></span> <span class='ocrx_word' id='word_1_489' title='bbox 1826 3358 1900 3414; x_wconf 89' lang='grc'><strong>22.</strong></span> 
     </span>
    </p>

    <p class='ocr_par' dir='ltr' id='par_1_24' title="bbox 1110 3439 1751 3469">
     <span class='ocr_line' id='line_1_89' title="bbox 1110 3439 1751 3469; baseline 0.002 -2"><span class='ocrx_word' id='word_1_490' title='bbox 1110 3440 1286 3467; x_wconf 86' lang='lat' dir='ltr'><strong>rerum.</strong></span> <span class='ocrx_word' id='word_1_491' title='bbox 1419 3456 1429 3466; x_wconf 95' lang='lat'><strong>.</strong></span> <span class='ocrx_word' id='word_1_492' title='bbox 1522 3441 1574 3468; x_wconf 74' lang='lat' dir='ltr'><strong>nr.</strong></span> <span class='ocrx_word' id='word_1_493' title='bbox 1599 3439 1650 3467; x_wconf 84' lang='lat' dir='ltr'><strong>re</strong></span> <span class='ocrx_word' id='word_1_494' title='bbox 1681 3440 1751 3469; x_wconf 82' lang='lat' dir='ltr'><strong>us.</strong></span> 
     </span>
    </p>

    <p class='ocr_par' dir='ltr' id='par_1_25' title="bbox 1049 3438 1943 3653">
     <span class='ocr_line' id='line_1_90' title="bbox 1107 3438 1943 3539; baseline 0.004 -17"><span class='ocrx_word' id='word_1_495' title='bbox 1107 3484 1354 3536; x_wconf 76' lang='lat' dir='ltr'><strong>potiretur.</strong></span> <span class='ocrx_word' id='word_1_496' title='bbox 1404 3438 1650 3526; x_wconf 57' lang='lat' dir='ltr'><strong>MS?Flor.</strong></span> <span class='ocrx_word' id='word_1_497' title='bbox 1677 3481 1943 3539; x_wconf 58' lang='lat' dir='ltr'><strong>(tesbvict.)</strong></span> 
     </span>
     <span class='ocr_line' id='line_1_91' title="bbox 1049 3537 1942 3595; baseline 0.009 -15"><span class='ocrx_word' id='word_1_498' title='bbox 1049 3546 1308 3595; x_wconf 81' lang='lat' dir='ltr'><strong>poteretur.</strong></span> <span class='ocrx_word' id='word_1_499' title='bbox 1349 3537 1441 3582; x_wconf 93' lang='lat' dir='ltr'><strong>Pro</strong></span> <span class='ocrx_word' id='word_1_500' title='bbox 1459 3541 1699 3595; x_wconf 76' lang='lat' dir='ltr'><strong>perpulere</strong></span> <span class='ocrx_word' id='word_1_501' title='bbox 1710 3540 1813 3585; x_wconf 83' lang='lat' dir='ltr'><strong>MS.</strong></span> <span class='ocrx_word' id='word_1_502' title='bbox 1829 3540 1942 3588; x_wconf 83' lang='lat' dir='ltr'><strong>Bud.</strong></span> 
     </span>
     <span class='ocr_line' id='line_1_92' title="bbox 1057 3597 1383 3653; baseline -0.006 -11"><span class='ocrx_word' id='word_1_503' title='bbox 1057 3597 1130 3642; x_wconf 80' lang='lat' dir='ltr'><strong>dat</strong></span> <span class='ocrx_word' id='word_1_504' title='bbox 1149 3597 1383 3653; x_wconf 77' lang='lat' dir='ltr'><strong>pepulere.</strong></span> 
     </span>
    </p>
   </div>
  </div>
 </body>
</html>
