<?xml version="1.0" encoding="UTF-8"?>
<!DOCTYPE html PUBLIC "-//W3C//DTD XHTML 1.0 Transitional//EN"
    "http://www.w3.org/TR/xhtml1/DTD/xhtml1-transitional.dtd">
<html xmlns="http://www.w3.org/1999/xhtml" xml:lang="en" lang="en">
 <head>
  <title>
</title>
<meta http-equiv="Content-Type" content="text/html;charset=utf-8" />
  <meta name='ocr-system' content='tesseract 3.04.00' />
  <meta name='ocr-capabilities' content='ocr_page ocr_carea ocr_par ocr_line ocrx_word'/>
</head>
<body>
  <div class='ocr_page' id='page_1' title='image "./operarecensuitet02taciuoft_0250.png"; bbox 0 0 2164 3990; ppageno 0'>
   <div class='ocr_carea' id='block_1_1' title="bbox 168 3323 833 3377">
    <p class='ocr_par' dir='ltr' id='par_1_1' title="bbox 168 3323 833 3377">
     <span class='ocr_line' id='line_1_1' title="bbox 168 3323 833 3377; baseline -0.005 -11"><span class='ocrx_word' id='word_1_1' title='bbox 168 3330 174 3335; x_wconf 76' lang='grc'><strong>“</strong></span> <span class='ocrx_word' id='word_1_2' title='bbox 247 3326 463 3370; x_wconf 79' lang='lat' dir='ltr'>iuvenum</span> <span class='ocrx_word' id='word_1_3' title='bbox 514 3323 800 3377; x_wconf 75' lang='lat' dir='ltr'>expergebat</span> <span class='ocrx_word' id='word_1_4' title='bbox 821 3353 833 3376; x_wconf 88' lang='lat'><strong><em>,</em></strong></span> 
     </span>
    </p>
   </div>
   <div class='ocr_carea' id='block_1_2' title="bbox 240 217 367 281">
    <p class='ocr_par' dir='ltr' id='par_1_2' title="bbox 194 171 367 281">
     <span class='ocr_line' id='line_1_2' title="bbox 240 217 367 281; baseline 0.023 -3.936"><span class='ocrx_word' id='word_1_5' title='bbox 240 217 367 281; x_wconf 73' lang='lat'>240</span> 
     </span>
    </p>
   </div>
   <div class='ocr_carea' id='block_1_3' title="bbox 910 214 1462 305">
    <p class='ocr_par' dir='ltr' id='par_1_3' title="bbox 910 214 1462 305">
     <span class='ocr_line' id='line_1_3' title="bbox 910 214 1462 305; baseline 0 -28"><span class='ocrx_word' id='word_1_6' title='bbox 910 214 1344 277; x_wconf 78' lang='lat' dir='ltr'><strong>ANNALIU</strong></span> <span class='ocrx_word' id='word_1_7' title='bbox 1357 217 1434 305; x_wconf 83' lang='lat' dir='ltr'>M.</span> <span class='ocrx_word' id='word_1_8' title='bbox 1460 233 1462 237; x_wconf 42' lang='lat'><em>⁷</em></span> 
     </span>
    </p>
   </div>
   <div class='ocr_carea' id='block_1_4' title="bbox 1810 0 2164 167">
    <p class='ocr_par' dir='ltr' id='par_1_4' title="bbox 1810 0 2164 167">
     <span class='ocr_line' id='line_1_4' title="bbox 1810 0 2164 107; baseline 0.192 -86"><span class='ocrx_word' id='word_1_9' title='bbox 1810 0 1858 27; x_wconf 56' lang='lat'><strong>..⁴⁴³</strong></span> <span class='ocrx_word' id='word_1_10' title='bbox 1919 6 1926 18; x_wconf 74' lang='grc'>.’</span> <span class='ocrx_word' id='word_1_11' title='bbox 1951 0 1954 5; x_wconf 75' lang='lat'><strong>⁴</strong></span> <span class='ocrx_word' id='word_1_12' title='bbox 1983 0 2164 107; x_wconf 56' lang='grc' dir='ltr'>ἮΞζἺ</span> 
     </span>
     <span class='ocr_line' id='line_1_5' title="bbox 2104 30 2129 42; baseline 0.12 -3"><span class='ocrx_word' id='word_1_13' title='bbox 2104 30 2106 33; x_wconf 91' lang='grc'><strong>-</strong></span> <span class='ocrx_word' id='word_1_14' title='bbox 2120 30 2129 42; x_wconf 28' lang='grc'>»4</span> 
     </span>
     <span class='ocr_line' id='line_1_6' title="bbox 2015 140 2159 167; baseline 0 0"><span class='ocrx_word' id='word_1_15' title='bbox 2015 140 2017 142; x_wconf 65' lang='grc'><strong><em>’</em></strong></span> <span class='ocrx_word' id='word_1_16' title='bbox 2148 141 2159 167; x_wconf 74' lang='grc' dir='ltr'>’ἶ</span> 
     </span>
    </p>
   </div>
   <div class='ocr_carea' id='block_1_5' title="bbox 1796 215 2019 298">
    <p class='ocr_par' dir='ltr' id='par_1_5' title="bbox 1796 215 2019 298">
     <span class='ocr_line' id='line_1_7' title="bbox 1796 215 2019 258; baseline 0 -6"><span class='ocrx_word' id='word_1_17' title='bbox 1796 217 1850 252; x_wconf 73' lang='grc' dir='ltr'>Α.</span> <span class='ocrx_word' id='word_1_18' title='bbox 1865 215 1923 258; x_wconf 76' lang='lat' dir='ltr'><strong>U.</strong></span> <span class='ocrx_word' id='word_1_19' title='bbox 1931 215 2019 253; x_wconf 73' lang='lat'><strong>81³.</strong></span> 
     </span>
     <span class='ocr_line' id='line_1_8' title="bbox 1797 258 2018 298; baseline 0.014 -5"><span class='ocrx_word' id='word_1_20' title='bbox 1797 258 1852 295; x_wconf 72' lang='lat' dir='ltr'><strong>A.</strong></span> <span class='ocrx_word' id='word_1_21' title='bbox 1871 259 1922 298; x_wconf 74' lang='lat' dir='ltr'><strong>C.</strong></span> <span class='ocrx_word' id='word_1_22' title='bbox 1956 259 2018 298; x_wconf 73' lang='lat'>6⁰.</span> 
     </span>
    </p>
   </div>
   <div class='ocr_carea' id='block_1_6' title="bbox 238 332 2139 514">
    <p class='ocr_par' dir='ltr' id='par_1_6' title="bbox 238 332 2139 514">
     <span class='ocr_line' id='line_1_9' title="bbox 243 332 2139 427; baseline 0.002 -20"><span class='ocrx_word' id='word_1_23' title='bbox 243 350 362 407; x_wconf 82' lang='lat' dir='ltr'>nisi</span> <span class='ocrx_word' id='word_1_24' title='bbox 409 348 561 426; x_wconf 84' lang='lat' dir='ltr'>quid.</span> <span class='ocrx_word' id='word_1_25' title='bbox 591 346 821 406; x_wconf 83' lang='lat' dir='ltr'>Burrus</span> <span class='ocrx_word' id='word_1_26' title='bbox 870 356 927 405; x_wconf 84' lang='lat' dir='ltr'>et</span> <span class='ocrx_word' id='word_1_27' title='bbox 961 344 1183 403; x_wconf 79' lang='lat' dir='ltr'><strong>Seneca</strong></span> <span class='ocrx_word' id='word_1_28' title='bbox 1199 375 1203 379; x_wconf 61' lang='lat'>&gt;</span> <span class='ocrx_word' id='word_1_29' title='bbox 1222 349 1640 422; x_wconf 78' lang='lat' dir='ltr'>expergerent&#39;?</span> <span class='ocrx_word' id='word_1_30' title='bbox 1724 372 1874 427; x_wconf 78' lang='lat' dir='ltr'>quos</span> <span class='ocrx_word' id='word_1_31' title='bbox 1909 332 2103 411; x_wconf 81' lang='lat' dir='ltr'>sta-tim</span> <span class='ocrx_word' id='word_1_32' title='bbox 2137 343 2139 346; x_wconf 29' lang='lat'>⁸</span> 
     </span>
     <span class='ocr_line' id='line_1_10' title="bbox 238 431 2107 514; baseline 0.005 -28"><span class='ocrx_word' id='word_1_33' title='bbox 238 435 558 505; x_wconf 63' lang='lat' dir='ltr'>,acciverat3</span> <span class='ocrx_word' id='word_1_34' title='bbox 602 434 895 491; x_wconf 87' lang='lat' dir='ltr'>incertum</span> <span class='ocrx_word' id='word_1_35' title='bbox 929 450 1006 488; x_wconf 81' lang='lat' dir='ltr'>an</span> <span class='ocrx_word' id='word_1_36' title='bbox 1043 442 1100 488; x_wconf 88' lang='lat' dir='ltr'>et</span> <span class='ocrx_word' id='word_1_37' title='bbox 1143 441 1278 487; x_wconf 85' lang='lat' dir='ltr'>ante</span> <span class='ocrx_word' id='word_1_38' title='bbox 1303 431 1559 506; x_wconf 79' lang='lat' dir='ltr'>ignaros,</span> <span class='ocrx_word' id='word_1_39' title='bbox 1647 431 2107 514; x_wconf 75' lang='lat' dir='ltr'>Igitur-longum</span> 
     </span>
    </p>
   </div>
   <div class='ocr_carea' id='block_1_7' title="bbox 229 607 1140 1419">
    <p class='ocr_par' dir='ltr' id='par_1_7' title="bbox 229 607 1140 1419">
     <span class='ocr_line' id='line_1_11' title="bbox 229 607 1138 674; baseline -0.007 -19"><span class='ocrx_word' id='word_1_40' title='bbox 229 613 446 670; x_wconf 77' lang='lat' dir='ltr'>fragium</span> <span class='ocrx_word' id='word_1_41' title='bbox 463 627 547 670; x_wconf 85' lang='lat' dir='ltr'>pro</span> <span class='ocrx_word' id='word_1_42' title='bbox 562 610 813 654; x_wconf 81' lang='lat' dir='ltr'><em>subsidium</em></span> <span class='ocrx_word' id='word_1_43' title='bbox 836 624 965 665; x_wconf 84' lang='lat' dir='ltr'>saepe</span> <span class='ocrx_word' id='word_1_44' title='bbox 990 607 1138 674; x_wconf 79' lang='lat' dir='ltr'>dixere</span> 
     </span>
     <span class='ocr_line' id='line_1_12' title="bbox 243 666 1138 730; baseline -0.006 -17"><span class='ocrx_word' id='word_1_45' title='bbox 243 671 502 730; x_wconf 83' lang='lat' dir='ltr'>posterioris</span> <span class='ocrx_word' id='word_1_46' title='bbox 545 668 697 710; x_wconf 81' lang='lat' dir='ltr'>aetatis</span> <span class='ocrx_word' id='word_1_47' title='bbox 745 666 998 723; x_wconf 82' lang='lat' dir='ltr'>scriptores.</span> <span class='ocrx_word' id='word_1_48' title='bbox 1082 667 1138 710; x_wconf 72' lang='lat' dir='ltr'>et.</span> 
     </span>
     <span class='ocr_line' id='line_1_13' title="bbox 241 720 1138 785; baseline -0.006 -13"><span class='ocrx_word' id='word_1_49' title='bbox 241 727 341 773; x_wconf 84' lang='lat' dir='ltr'>Ael.</span> <span class='ocrx_word' id='word_1_50' title='bbox 384 720 607 785; x_wconf 64' lang='lat' dir='ltr'>spartian.</span> <span class='ocrx_word' id='word_1_51' title='bbox 653 725 701 766; x_wconf 90' lang='lat' dir='ltr'>in</span> <span class='ocrx_word' id='word_1_52' title='bbox 741 723 960 767; x_wconf 79' lang='lat' dir='ltr'>Pescenn.</span> <span class='ocrx_word' id='word_1_53' title='bbox 995 726 1138 783; x_wconf 74' lang='lat' dir='ltr'>Nigro</span> 
     </span>
     <span class='ocr_line' id='line_1_14' title="bbox 243 783 1140 836; baseline -0.003 -6"><span class='ocrx_word' id='word_1_54' title='bbox 243 804 284 833; x_wconf 84' lang='lat' dir='ltr'>c.</span> <span class='ocrx_word' id='word_1_55' title='bbox 310 787 379 829; x_wconf 88' lang='lat'><strong>11.</strong></span> <span class='ocrx_word' id='word_1_56' title='bbox 410 799 496 827; x_wconf 87' lang='lat' dir='ltr'>nec</span> <span class='ocrx_word' id='word_1_57' title='bbox 517 783 607 826; x_wconf 84' lang='lat' dir='ltr'><em>sibi</em></span> <span class='ocrx_word' id='word_1_58' title='bbox 633 796 840 836; x_wconf 84' lang='lat' dir='ltr'>unquam</span> <span class='ocrx_word' id='word_1_59' title='bbox 870 785 941 825; x_wconf 84' lang='lat' dir='ltr'>vel</span> <span class='ocrx_word' id='word_1_60' title='bbox 972 793 1140 827; x_wconf 85' lang='lat' dir='ltr'>contra</span> 
     </span>
     <span class='ocr_line' id='line_1_15' title="bbox 243 839 1140 896; baseline -0.007 -8"><span class='ocrx_word' id='word_1_61' title='bbox 243 847 388 889; x_wconf 82' lang='lat' dir='ltr'>solem</span> <span class='ocrx_word' id='word_1_62' title='bbox 423 844 493 884; x_wconf 82' lang='lat' dir='ltr'>vel</span> <span class='ocrx_word' id='word_1_63' title='bbox 525 849 685 882; x_wconf 81' lang='lat' dir='ltr'>contra</span> <span class='ocrx_word' id='word_1_64' title='bbox 709 839 882 882; x_wconf 81' lang='lat' dir='ltr'><em>imbres</em></span> <span class='ocrx_word' id='word_1_65' title='bbox 907 843 1140 896; x_wconf 62' lang='lat' dir='ltr'>quiaesivit</span> 
     </span>
     <span class='ocr_line' id='line_1_16' title="bbox 242 898 1138 955; baseline -0.004 -9"><span class='ocrx_word' id='word_1_66' title='bbox 242 903 352 946; x_wconf 64' lang='lat' dir='ltr'>teeti</span> <span class='ocrx_word' id='word_1_67' title='bbox 383 900 466 955; x_wconf 87' lang='lat' dir='ltr'>(sic</span> <span class='ocrx_word' id='word_1_68' title='bbox 489 898 669 954; x_wconf 82' lang='lat' dir='ltr'><strong>corrigo</strong></span> <span class='ocrx_word' id='word_1_69' title='bbox 696 912 779 954; x_wconf 90' lang='lat' dir='ltr'>pro</span> <span class='ocrx_word' id='word_1_70' title='bbox 814 899 935 954; x_wconf 72' lang='lat' dir='ltr'>lecti)</span> <span class='ocrx_word' id='word_1_71' title='bbox 961 901 1138 954; x_wconf 83' lang='lat' dir='ltr'>suffra-</span> 
     </span>
     <span class='ocr_line' id='line_1_17' title="bbox 244 955 1135 1016; baseline -0.003 -14"><span class='ocrx_word' id='word_1_72' title='bbox 244 962 396 1016; x_wconf 78' lang='lat' dir='ltr'>gium,</span> <span class='ocrx_word' id='word_1_73' title='bbox 427 957 472 999; x_wconf 87' lang='lat' dir='ltr'>si</span> <span class='ocrx_word' id='word_1_74' title='bbox 498 957 628 998; x_wconf 80' lang='lat' dir='ltr'>miles</span> <span class='ocrx_word' id='word_1_75' title='bbox 647 968 742 997; x_wconf 86' lang='lat' dir='ltr'>non</span> <span class='ocrx_word' id='word_1_76' title='bbox 765 957 944 999; x_wconf 80' lang='lat' dir='ltr'>habuit.</span> <span class='ocrx_word' id='word_1_77' title='bbox 1006 955 1135 1001; x_wconf 86' lang='lat' dir='ltr'><strong>Paul.</strong></span> 
     </span>
     <span class='ocr_line' id='line_1_18' title="bbox 241 1007 1138 1071; baseline -0.001 -11"><span class='ocrx_word' id='word_1_78' title='bbox 241 1013 496 1069; x_wconf 82' lang='lat' dir='ltr'>Warnefr.</span> <span class='ocrx_word' id='word_1_79' title='bbox 544 1012 599 1055; x_wconf 91' lang='lat' dir='ltr'>de</span> <span class='ocrx_word' id='word_1_80' title='bbox 641 1007 749 1068; x_wconf 76' lang='lat' dir='ltr'>gest&#39;.</span> <span class='ocrx_word' id='word_1_81' title='bbox 784 1011 983 1071; x_wconf 82' lang='lat' dir='ltr'>Langob.</span> <span class='ocrx_word' id='word_1_82' title='bbox 1018 1017 1061 1064; x_wconf 72' lang='lat'>2,</span> <span class='ocrx_word' id='word_1_83' title='bbox 1099 1017 1138 1058; x_wconf 88' lang='grc'><strong>1.</strong></span> 
     </span>
     <span class='ocr_line' id='line_1_19' title="bbox 245 1073 1136 1119; baseline -0.001 -4"><span class='ocrx_word' id='word_1_84' title='bbox 245 1074 377 1119; x_wconf 80' lang='lat' dir='ltr'>Tunc</span> <span class='ocrx_word' id='word_1_85' title='bbox 406 1073 576 1115; x_wconf 80' lang='lat' dir='ltr'>Alboin</span> <span class='ocrx_word' id='word_1_86' title='bbox 614 1074 811 1112; x_wconf 80' lang='lat' dir='ltr'><em>electam</em></span> <span class='ocrx_word' id='word_1_87' title='bbox 843 1087 868 1114; x_wconf 88' lang='lat' dir='ltr'>e</span> <span class='ocrx_word' id='word_1_88' title='bbox 901 1075 1000 1115; x_wconf 82' lang='lat' dir='ltr'>suis</span> <span class='ocrx_word' id='word_1_89' title='bbox 1031 1089 1136 1116; x_wconf 83' lang='lat' dir='ltr'>ma-</span> 
     </span>
     <span class='ocr_line' id='line_1_20' title="bbox 244 1129 1139 1183; baseline -0.006 -6"><span class='ocrx_word' id='word_1_90' title='bbox 244 1148 361 1177; x_wconf 85' lang='lat' dir='ltr'>num</span> <span class='ocrx_word' id='word_1_91' title='bbox 378 1131 574 1179; x_wconf 79' lang='lat' dir='ltr'>direxit,</span> <span class='ocrx_word' id='word_1_92' title='bbox 615 1129 697 1183; x_wconf 85' lang='lat' dir='ltr'>qui</span> <span class='ocrx_word' id='word_1_93' title='bbox 714 1129 947 1173; x_wconf 83' lang='lat' dir='ltr'>Romanis</span> <span class='ocrx_word' id='word_1_94' title='bbox 967 1135 1139 1174; x_wconf 85' lang='lat' dir='ltr'>adver-</span> 
     </span>
     <span class='ocr_line' id='line_1_21' title="bbox 240 1185 1138 1245; baseline -0.002 -12"><span class='ocrx_word' id='word_1_95' title='bbox 240 1194 349 1234; x_wconf 76' lang='lat' dir='ltr'>sum</span> <span class='ocrx_word' id='word_1_96' title='bbox 393 1187 571 1230; x_wconf 79' lang='lat' dir='ltr'><strong><em>Gothos</em></strong></span> <span class='ocrx_word' id='word_1_97' title='bbox 619 1185 896 1240; x_wconf 79' lang='lat' dir='ltr'>suffragium</span> <span class='ocrx_word' id='word_1_98' title='bbox 935 1189 1138 1245; x_wconf 84' lang='lat' dir='ltr'>ferrent.</span> 
     </span>
     <span class='ocr_line' id='line_1_22' title="bbox 244 1243 1136 1304; baseline -0.002 -14"><span class='ocrx_word' id='word_1_99' title='bbox 244 1248 375 1304; x_wconf 83' lang='lat' dir='ltr'><strong>Quae</strong></span> <span class='ocrx_word' id='word_1_100' title='bbox 410 1243 632 1303; x_wconf 85' lang='lat' dir='ltr'>exempla,</span> <span class='ocrx_word' id='word_1_101' title='bbox 670 1243 716 1286; x_wconf 90' lang='lat' dir='ltr'>ni</span> <span class='ocrx_word' id='word_1_102' title='bbox 747 1243 913 1288; x_wconf 86' lang='lat' dir='ltr'>faciant</span> <span class='ocrx_word' id='word_1_103' title='bbox 945 1247 998 1289; x_wconf 84' lang='lat' dir='ltr'>ad</span> <span class='ocrx_word' id='word_1_104' title='bbox 1026 1262 1136 1290; x_wconf 86' lang='lat' dir='ltr'>con·</span> 
     </span>
     <span class='ocr_line' id='line_1_23' title="bbox 242 1301 1133 1359; baseline -0.002 -11"><span class='ocrx_word' id='word_1_105' title='bbox 242 1302 514 1350; x_wconf 81' lang='lat' dir='ltr'>firmandam</span> <span class='ocrx_word' id='word_1_106' title='bbox 565 1302 634 1345; x_wconf 90' lang='lat' dir='ltr'>ed.</span> <span class='ocrx_word' id='word_1_107' title='bbox 681 1301 802 1359; x_wconf 87' lang='lat' dir='ltr'>Spir.</span> <span class='ocrx_word' id='word_1_108' title='bbox 848 1304 934 1347; x_wconf 89' lang='lat' dir='ltr'>scri</span> <span class='ocrx_word' id='word_1_109' title='bbox 972 1314 1133 1353; x_wconf 82' lang='lat' dir='ltr'>turam,</span> 
     </span>
     <span class='ocr_line' id='line_1_24' title="bbox 242 1320 1134 1419; baseline 0 -15"><span class='ocrx_word' id='word_1_110' title='bbox 242 1362 473 1419; x_wconf 69' lang='lat' dir='ltr'>dopebunt</span> <span class='ocrx_word' id='word_1_111' title='bbox 514 1369 693 1413; x_wconf 79' lang='lat' dir='ltr'>tamen,</span> <span class='ocrx_word' id='word_1_112' title='bbox 750 1320 982 1416; x_wconf 60' lang='lat' dir='ltr'>quoniotfo</span> <span class='ocrx_word' id='word_1_113' title='bbox 1027 1361 1134 1404; x_wconf 87' lang='lat' dir='ltr'>oriri</span> 
     </span>
    </p>
   </div>
   <div class='ocr_carea' id='block_1_8' title="bbox 241 1415 1170 1480">
    <p class='ocr_par' dir='ltr' id='par_1_8' title="bbox 241 1415 1170 1480">
     <span class='ocr_line' id='line_1_25' title="bbox 241 1415 1170 1480; baseline -0.003 -16"><span class='ocrx_word' id='word_1_114' title='bbox 241 1419 452 1480; x_wconf 80' lang='lat' dir='ltr'>potuerit.</span> <span class='ocrx_word' id='word_1_115' title='bbox 509 1415 673 1468; x_wconf 62' lang='lat' dir='ltr'><strong>MSS„</strong></span> <span class='ocrx_word' id='word_1_116' title='bbox 703 1417 740 1461; x_wconf 88' lang='lat' dir='ltr'>si</span> <span class='ocrx_word' id='word_1_117' title='bbox 769 1417 879 1460; x_wconf 85' lang='lat' dir='ltr'>fides</span> <span class='ocrx_word' id='word_1_118' title='bbox 912 1427 977 1462; x_wconf 84' lang='lat' dir='ltr'>est</span> <span class='ocrx_word' id='word_1_119' title='bbox 1005 1419 1134 1463; x_wconf 84' lang='lat' dir='ltr'>silen-</span> <span class='ocrx_word' id='word_1_120' title='bbox 1165 1445 1170 1450; x_wconf 57' lang='grc' dir='ltr'><em>ι</em></span> 
     </span>
    </p>
   </div>
   <div class='ocr_carea' id='block_1_9' title="bbox 175 1475 1135 1647">
    <p class='ocr_par' dir='ltr' id='par_1_9' title="bbox 175 1475 1135 1647">
     <span class='ocr_line' id='line_1_26' title="bbox 175 1475 1135 1533; baseline -0.003 -10"><span class='ocrx_word' id='word_1_121' title='bbox 175 1509 179 1515; x_wconf 97' lang='grc'>-</span> <span class='ocrx_word' id='word_1_122' title='bbox 237 1480 302 1523; x_wconf 85' lang='lat' dir='ltr'>tio</span> <span class='ocrx_word' id='word_1_123' title='bbox 330 1478 559 1529; x_wconf 85' lang='lat' dir='ltr'>virorum,</span> <span class='ocrx_word' id='word_1_124' title='bbox 609 1475 686 1532; x_wconf 89' lang='lat' dir='ltr'>qui</span> <span class='ocrx_word' id='word_1_125' title='bbox 721 1477 975 1533; x_wconf 81' lang='lat' dir='ltr'>inspexere,</span> <span class='ocrx_word' id='word_1_126' title='bbox 1029 1493 1135 1520; x_wconf 90' lang='lat' dir='ltr'>con·</span> 
     </span>
     <span class='ocr_line' id='line_1_27' title="bbox 241 1533 1135 1581; baseline -0.008 0"><span class='ocrx_word' id='word_1_127' title='bbox 241 1537 440 1581; x_wconf 82' lang='lat' dir='ltr'>sentiunt</span> <span class='ocrx_word' id='word_1_128' title='bbox 476 1534 524 1576; x_wconf 90' lang='lat' dir='ltr'>in</span> <span class='ocrx_word' id='word_1_129' title='bbox 545 1534 816 1576; x_wconf 80' lang='lat' dir='ltr'><em>subsidium.</em></span> <span class='ocrx_word' id='word_1_130' title='bbox 877 1533 936 1578; x_wconf 82' lang='lat' dir='ltr'>cf.</span> <span class='ocrx_word' id='word_1_131' title='bbox 963 1543 1056 1577; x_wconf 83' lang='lat' dir='ltr'>not.</span> <span class='ocrx_word' id='word_1_132' title='bbox 1081 1534 1135 1577; x_wconf 85' lang='lat' dir='ltr'>ad</span> 
     </span>
     <span class='ocr_line' id='line_1_28' title="bbox 242 1590 1134 1647; baseline -0.007 -8"><span class='ocrx_word' id='word_1_133' title='bbox 242 1598 282 1647; x_wconf 91' lang='grc'><strong>1,</strong></span> <span class='ocrx_word' id='word_1_134' title='bbox 331 1594 375 1638; x_wconf 79' lang='grc'>3.</span> <span class='ocrx_word' id='word_1_135' title='bbox 450 1590 711 1635; x_wconf 82' lang='lat' dir='ltr'>Groslotius</span> <span class='ocrx_word' id='word_1_136' title='bbox 759 1591 939 1638; x_wconf 82' lang='lat' dir='ltr'>volebat</span> <span class='ocrx_word' id='word_1_137' title='bbox 983 1593 1134 1647; x_wconf 82' lang='lat' dir='ltr'>suffu-</span> 
     </span>
    </p>
   </div>
   <div class='ocr_carea' id='block_1_10' title="bbox 237 1655 383 1711">
    <p class='ocr_par' dir='ltr' id='par_1_10' title="bbox 237 1655 383 1711">
     <span class='ocr_line' id='line_1_29' title="bbox 237 1655 383 1711; baseline -0.014 -14"><span class='ocrx_word' id='word_1_138' title='bbox 237 1655 383 1711; x_wconf 75' lang='lat' dir='ltr'>gium-</span> 
     </span>
    </p>
   </div>
   <div class='ocr_carea' id='block_1_11' title="bbox 227 1764 1142 3629">
    <p class='ocr_par' dir='ltr' id='par_1_11' title="bbox 227 1764 1142 3629">
     <span class='ocr_line' id='line_1_30' title="bbox 297 1764 1137 1824; baseline -0.008 -12"><span class='ocrx_word' id='word_1_139' title='bbox 297 1773 619 1824; x_wconf 77' lang='lat' dir='ltr'>expergerenc.</span> <span class='ocrx_word' id='word_1_140' title='bbox 698 1764 802 1808; x_wconf 90' lang='lat' dir='ltr'>MS.</span> <span class='ocrx_word' id='word_1_141' title='bbox 846 1764 881 1807; x_wconf 85' lang='lat' dir='ltr'><strong>F</strong></span> <span class='ocrx_word' id='word_1_142' title='bbox 886 1764 971 1808; x_wconf 85' lang='lat' dir='ltr'>lor.</span> <span class='ocrx_word' id='word_1_143' title='bbox 1022 1767 1137 1818; x_wconf 78' lang='lat' dir='ltr'>(test.</span> 
     </span>
     <span class='ocr_line' id='line_1_31' title="bbox 243 1822 1139 1882; baseline -0.007 -13"><span class='ocrx_word' id='word_1_144' title='bbox 243 1828 366 1872; x_wconf 68' lang='lat' dir='ltr'>Vici.</span> <span class='ocrx_word' id='word_1_145' title='bbox 393 1843 433 1870; x_wconf 86' lang='lat' dir='ltr'>c.</span> <span class='ocrx_word' id='word_1_146' title='bbox 454 1826 530 1882; x_wconf 85' lang='lat' dir='ltr'><strong>al.)</strong></span> <span class='ocrx_word' id='word_1_147' title='bbox 566 1837 843 1878; x_wconf 76' lang='lat' dir='ltr'>expergens.</span> <span class='ocrx_word' id='word_1_148' title='bbox 883 1851 942 1859; x_wconf 87' lang='grc'>--</span> <span class='ocrx_word' id='word_1_149' title='bbox 999 1822 1139 1865; x_wconf 87' lang='lat' dir='ltr'><strong>MSS.</strong></span> 
     </span>
     <span class='ocr_line' id='line_1_32' title="bbox 239 1881 1142 1941; baseline -0.008 -12"><span class='ocrx_word' id='word_1_150' title='bbox 239 1886 351 1941; x_wconf 71' lang='lat' dir='ltr'>fleg.</span> <span class='ocrx_word' id='word_1_151' title='bbox 383 1882 520 1927; x_wconf 83' lang='lat' dir='ltr'>Corb.</span> <span class='ocrx_word' id='word_1_152' title='bbox 556 1881 627 1924; x_wconf 89' lang='lat' dir='ltr'>ed.</span> <span class='ocrx_word' id='word_1_153' title='bbox 662 1881 781 1939; x_wconf 88' lang='lat' dir='ltr'>Spir.</span> <span class='ocrx_word' id='word_1_154' title='bbox 816 1889 1053 1936; x_wconf 72' lang='lat' dir='ltr'>expertes-</span> <span class='ocrx_word' id='word_1_155' title='bbox 1083 1908 1142 1915; x_wconf 90' lang='lat'>—-</span> 
     </span>
     <span class='ocr_line' id='line_1_33' title="bbox 227 1933 1139 1996; baseline -0.011 -8"><span class='ocrx_word' id='word_1_156' title='bbox 227 1933 379 1988; x_wconf 89' lang='lat' dir='ltr'><strong>MSS.</strong></span> <span class='ocrx_word' id='word_1_157' title='bbox 410 1941 529 1989; x_wconf 76' lang='lat' dir='ltr'><strong>Bud.</strong></span> <span class='ocrx_word' id='word_1_158' title='bbox 566 1939 816 1990; x_wconf 28' lang='lat' dir='ltr'>(sedierasa</span> <span class='ocrx_word' id='word_1_159' title='bbox 850 1939 1000 1996; x_wconf 89' lang='lat' dir='ltr'>priore</span> <span class='ocrx_word' id='word_1_160' title='bbox 1030 1938 1139 1980; x_wconf 88' lang='lat' dir='ltr'>scri·</span> 
     </span>
     <span class='ocr_line' id='line_1_34' title="bbox 245 1996 1137 2060; baseline -0.009 -17"><span class='ocrx_word' id='word_1_161' title='bbox 245 2003 396 2060; x_wconf 86' lang='lat' dir='ltr'>ptura)</span> <span class='ocrx_word' id='word_1_162' title='bbox 449 1996 598 2040; x_wconf 72' lang='lat' dir='ltr'>Guetf.</span> <span class='ocrx_word' id='word_1_163' title='bbox 650 1996 774 2038; x_wconf 79' lang='lat' dir='ltr'>Harl.</span> <span class='ocrx_word' id='word_1_164' title='bbox 828 1997 911 2039; x_wconf 84' lang='lat' dir='ltr'>les.</span> <span class='ocrx_word' id='word_1_165' title='bbox 961 2010 1137 2049; x_wconf 80' lang='lat' dir='ltr'>expur-</span> 
     </span>
     <span class='ocr_line' id='line_1_35' title="bbox 247 2052 1138 2115; baseline -0.008 -15"><span class='ocrx_word' id='word_1_166' title='bbox 247 2065 376 2115; x_wconf 79' lang='lat' dir='ltr'>gent.</span> <span class='ocrx_word' id='word_1_167' title='bbox 417 2083 475 2092; x_wconf 87' lang='lat'>--</span> <span class='ocrx_word' id='word_1_168' title='bbox 532 2053 633 2096; x_wconf 87' lang='lat' dir='ltr'><strong>MS.</strong></span> <span class='ocrx_word' id='word_1_169' title='bbox 655 2054 786 2096; x_wconf 86' lang='lat' dir='ltr'><strong>Bodl.</strong></span> <span class='ocrx_word' id='word_1_170' title='bbox 816 2053 917 2097; x_wconf 88' lang='lat' dir='ltr'>edd.</span> <span class='ocrx_word' id='word_1_171' title='bbox 944 2053 1046 2096; x_wconf 83' lang='lat' dir='ltr'><strong>Put.</strong></span> <span class='ocrx_word' id='word_1_172' title='bbox 1071 2052 1138 2094; x_wconf 87' lang='lat' dir='ltr'><strong>M.</strong></span> 
     </span>
     <span class='ocr_line' id='line_1_36' title="bbox 243 2110 1138 2167; baseline -0.01 -7"><span class='ocrx_word' id='word_1_173' title='bbox 243 2126 287 2160; x_wconf 88' lang='lat' dir='ltr'>et</span> <span class='ocrx_word' id='word_1_174' title='bbox 312 2112 368 2158; x_wconf 87' lang='lat' dir='ltr'><strong>V.</strong></span> <span class='ocrx_word' id='word_1_175' title='bbox 392 2113 498 2157; x_wconf 91' lang='lat' dir='ltr'>Ber.</span> <span class='ocrx_word' id='word_1_176' title='bbox 523 2111 625 2156; x_wconf 87' lang='lat' dir='ltr'>Alc.</span> <span class='ocrx_word' id='word_1_177' title='bbox 652 2110 798 2154; x_wconf 86' lang='lat' dir='ltr'>Rhen.</span> <span class='ocrx_word' id='word_1_178' title='bbox 831 2126 929 2167; x_wconf 88' lang='lat' dir='ltr'><strong>sqq.</strong></span> <span class='ocrx_word' id='word_1_179' title='bbox 967 2124 1138 2163; x_wconf 76' lang='lat' dir='ltr'>exper-</span> 
     </span>
     <span class='ocr_line' id='line_1_37' title="bbox 240 2168 1138 2230; baseline -0.008 -12"><span class='ocrx_word' id='word_1_180' title='bbox 240 2175 547 2230; x_wconf 77' lang='lat' dir='ltr'>giscerentur.</span> <span class='ocrx_word' id='word_1_181' title='bbox 607 2172 656 2212; x_wconf 85' lang='lat' dir='ltr'>ln</span> <span class='ocrx_word' id='word_1_182' title='bbox 694 2185 834 2226; x_wconf 77' lang='lat' dir='ltr'>marg.</span> <span class='ocrx_word' id='word_1_183' title='bbox 873 2168 973 2211; x_wconf 82' lang='lat' dir='ltr'>MS.</span> <span class='ocrx_word' id='word_1_184' title='bbox 1004 2168 1138 2211; x_wconf 81' lang='lat' dir='ltr'><strong>Bodl.</strong></span> 
     </span>
     <span class='ocr_line' id='line_1_38' title="bbox 242 2225 1140 2286; baseline -0.004 -13"><span class='ocrx_word' id='word_1_185' title='bbox 242 2236 532 2286; x_wconf 72' lang='lat' dir='ltr'>expurgent,</span> <span class='ocrx_word' id='word_1_186' title='bbox 578 2229 823 2280; x_wconf 78' lang='lat' dir='ltr'>explicent.</span> <span class='ocrx_word' id='word_1_187' title='bbox 898 2225 999 2268; x_wconf 89' lang='lat' dir='ltr'><strong>MS.</strong></span> <span class='ocrx_word' id='word_1_188' title='bbox 1031 2225 1140 2282; x_wconf 83' lang='lat' dir='ltr'>Agr.</span> 
     </span>
     <span class='ocr_line' id='line_1_39' title="bbox 235 2283 1140 2349; baseline -0.011 -16"><span class='ocrx_word' id='word_1_189' title='bbox 235 2297 285 2334; x_wconf 80' lang='lat' dir='ltr'>et</span> <span class='ocrx_word' id='word_1_190' title='bbox 339 2287 446 2330; x_wconf 86' lang='lat' dir='ltr'>inde</span> <span class='ocrx_word' id='word_1_191' title='bbox 497 2286 565 2328; x_wconf 88' lang='lat' dir='ltr'>ed.</span> <span class='ocrx_word' id='word_1_192' title='bbox 610 2283 753 2344; x_wconf 83' lang='lat' dir='ltr'><strong>Ryck.</strong></span> <span class='ocrx_word' id='word_1_193' title='bbox 796 2290 1140 2349; x_wconf 54' lang='lat' dir='ltr'>expromerent:</span> 
     </span>
     <span class='ocr_line' id='line_1_40' title="bbox 240 2341 1138 2406; baseline -0.008 -17"><span class='ocrx_word' id='word_1_194' title='bbox 240 2347 375 2404; x_wconf 79' lang='lat' dir='ltr'>Quae</span> <span class='ocrx_word' id='word_1_195' title='bbox 404 2358 508 2388; x_wconf 87' lang='lat' dir='ltr'>cum</span> <span class='ocrx_word' id='word_1_196' title='bbox 530 2342 710 2386; x_wconf 78' lang='lat' dir='ltr'>infirma</span> <span class='ocrx_word' id='word_1_197' title='bbox 730 2341 1024 2388; x_wconf 85' lang='lat' dir='ltr'>viderentur,</span> <span class='ocrx_word' id='word_1_198' title='bbox 1054 2356 1138 2406; x_wconf 40' lang='lat' dir='ltr'>v‘iri</span> 
     </span>
     <span class='ocr_line' id='line_1_41' title="bbox 241 2398 1138 2449; baseline -0.011 0"><span class='ocrx_word' id='word_1_199' title='bbox 241 2403 366 2449; x_wconf 81' lang='lat' dir='ltr'>docti</span> <span class='ocrx_word' id='word_1_200' title='bbox 399 2402 560 2444; x_wconf 71' lang='lat' dir='ltr'>multas</span> <span class='ocrx_word' id='word_1_201' title='bbox 598 2409 822 2444; x_wconf 74' lang='lat' dir='ltr'>tentavere</span> <span class='ocrx_word' id='word_1_202' title='bbox 865 2398 1138 2442; x_wconf 75' lang='lat' dir='ltr'>emendatio-</span> 
     </span>
     <span class='ocr_line' id='line_1_42' title="bbox 241 2455 1138 2507; baseline -0.011 0"><span class='ocrx_word' id='word_1_203' title='bbox 241 2478 339 2507; x_wconf 87' lang='lat' dir='ltr'>nes.</span> <span class='ocrx_word' id='word_1_204' title='bbox 401 2461 576 2502; x_wconf 81' lang='lat' dir='ltr'><strong>Auctor</strong></span> <span class='ocrx_word' id='word_1_205' title='bbox 594 2457 755 2501; x_wconf 80' lang='lat' dir='ltr'>incerti</span> <span class='ocrx_word' id='word_1_206' title='bbox 779 2455 980 2500; x_wconf 88' lang='lat' dir='ltr'>nominis</span> <span class='ocrx_word' id='word_1_207' title='bbox 1010 2470 1035 2497; x_wconf 86' lang='lat' dir='ltr'>a</span> <span class='ocrx_word' id='word_1_208' title='bbox 1057 2456 1138 2498; x_wconf 75' lang='lat' dir='ltr'>Pi-</span> 
     </span>
     <span class='ocr_line' id='line_1_43' title="bbox 242 2513 1139 2569; baseline -0.011 -4"><span class='ocrx_word' id='word_1_209' title='bbox 242 2519 382 2566; x_wconf 83' lang='lat' dir='ltr'>chena</span> <span class='ocrx_word' id='word_1_210' title='bbox 404 2516 634 2561; x_wconf 72' lang='lat' dir='ltr'>laudatust</span> <span class='ocrx_word' id='word_1_211' title='bbox 677 2515 982 2569; x_wconf 75' lang='lat' dir='ltr'>expedirent,</span> <span class='ocrx_word' id='word_1_212' title='bbox 1014 2513 1139 2569; x_wconf 87' lang='lat' dir='ltr'>quod</span> 
     </span>
     <span class='ocr_line' id='line_1_44' title="bbox 240 2570 1139 2672; baseline -0.01 -49"><span class='ocrx_word' id='word_1_213' title='bbox 240 2592 386 2636; x_wconf 87' lang='lat' dir='ltr'>nuper</span> <span class='ocrx_word' id='word_1_214' title='bbox 409 2575 458 2618; x_wconf 90' lang='lat' dir='ltr'>in</span> <span class='ocrx_word' id='word_1_215' title='bbox 476 2582 731 2617; x_wconf 81' lang='lat' dir='ltr'>contextum</span> <span class='ocrx_word' id='word_1_216' title='bbox 750 2581 1016 2672; x_wconf 56' lang='lat' dir='ltr'>receEerunt</span> <span class='ocrx_word' id='word_1_217' title='bbox 1028 2570 1139 2614; x_wconf 84' lang='lat' dir='ltr'>Bek-</span> 
     </span>
     <span class='ocr_line' id='line_1_45' title="bbox 240 2628 1141 2690; baseline -0.01 -10"><span class='ocrx_word' id='word_1_218' title='bbox 240 2636 374 2680; x_wconf 83' lang='lat' dir='ltr'>kerus</span> <span class='ocrx_word' id='word_1_219' title='bbox 408 2640 452 2675; x_wconf 86' lang='lat' dir='ltr'>et</span> <span class='ocrx_word' id='word_1_220' title='bbox 484 2629 795 2690; x_wconf 83' lang='lat' dir='ltr'>Kiesslingius.</span> <span class='ocrx_word' id='word_1_221' title='bbox 897 2628 1141 2672; x_wconf 83' lang='lat' dir='ltr'>oxhornius</span> 
     </span>
     <span class='ocr_line' id='line_1_46' title="bbox 240 2687 1139 2746; baseline -0.011 -9"><span class='ocrx_word' id='word_1_222' title='bbox 240 2693 414 2737; x_wconf 84' lang='lat' dir='ltr'>delebat</span> <span class='ocrx_word' id='word_1_223' title='bbox 436 2691 559 2746; x_wconf 80' lang='lat' dir='ltr'>quid.</span> <span class='ocrx_word' id='word_1_224' title='bbox 618 2689 706 2732; x_wconf 87' lang='lat' dir='ltr'>Iac.</span> <span class='ocrx_word' id='word_1_225' title='bbox 734 2687 1026 2732; x_wconf 84' lang='lat' dir='ltr'><strong>Gronovius:</strong></span> <span class='ocrx_word' id='word_1_226' title='bbox 1058 2702 1139 2728; x_wconf 85' lang='lat' dir='ltr'>ex·</span> 
     </span>
     <span class='ocr_line' id='line_1_47' title="bbox 235 2748 1136 2806; baseline -0.008 -13"><span class='ocrx_word' id='word_1_227' title='bbox 235 2751 469 2806; x_wconf 69' lang='lat' dir='ltr'>purgetis,</span> <span class='ocrx_word' id='word_1_228' title='bbox 521 2748 815 2801; x_wconf 78' lang='lat' dir='ltr'>expergetis,</span> <span class='ocrx_word' id='word_1_229' title='bbox 861 2751 1136 2799; x_wconf 80' lang='lat' dir='ltr'>expurgent.</span> 
     </span>
     <span class='ocr_line' id='line_1_48' title="bbox 240 2804 1135 2857; baseline -0.01 -6"><span class='ocrx_word' id='word_1_230' title='bbox 240 2805 486 2851; x_wconf 83' lang='lat' dir='ltr'>Heinsius:</span> <span class='ocrx_word' id='word_1_231' title='bbox 565 2804 801 2857; x_wconf 74' lang='lat' dir='ltr'>expergiti</span> <span class='ocrx_word' id='word_1_232' title='bbox 863 2809 1135 2857; x_wconf 73' lang='lat' dir='ltr'>suggerant.</span> 
     </span>
     <span class='ocr_line' id='line_1_49' title="bbox 239 2862 1136 2918; baseline -0.01 -7"><span class='ocrx_word' id='word_1_233' title='bbox 239 2865 458 2911; x_wconf 76' lang='lat' dir='ltr'>Hillerus:</span> <span class='ocrx_word' id='word_1_234' title='bbox 489 2870 711 2918; x_wconf 71' lang='lat' dir='ltr'>exputent</span> <span class='ocrx_word' id='word_1_235' title='bbox 735 2862 807 2907; x_wconf 83' lang='lat' dir='ltr'>vel</span> <span class='ocrx_word' id='word_1_236' title='bbox 832 2862 1136 2915; x_wconf 75' lang='lat' dir='ltr'>expiscaren-</span> 
     </span>
     <span class='ocr_line' id='line_1_50' title="bbox 240 2919 1136 2978; baseline -0.009 -12"><span class='ocrx_word' id='word_1_237' title='bbox 240 2933 342 2971; x_wconf 74' lang='lat' dir='ltr'>tur.</span> <span class='ocrx_word' id='word_1_238' title='bbox 390 2921 493 2978; x_wconf 83' lang='lat' dir='ltr'>Rip.</span> <span class='ocrx_word' id='word_1_239' title='bbox 529 2929 570 2964; x_wconf 89' lang='lat' dir='ltr'>et</span> <span class='ocrx_word' id='word_1_240' title='bbox 601 2919 759 2963; x_wconf 79' lang='lat' dir='ltr'>Oberl.</span> <span class='ocrx_word' id='word_1_241' title='bbox 788 2935 886 2976; x_wconf 91' lang='lat' dir='ltr'><strong>sqq.</strong></span> <span class='ocrx_word' id='word_1_242' title='bbox 924 2932 1136 2975; x_wconf 77' lang='lat' dir='ltr'>recepere</span> 
     </span>
     <span class='ocr_line' id='line_1_51' title="bbox 240 2977 1136 3036; baseline -0.009 -12"><span class='ocrx_word' id='word_1_243' title='bbox 240 2980 512 3036; x_wconf 81' lang='lat' dir='ltr'>reperirent.</span> <span class='ocrx_word' id='word_1_244' title='bbox 579 2977 630 3020; x_wconf 87' lang='lat' dir='ltr'>In</span> <span class='ocrx_word' id='word_1_245' title='bbox 658 2993 742 3033; x_wconf 84' lang='lat' dir='ltr'>qua</span> <span class='ocrx_word' id='word_1_246' title='bbox 769 2977 1037 3033; x_wconf 79' lang='lat' dir='ltr'>opinionum</span> <span class='ocrx_word' id='word_1_247' title='bbox 1062 2990 1136 3017; x_wconf 83' lang='lat' dir='ltr'>va-</span> 
     </span>
     <span class='ocr_line' id='line_1_52' title="bbox 239 3033 1139 3089; baseline -0.01 -7"><span class='ocrx_word' id='word_1_248' title='bbox 239 3038 395 3082; x_wconf 83' lang='lat' dir='ltr'>rietate</span> <span class='ocrx_word' id='word_1_249' title='bbox 415 3035 716 3080; x_wconf 83' lang='lat' dir='ltr'>certissimum</span> <span class='ocrx_word' id='word_1_250' title='bbox 735 3034 836 3076; x_wconf 85' lang='lat' dir='ltr'>duxi</span> <span class='ocrx_word' id='word_1_251' title='bbox 854 3033 1139 3089; x_wconf 77' lang='lat' dir='ltr'>acquiescere</span> 
     </span>
     <span class='ocr_line' id='line_1_53' title="bbox 241 3089 1139 3155; baseline -0.009 -16"><span class='ocrx_word' id='word_1_252' title='bbox 241 3097 289 3139; x_wconf 89' lang='lat' dir='ltr'>in</span> <span class='ocrx_word' id='word_1_253' title='bbox 311 3096 468 3142; x_wconf 77' lang='lat' dir='ltr'>verbo,</span> <span class='ocrx_word' id='word_1_254' title='bbox 492 3093 613 3151; x_wconf 90' lang='lat' dir='ltr'>quod</span> <span class='ocrx_word' id='word_1_255' title='bbox 635 3091 885 3149; x_wconf 89' lang='lat' dir='ltr'>suppeditat</span> <span class='ocrx_word' id='word_1_256' title='bbox 900 3089 1139 3155; x_wconf 61' lang='lat' dir='ltr'>BIS-Flor-</span> 
     </span>
     <span class='ocr_line' id='line_1_54' title="bbox 241 3147 1138 3207; baseline -0.012 -9"><span class='ocrx_word' id='word_1_257' title='bbox 241 3155 508 3207; x_wconf 76' lang='lat' dir='ltr'>Expergere</span> <span class='ocrx_word' id='word_1_258' title='bbox 530 3151 591 3206; x_wconf 86' lang='lat' dir='ltr'>(h.</span> <span class='ocrx_word' id='word_1_259' title='bbox 618 3165 659 3193; x_wconf 91' lang='lat' dir='ltr'>e.</span> <span class='ocrx_word' id='word_1_260' title='bbox 686 3148 893 3204; x_wconf 87' lang='lat' dir='ltr'>excitare)</span> <span class='ocrx_word' id='word_1_261' title='bbox 919 3155 1050 3190; x_wconf 79' lang='lat' dir='ltr'>etiam</span> <span class='ocrx_word' id='word_1_262' title='bbox 1076 3147 1138 3188; x_wconf 78' lang='lat' dir='ltr'>di-</span> 
     </span>
     <span class='ocr_line' id='line_1_55' title="bbox 245 3206 1138 3272; baseline -0.009 -19"><span class='ocrx_word' id='word_1_263' title='bbox 245 3212 364 3254; x_wconf 88' lang='lat' dir='ltr'>eitur</span> <span class='ocrx_word' id='word_1_264' title='bbox 409 3207 557 3253; x_wconf 84' lang='lat' dir='ltr'>Gellio</span> <span class='ocrx_word' id='word_1_265' title='bbox 598 3208 640 3263; x_wconf 81' lang='lat'>6,</span> <span class='ocrx_word' id='word_1_266' title='bbox 688 3209 741 3250; x_wconf 87' lang='grc'>10</span> <span class='ocrx_word' id='word_1_267' title='bbox 812 3206 996 3248; x_wconf 81' lang='lat' dir='ltr'>Taurus</span> <span class='ocrx_word' id='word_1_268' title='bbox 1031 3233 1045 3272; x_wconf 76' lang='lat'>,¹</span> <span class='ocrx_word' id='word_1_269' title='bbox 1082 3235 1092 3246; x_wconf 93' lang='lat'><strong>.</strong></span> <span class='ocrx_word' id='word_1_270' title='bbox 1127 3235 1138 3245; x_wconf 94' lang='lat'><strong>.</strong></span> 
     </span>
     <span class='ocr_line' id='line_1_56' title="bbox 246 3265 1139 3309; baseline -0.007 -1"><span class='ocrx_word' id='word_1_271' title='bbox 246 3274 345 3308; x_wconf 83' lang='lat' dir='ltr'>tum</span> <span class='ocrx_word' id='word_1_272' title='bbox 379 3270 454 3309; x_wconf 87' lang='lat' dir='ltr'>vel</span> <span class='ocrx_word' id='word_1_273' title='bbox 487 3265 702 3309; x_wconf 66' lang='lat' dir='ltr'>maixime</span> <span class='ocrx_word' id='word_1_274' title='bbox 739 3265 830 3306; x_wconf 81' lang='lat' dir='ltr'>ista</span> <span class='ocrx_word' id='word_1_275' title='bbox 861 3277 915 3305; x_wconf 89' lang='lat' dir='ltr'>re</span> <span class='ocrx_word' id='word_1_276' title='bbox 950 3275 1139 3303; x_wconf 85' lang='lat' dir='ltr'>ammos</span> 
     </span>
     <span class='ocr_line' id='line_1_57' title="bbox 897 3319 1138 3362; baseline -0.017 1"><span class='ocrx_word' id='word_1_277' title='bbox 897 3319 1138 3362; x_wconf 83' lang='lat' dir='ltr'>Euclidem</span> 
     </span>
     <span class='ocr_line' id='line_1_58' title="bbox 247 3379 1138 3443; baseline -0.006 -20"><span class='ocrx_word' id='word_1_278' title='bbox 247 3396 391 3436; x_wconf 74' lang='lat' dir='ltr'>quam</span> <span class='ocrx_word' id='word_1_279' title='bbox 418 3382 600 3424; x_wconf 82' lang='lat' dir='ltr'>dicebat</span> <span class='ocrx_word' id='word_1_280' title='bbox 619 3379 913 3424; x_wconf 79' lang='lat' dir='ltr'>Socraticum</span> <span class='ocrx_word' id='word_1_281' title='bbox 933 3379 1138 3443; x_wconf 42' lang='lat' dir='ltr'>stt-etita-</span> 
     </span>
     <span class='ocr_line' id='line_1_59' title="bbox 246 3434 1139 3491; baseline -0.009 -8"><span class='ocrx_word' id='word_1_282' title='bbox 246 3439 385 3483; x_wconf 79' lang='lat' dir='ltr'>visse.</span> <span class='ocrx_word' id='word_1_283' title='bbox 467 3437 543 3481; x_wconf 90' lang='lat' dir='ltr'>Sic</span> <span class='ocrx_word' id='word_1_284' title='bbox 579 3438 753 3480; x_wconf 87' lang='lat' dir='ltr'>Nonius</span> <span class='ocrx_word' id='word_1_285' title='bbox 793 3437 863 3491; x_wconf 81' lang='lat' dir='ltr'>(ex</span> <span class='ocrx_word' id='word_1_286' title='bbox 895 3436 1056 3491; x_wconf 78' lang='lat' dir='ltr'>Accio)</span> <span class='ocrx_word' id='word_1_287' title='bbox 1097 3434 1139 3485; x_wconf 77' lang='lat'>2,</span> 
     </span>
     <span class='ocr_line' id='line_1_60' title="bbox 246 3494 1138 3548; baseline -0.006 -10"><span class='ocrx_word' id='word_1_288' title='bbox 246 3495 346 3538; x_wconf 76' lang='grc'><strong>278.</strong></span> <span class='ocrx_word' id='word_1_289' title='bbox 377 3494 505 3538; x_wconf 82' lang='lat' dir='ltr'>Heus</span> <span class='ocrx_word' id='word_1_290' title='bbox 531 3496 716 3548; x_wconf 75' lang='lat' dir='ltr'>vigiles,</span> <span class='ocrx_word' id='word_1_291' title='bbox 739 3501 1017 3548; x_wconf 80' lang='lat' dir='ltr'>properate,</span> <span class='ocrx_word' id='word_1_292' title='bbox 1050 3506 1138 3534; x_wconf 80' lang='lat' dir='ltr'>ex-</span> 
     </span>
     <span class='ocr_line' id='line_1_61' title="bbox 237 3553 1136 3629; baseline -0.007 -32"><span class='ocrx_word' id='word_1_293' title='bbox 237 3553 420 3629; x_wconf 43' lang='lat' dir='ltr'>perfice&gt;</span> <span class='ocrx_word' id='word_1_294' title='bbox 432 3559 623 3608; x_wconf 82' lang='lat' dir='ltr'>pectora</span> <span class='ocrx_word' id='word_1_295' title='bbox 647 3555 789 3595; x_wconf 81' lang='lat' dir='ltr'>tarda</span> <span class='ocrx_word' id='word_1_296' title='bbox 810 3566 979 3606; x_wconf 82' lang='lat' dir='ltr'>sopore</span> <span class='ocrx_word' id='word_1_297' title='bbox 994 3583 1008 3601; x_wconf 87' lang='lat'>,</span> <span class='ocrx_word' id='word_1_298' title='bbox 1048 3564 1136 3605; x_wconf 75' lang='lat' dir='ltr'>ex-</span> 
     </span>
    </p>
   </div>
   <div class='ocr_carea' id='block_1_12' title="bbox 1206 610 2109 1076">
    <p class='ocr_par' dir='ltr' id='par_1_12' title="bbox 1206 610 2109 1076">
     <span class='ocr_line' id='line_1_62' title="bbox 1207 610 2105 662; baseline 0.012 -10"><span class='ocrx_word' id='word_1_299' title='bbox 1207 610 1397 662; x_wconf 81' lang='lat' dir='ltr'>surgite.</span> <span class='ocrx_word' id='word_1_300' title='bbox 1459 611 1573 655; x_wconf 85' lang='lat' dir='ltr'>Nam</span> <span class='ocrx_word' id='word_1_301' title='bbox 1608 611 1664 656; x_wconf 88' lang='lat' dir='ltr'>de</span> <span class='ocrx_word' id='word_1_302' title='bbox 1693 614 1926 661; x_wconf 84' lang='lat' dir='ltr'>excitando</span> <span class='ocrx_word' id='word_1_303' title='bbox 1954 618 2010 662; x_wconf 84' lang='lat' dir='ltr'>ali</span> <span class='ocrx_word' id='word_1_304' title='bbox 2046 634 2105 662; x_wconf 83' lang='lat' dir='ltr'>uo</span> 
     </span>
     <span class='ocr_line' id='line_1_63' title="bbox 1210 667 2107 730; baseline 0.011 -22"><span class='ocrx_word' id='word_1_305' title='bbox 1210 667 1441 725; x_wconf 31' lang='lat' dir='ltr'>subsidium</span> <span class='ocrx_word' id='word_1_306' title='bbox 1486 669 1610 728; x_wconf 89' lang='lat' dir='ltr'>quod</span> <span class='ocrx_word' id='word_1_307' title='bbox 1658 687 1715 730; x_wconf 86' lang='lat' dir='ltr'>op</span> <span class='ocrx_word' id='word_1_308' title='bbox 1735 682 1916 725; x_wconf 67' lang='lat' dir='ltr'>›onatur</span> <span class='ocrx_word' id='word_1_309' title='bbox 1961 675 2024 719; x_wconf 83' lang='lat' dir='ltr'>mi</span> <span class='ocrx_word' id='word_1_310' title='bbox 2044 676 2107 730; x_wconf 78' lang='lat' dir='ltr'>iti,</span> 
     </span>
     <span class='ocr_line' id='line_1_64' title="bbox 1211 690 2104 788; baseline 0.012 -23"><span class='ocrx_word' id='word_1_311' title='bbox 1211 725 1405 781; x_wconf 85' lang='lat' dir='ltr'>populo‘,</span> <span class='ocrx_word' id='word_1_312' title='bbox 1435 727 1606 770; x_wconf 85' lang='lat' dir='ltr'>senatui</span> <span class='ocrx_word' id='word_1_313' title='bbox 1631 727 1685 769; x_wconf 83' lang='lat' dir='ltr'>ab</span> <span class='ocrx_word' id='word_1_314' title='bbox 1709 690 1956 788; x_wconf 48' lang='lat' dir='ltr'>[kgrippina</span> <span class='ocrx_word' id='word_1_315' title='bbox 1987 733 2104 776; x_wconf 85' lang='lat' dir='ltr'>exci-</span> 
     </span>
     <span class='ocr_line' id='line_1_65' title="bbox 1210 784 2103 834; baseline 0.013 -11"><span class='ocrx_word' id='word_1_316' title='bbox 1210 784 1309 824; x_wconf 84' lang='lat' dir='ltr'>tatis</span> <span class='ocrx_word' id='word_1_317' title='bbox 1336 799 1595 827; x_wconf 86' lang='lat' dir='ltr'>sermonem</span> <span class='ocrx_word' id='word_1_318' title='bbox 1630 802 1723 830; x_wconf 80' lang='lat' dir='ltr'>esse</span> <span class='ocrx_word' id='word_1_319' title='bbox 1755 788 1891 831; x_wconf 87' lang='lat' dir='ltr'>docet</span> <span class='ocrx_word' id='word_1_320' title='bbox 1919 798 2103 834; x_wconf 86' lang='lat' dir='ltr'>contex-</span> 
     </span>
     <span class='ocr_line' id='line_1_66' title="bbox 1212 839 2106 904; baseline 0.011 -23"><span class='ocrx_word' id='word_1_321' title='bbox 1212 847 1298 882; x_wconf 87' lang='lat' dir='ltr'>tus.</span> <span class='ocrx_word' id='word_1_322' title='bbox 1358 839 1457 884; x_wconf 88' lang='lat' dir='ltr'>Nec</span> <span class='ocrx_word' id='word_1_323' title='bbox 1479 840 1670 886; x_wconf 83' lang='lat' dir='ltr'>fortuito</span> <span class='ocrx_word' id='word_1_324' title='bbox 1697 852 1848 888; x_wconf 87' lang='lat' dir='ltr'>ortum</span> <span class='ocrx_word' id='word_1_325' title='bbox 1873 855 2000 904; x_wconf 85' lang='lat' dir='ltr'>putes</span> <span class='ocrx_word' id='word_1_326' title='bbox 2026 863 2106 890; x_wconf 82' lang='lat' dir='ltr'>ex·</span> 
     </span>
     <span class='ocr_line' id='line_1_67' title="bbox 1206 898 2106 956; baseline 0.013 -18"><span class='ocrx_word' id='word_1_327' title='bbox 1206 898 1608 951; x_wconf 54' lang='lat' dir='ltr'>permiscerentur,</span> <span class='ocrx_word' id='word_1_328' title='bbox 1658 902 1778 956; x_wconf 92' lang='lat' dir='ltr'>quod</span> <span class='ocrx_word' id='word_1_329' title='bbox 1819 911 1885 946; x_wconf 82' lang='lat' dir='ltr'>est</span> <span class='ocrx_word' id='word_1_330' title='bbox 1920 904 1965 947; x_wconf 88' lang='lat' dir='ltr'>in</span> <span class='ocrx_word' id='word_1_331' title='bbox 2004 906 2106 950; x_wconf 79' lang='lat' dir='ltr'>MS.</span> 
     </span>
     <span class='ocr_line' id='line_1_68' title="bbox 1208 954 2109 1016; baseline 0.013 -19"><span class='ocrx_word' id='word_1_332' title='bbox 1208 954 1341 1005; x_wconf 75' lang='lat' dir='ltr'><strong>Bodl.</strong></span> <span class='ocrx_word' id='word_1_333' title='bbox 1404 955 1508 998; x_wconf 88' lang='lat' dir='ltr'>Fuit</span> <span class='ocrx_word' id='word_1_334' title='bbox 1528 959 1925 1016; x_wconf 72' lang='lat' dir='ltr'>expergl&#39;scerenc,</span> <span class='ocrx_word' id='word_1_335' title='bbox 1959 971 2006 1006; x_wconf 85' lang='lat' dir='ltr'>et</span> <span class='ocrx_word' id='word_1_336' title='bbox 2020 963 2109 1009; x_wconf 84' lang='lat' dir='ltr'>hoc</span> 
     </span>
     <span class='ocr_line' id='line_1_69' title="bbox 1210 1015 2107 1076; baseline 0.01 -21"><span class='ocrx_word' id='word_1_337' title='bbox 1210 1029 1299 1071; x_wconf 75' lang='lat' dir='ltr'>pro¹</span> <span class='ocrx_word' id='word_1_338' title='bbox 1316 1022 1643 1072; x_wconf 78' lang='lat' dir='ltr'>expergerent.</span> <span class='ocrx_word' id='word_1_339' title='bbox 1705 1015 1934 1076; x_wconf 86' lang='lat' dir='ltr'>Frequens</span> <span class='ocrx_word' id='word_1_340' title='bbox 1958 1029 2107 1066; x_wconf 82' lang='lat' dir='ltr'>autem</span> 
     </span>
    </p>
   </div>
   <div class='ocr_carea' id='block_1_13' title="bbox 1199 1070 2104 1137">
    <p class='ocr_par' dir='ltr' id='par_1_13' title="bbox 1199 1070 2104 1137">
     <span class='ocr_line' id='line_1_70' title="bbox 1199 1070 2104 1137; baseline 0.004 -24"><span class='ocrx_word' id='word_1_341' title='bbox 1199 1079 1277 1113; x_wconf 67' lang='lat' dir='ltr'>&#39;est</span> <span class='ocrx_word' id='word_1_342' title='bbox 1300 1071 1346 1113; x_wconf 84' lang='lat' dir='ltr'>iu</span> <span class='ocrx_word' id='word_1_343' title='bbox 1370 1079 1481 1114; x_wconf 79' lang='lat' dir='ltr'>vett.</span> <span class='ocrx_word' id='word_1_344' title='bbox 1509 1070 1636 1115; x_wconf 83' lang='lat' dir='ltr'>libris</span> <span class='ocrx_word' id='word_1_345' title='bbox 1664 1089 1712 1116; x_wconf 87' lang='lat' dir='ltr'>ea</span> <span class='ocrx_word' id='word_1_346' title='bbox 1744 1074 1977 1130; x_wconf 80' lang='lat' dir='ltr'>confusio,</span> <span class='ocrx_word' id='word_1_347' title='bbox 2017 1089 2104 1137; x_wconf 70' lang='lat' dir='ltr'>qua</span> 
     </span>
    </p>
   </div>
   <div class='ocr_carea' id='block_1_14' title="bbox 1207 1129 2106 1344">
    <p class='ocr_par' dir='ltr' id='par_1_14' title="bbox 1207 1129 2106 1344">
     <span class='ocr_line' id='line_1_71' title="bbox 1209 1129 2105 1230; baseline 0.008 -60"><span class='ocrx_word' id='word_1_348' title='bbox 1209 1137 1387 1187; x_wconf 87' lang='lat' dir='ltr'>ponunt</span> <span class='ocrx_word' id='word_1_349' title='bbox 1419 1129 1617 1178; x_wconf 79' lang='lat' dir='ltr'>formam</span> <span class='ocrx_word' id='word_1_350' title='bbox 1654 1131 1872 1230; x_wconf 74' lang='lat' dir='ltr'>participii</span> <span class='ocrx_word' id='word_1_351' title='bbox 1910 1137 2105 1192; x_wconf 61' lang='lat' dir='ltr'>(expes.-</span> 
     </span>
     <span class='ocr_line' id='line_1_72' title="bbox 1207 1187 2106 1244; baseline 0.013 -18"><span class='ocrx_word' id='word_1_352' title='bbox 1207 1187 1343 1240; x_wconf 78' lang='lat' dir='ltr'>gens)</span> <span class='ocrx_word' id='word_1_353' title='bbox 1385 1202 1466 1244; x_wconf 87' lang='lat' dir='ltr'>pro</span> <span class='ocrx_word' id='word_1_354' title='bbox 1507 1187 1686 1244; x_wconf 86' lang='lat' dir='ltr'>imper.</span> <span class='ocrx_word' id='word_1_355' title='bbox 1725 1190 1959 1236; x_wconf 87' lang='lat' dir='ltr'>coniunct.</span> <span class='ocrx_word' id='word_1_356' title='bbox 2028 1193 2106 1239; x_wconf 84' lang='lat' dir='ltr'>Sic</span> 
     </span>
     <span class='ocr_line' id='line_1_73' title="bbox 1208 1243 2105 1344; baseline 0.011 -58"><span class='ocrx_word' id='word_1_357' title='bbox 1208 1245 1349 1344; x_wconf 46' lang='lat' dir='ltr'>geg}</span> <span class='ocrx_word' id='word_1_358' title='bbox 1368 1243 1481 1287; x_wconf 70' lang='lat' dir='ltr'>&#39;libri</span> <span class='ocrx_word' id='word_1_359' title='bbox 1505 1246 1693 1303; x_wconf 55' lang='lat' dir='ltr'>quidam*</span> <span class='ocrx_word' id='word_1_360' title='bbox 1719 1250 1883 1292; x_wconf 75' lang='lat' dir='ltr'>cedens</span> <span class='ocrx_word' id='word_1_361' title='bbox 1911 1265 1996 1308; x_wconf 87' lang='lat' dir='ltr'>pro</span> <span class='ocrx_word' id='word_1_362' title='bbox 2028 1267 2105 1295; x_wconf 84' lang='lat' dir='ltr'>ce-</span> 
     </span>
    </p>
   </div>
   <div class='ocr_carea' id='block_1_15' title="bbox 1206 1417 2139 3606">
    <p class='ocr_par' dir='ltr' id='par_1_15' title="bbox 1206 1417 2139 3606">
     <span class='ocr_line' id='line_1_74' title="bbox 1265 1417 2105 1476; baseline 0.013 -18"><span class='ocrx_word' id='word_1_363' title='bbox 1265 1417 1496 1460; x_wconf 73' lang='lat' dir='ltr'>incertum</span> <span class='ocrx_word' id='word_1_364' title='bbox 1536 1434 1601 1461; x_wconf 82' lang='lat' dir='ltr'>an</span> <span class='ocrx_word' id='word_1_365' title='bbox 1650 1428 1696 1462; x_wconf 87' lang='lat' dir='ltr'>et</span> <span class='ocrx_word' id='word_1_366' title='bbox 1738 1428 1851 1463; x_wconf 80' lang='lat' dir='ltr'>ante</span> <span class='ocrx_word' id='word_1_367' title='bbox 1897 1421 2105 1476; x_wconf 58' lang='lat' dir='ltr'>ignaros.</span> 
     </span>
     <span class='ocr_line' id='line_1_75' title="bbox 1206 1475 2107 1530; baseline 0.01 -13"><span class='ocrx_word' id='word_1_368' title='bbox 1206 1475 1420 1530; x_wconf 61' lang='lat' dir='ltr'>Siqvett.</span> <span class='ocrx_word' id='word_1_369' title='bbox 1438 1475 1551 1526; x_wconf 75' lang='lat' dir='ltr'>-libri</span> <span class='ocrx_word' id='word_1_370' title='bbox 1576 1492 1814 1530; x_wconf 85' lang='lat' dir='ltr'>consensu.</span> <span class='ocrx_word' id='word_1_371' title='bbox 1875 1478 2107 1526; x_wconf 85' lang='lat' dir='ltr'>Ernestius</span> 
     </span>
     <span class='ocr_line' id='line_1_76' title="bbox 1208 1533 2108 1596; baseline 0.009 -21"><span class='ocrx_word' id='word_1_372' title='bbox 1208 1534 1427 1575; x_wconf 77' lang='lat' dir='ltr'>deleverat</span> <span class='ocrx_word' id='word_1_373' title='bbox 1453 1541 1524 1584; x_wconf 79' lang='lat' dir='ltr'>et;</span> <span class='ocrx_word' id='word_1_374' title='bbox 1554 1533 1801 1578; x_wconf 87' lang='lat' dir='ltr'>Oberlinus</span> <span class='ocrx_word' id='word_1_375' title='bbox 1825 1545 1869 1579; x_wconf 91' lang='lat' dir='ltr'>et</span> <span class='ocrx_word' id='word_1_376' title='bbox 1894 1540 2108 1596; x_wconf 85' lang='lat' dir='ltr'>reposuit,</span> 
     </span>
     <span class='ocr_line' id='line_1_77' title="bbox 1207 1590 2105 1651; baseline 0.009 -19"><span class='ocrx_word' id='word_1_377' title='bbox 1207 1593 1396 1644; x_wconf 76' lang='lat' dir='ltr'>ignaros</span> <span class='ocrx_word' id='word_1_378' title='bbox 1418 1590 1550 1632; x_wconf 79' lang='lat' dir='ltr'>vertit</span> <span class='ocrx_word' id='word_1_379' title='bbox 1572 1591 1617 1634; x_wconf 87' lang='lat' dir='ltr'>in</span> <span class='ocrx_word' id='word_1_380' title='bbox 1641 1608 1840 1646; x_wconf 79' lang='lat' dir='ltr'>gnaros,</span> <span class='ocrx_word' id='word_1_381' title='bbox 1870 1596 1992 1651; x_wconf 85' lang='lat' dir='ltr'>quod</span> <span class='ocrx_word' id='word_1_382' title='bbox 2017 1596 2105 1640; x_wconf 87' lang='lat' dir='ltr'>Er-</span> 
     </span>
     <span class='ocr_line' id='line_1_78' title="bbox 1211 1646 2105 1699; baseline 0.009 -8"><span class='ocrx_word' id='word_1_383' title='bbox 1211 1646 1379 1691; x_wconf 85' lang='lat' dir='ltr'>nestius</span> <span class='ocrx_word' id='word_1_384' title='bbox 1413 1663 1436 1689; x_wconf 88' lang='lat' dir='ltr'>e</span> <span class='ocrx_word' id='word_1_385' title='bbox 1473 1650 1757 1693; x_wconf 77' lang='lat' dir='ltr'>correctione</span> <span class='ocrx_word' id='word_1_386' title='bbox 1790 1651 1877 1696; x_wconf 88' lang='lat' dir='ltr'>viri</span> <span class='ocrx_word' id='word_1_387' title='bbox 1907 1652 2030 1697; x_wconf 84' lang='lat' dir='ltr'>docti</span> <span class='ocrx_word' id='word_1_388' title='bbox 2057 1655 2105 1699; x_wconf 92' lang='lat' dir='ltr'>in</span> 
     </span>
     <span class='ocr_line' id='line_1_79' title="bbox 1214 1703 2108 1762; baseline 0.008 -13"><span class='ocrx_word' id='word_1_389' title='bbox 1214 1706 1286 1749; x_wconf 90' lang='lat' dir='ltr'>ed.</span> <span class='ocrx_word' id='word_1_390' title='bbox 1321 1703 1495 1762; x_wconf 88' lang='lat' dir='ltr'>Gryph.</span> <span class='ocrx_word' id='word_1_391' title='bbox 1535 1705 1722 1752; x_wconf 87' lang='lat' dir='ltr'>invenit.</span> <span class='ocrx_word' id='word_1_392' title='bbox 1769 1706 2024 1755; x_wconf 73' lang='lat' dir='ltr'>‘Videamus</span> <span class='ocrx_word' id='word_1_393' title='bbox 2048 1727 2108 1756; x_wconf 81' lang='lat' dir='ltr'>au</span> 
     </span>
     <span class='ocr_line' id='line_1_80' title="bbox 1213 1761 2106 1814; baseline 0.009 -8"><span class='ocrx_word' id='word_1_394' title='bbox 1213 1761 1317 1806; x_wconf 85' lang='lat' dir='ltr'>satis</span> <span class='ocrx_word' id='word_1_395' title='bbox 1342 1773 1464 1805; x_wconf 85' lang='lat' dir='ltr'>recte</span> <span class='ocrx_word' id='word_1_396' title='bbox 1487 1779 1602 1807; x_wconf 89' lang='lat' dir='ltr'>unus</span> <span class='ocrx_word' id='word_1_397' title='bbox 1627 1767 1701 1808; x_wconf 81' lang='lat' dir='ltr'>aut</span> <span class='ocrx_word' id='word_1_398' title='bbox 1723 1765 1856 1810; x_wconf 86' lang='lat' dir='ltr'>alter.</span> <span class='ocrx_word' id='word_1_399' title='bbox 1914 1765 1964 1810; x_wconf 86' lang='lat' dir='ltr'>Si</span> <span class='ocrx_word' id='word_1_400' title='bbox 1986 1770 2106 1814; x_wconf 82' lang='lat' dir='ltr'>scri·-</span> 
     </span>
     <span class='ocr_line' id='line_1_81' title="bbox 1213 1821 2107 1879; baseline 0.01 -16"><span class='ocrx_word' id='word_1_401' title='bbox 1213 1821 1279 1863; x_wconf 88' lang='lat' dir='ltr'>bis</span> <span class='ocrx_word' id='word_1_402' title='bbox 1307 1835 1516 1874; x_wconf 69' lang='lat' dir='ltr'>gnaros,</span> <span class='ocrx_word' id='word_1_403' title='bbox 1558 1830 1655 1864; x_wconf 82' lang='lat' dir='ltr'>tum</span> <span class='ocrx_word' id='word_1_404' title='bbox 1689 1823 1905 1869; x_wconf 83' lang='lat' dir='ltr'>sententia</span> <span class='ocrx_word' id='word_1_405' title='bbox 1929 1833 2018 1879; x_wconf 87' lang='lat' dir='ltr'>est,</span> <span class='ocrx_word' id='word_1_406' title='bbox 2056 1843 2107 1871; x_wconf 86' lang='lat' dir='ltr'>ex</span> 
     </span>
     <span class='ocr_line' id='line_1_82' title="bbox 1213 1878 2108 1936; baseline 0.011 -17"><span class='ocrx_word' id='word_1_407' title='bbox 1213 1878 1382 1934; x_wconf 78' lang='lat' dir='ltr'>vulgari</span> <span class='ocrx_word' id='word_1_408' title='bbox 1416 1879 1627 1936; x_wconf 90' lang='lat' dir='ltr'>opinione</span> <span class='ocrx_word' id='word_1_409' title='bbox 1663 1880 1862 1926; x_wconf 88' lang='lat' dir='ltr'>Burrum</span> <span class='ocrx_word' id='word_1_410' title='bbox 1898 1891 1942 1927; x_wconf 86' lang='lat' dir='ltr'>et</span> <span class='ocrx_word' id='word_1_411' title='bbox 1971 1881 2108 1928; x_wconf 85' lang='lat' dir='ltr'>Sene-</span> 
     </span>
     <span class='ocr_line' id='line_1_83' title="bbox 1213 1938 2107 1994; baseline 0.009 -15"><span class='ocrx_word' id='word_1_412' title='bbox 1213 1953 1311 1979; x_wconf 85' lang='lat' dir='ltr'>cam</span> <span class='ocrx_word' id='word_1_413' title='bbox 1346 1952 1510 1992; x_wconf 78' lang='lat' dir='ltr'>gnaros</span> <span class='ocrx_word' id='word_1_414' title='bbox 1549 1947 1650 1980; x_wconf 81' lang='lat' dir='ltr'>ante</span> <span class='ocrx_word' id='word_1_415' title='bbox 1690 1938 1867 1994; x_wconf 84' lang='lat' dir='ltr'>haberi,</span> <span class='ocrx_word' id='word_1_416' title='bbox 1916 1957 2011 1986; x_wconf 88' lang='lat' dir='ltr'>esse</span> <span class='ocrx_word' id='word_1_417' title='bbox 2046 1952 2107 1987; x_wconf 82' lang='lat' dir='ltr'>ta-</span> 
     </span>
     <span class='ocr_line' id='line_1_84' title="bbox 1211 1995 2109 2059; baseline 0.011 -24"><span class='ocrx_word' id='word_1_418' title='bbox 1211 2010 1345 2045; x_wconf 83' lang='lat' dir='ltr'>men,</span> <span class='ocrx_word' id='word_1_419' title='bbox 1388 1995 1461 2050; x_wconf 89' lang='lat' dir='ltr'>qui</span> <span class='ocrx_word' id='word_1_420' title='bbox 1501 1996 1808 2040; x_wconf 80' lang='lat' dir='ltr'>contradicant</span> <span class='ocrx_word' id='word_1_421' title='bbox 1838 1998 2109 2059; x_wconf 86' lang='lat' dir='ltr'>ignarosque</span> 
     </span>
     <span class='ocr_line' id='line_1_85' title="bbox 1213 2050 2111 2109; baseline 0.011 -17"><span class='ocrx_word' id='word_1_422' title='bbox 1213 2059 1384 2109; x_wconf 83' lang='lat' dir='ltr'>putent.</span> <span class='ocrx_word' id='word_1_423' title='bbox 1463 2050 1640 2094; x_wconf 81' lang='lat' dir='ltr'>Etenim</span> <span class='ocrx_word' id='word_1_424' title='bbox 1676 2054 1920 2099; x_wconf 76' lang='lat' dir='ltr'>formulam</span> <span class='ocrx_word' id='word_1_425' title='bbox 1957 2059 2111 2102; x_wconf 62' lang='lat' dir='ltr'>mcer-</span> 
     </span>
     <span class='ocr_line' id='line_1_86' title="bbox 1213 2107 2107 2173; baseline 0.011 -23"><span class='ocrx_word' id='word_1_426' title='bbox 1213 2118 1313 2150; x_wconf 82' lang='lat' dir='ltr'>tum</span> <span class='ocrx_word' id='word_1_427' title='bbox 1342 2125 1406 2150; x_wconf 78' lang='lat' dir='ltr'>cm</span> <span class='ocrx_word' id='word_1_428' title='bbox 1430 2107 1612 2152; x_wconf 77' lang='lat' dir='ltr'>Tacitus</span> <span class='ocrx_word' id='word_1_429' title='bbox 1636 2111 1791 2168; x_wconf 89' lang='lat' dir='ltr'>ponit,</span> <span class='ocrx_word' id='word_1_430' title='bbox 1822 2122 1871 2156; x_wconf 92' lang='lat' dir='ltr'>ut</span> <span class='ocrx_word' id='word_1_431' title='bbox 1891 2116 2107 2173; x_wconf 81' lang='lat' dir='ltr'>suspicio·</span> 
     </span>
     <span class='ocr_line' id='line_1_87' title="bbox 1210 2166 2106 2229; baseline 0.011 -22"><span class='ocrx_word' id='word_1_432' title='bbox 1210 2182 1315 2208; x_wconf 83' lang='lat' dir='ltr'>nem</span> <span class='ocrx_word' id='word_1_433' title='bbox 1340 2166 1438 2208; x_wconf 76' lang='lat' dir='ltr'>salsi</span> <span class='ocrx_word' id='word_1_434' title='bbox 1462 2177 1643 2211; x_wconf 81' lang='lat' dir='ltr'>moveat</span> <span class='ocrx_word' id='word_1_435' title='bbox 1665 2177 1822 2213; x_wconf 85' lang='lat' dir='ltr'>contra</span> <span class='ocrx_word' id='word_1_436' title='bbox 1846 2173 2106 2229; x_wconf 86' lang='lat' dir='ltr'>opinionem</span> 
     </span>
     <span class='ocr_line' id='line_1_88' title="bbox 1211 2222 2106 2287; baseline 0.012 -23"><span class='ocrx_word' id='word_1_437' title='bbox 1211 2222 1514 2281; x_wconf 85' lang='lat' dir='ltr'>plurimorum</span> <span class='ocrx_word' id='word_1_438' title='bbox 1551 2233 1593 2267; x_wconf 83' lang='lat' dir='ltr'>et</span> <span class='ocrx_word' id='word_1_439' title='bbox 1629 2225 1879 2285; x_wconf 86' lang='lat' dir='ltr'>vulgarem.</span> <span class='ocrx_word' id='word_1_440' title='bbox 1951 2229 2106 2287; x_wconf 79' lang='lat' dir='ltr'>Quare</span> 
     </span>
     <span class='ocr_line' id='line_1_89' title="bbox 1211 2280 2106 2343; baseline 0.009 -18"><span class='ocrx_word' id='word_1_441' title='bbox 1211 2281 1247 2325; x_wconf 91' lang='lat' dir='ltr'>si</span> <span class='ocrx_word' id='word_1_442' title='bbox 1281 2280 1438 2324; x_wconf 83' lang='lat' dir='ltr'>scribis</span> <span class='ocrx_word' id='word_1_443' title='bbox 1482 2282 1693 2335; x_wconf 73' lang='lat' dir='ltr'>ignaros,</span> <span class='ocrx_word' id='word_1_444' title='bbox 1750 2284 1827 2328; x_wconf 85' lang='lat' dir='ltr'>ille</span> <span class='ocrx_word' id='word_1_445' title='bbox 1867 2286 1951 2330; x_wconf 83' lang='lat' dir='ltr'>sibi</span> <span class='ocrx_word' id='word_1_446' title='bbox 1993 2289 2106 2343; x_wconf 81' lang='lat' dir='ltr'>vult,</span> 
     </span>
     <span class='ocr_line' id='line_1_90' title="bbox 1211 2338 2105 2403; baseline 0.009 -21"><span class='ocrx_word' id='word_1_447' title='bbox 1211 2355 1261 2382; x_wconf 89' lang='lat' dir='ltr'>ex</span> <span class='ocrx_word' id='word_1_448' title='bbox 1301 2338 1472 2395; x_wconf 79' lang='lat' dir='ltr'>vulgari</span> <span class='ocrx_word' id='word_1_449' title='bbox 1513 2339 1730 2397; x_wconf 84' lang='lat' dir='ltr'>opinione</span> <span class='ocrx_word' id='word_1_450' title='bbox 1761 2352 2007 2403; x_wconf 86' lang='lat' dir='ltr'>utrumque</span> <span class='ocrx_word' id='word_1_451' title='bbox 2044 2347 2105 2390; x_wconf 80' lang='lat' dir='ltr'>vi·</span> 
     </span>
     <span class='ocr_line' id='line_1_91' title="bbox 1210 2396 2124 2454; baseline 0.01 -16"><span class='ocrx_word' id='word_1_452' title='bbox 1210 2412 1314 2439; x_wconf 90' lang='lat' dir='ltr'>rum</span> <span class='ocrx_word' id='word_1_453' title='bbox 1348 2396 1483 2439; x_wconf 82' lang='lat' dir='ltr'>fuisse</span> <span class='ocrx_word' id='word_1_454' title='bbox 1518 2397 1529 2439; x_wconf 88' lang='lat' dir='ltr'>i</span> <span class='ocrx_word' id='word_1_455' title='bbox 1566 2413 1752 2450; x_wconf 87' lang='lat' dir='ltr'>narum,</span> <span class='ocrx_word' id='word_1_456' title='bbox 1804 2416 1898 2444; x_wconf 86' lang='lat' dir='ltr'>esse</span> <span class='ocrx_word' id='word_1_457' title='bbox 1940 2411 2124 2454; x_wconf 77' lang='lat' dir='ltr'>tamen,-</span> 
     </span>
     <span class='ocr_line' id='line_1_92' title="bbox 1213 2454 2107 2515; baseline 0.011 -20"><span class='ocrx_word' id='word_1_458' title='bbox 1213 2454 1288 2512; x_wconf 92' lang='lat' dir='ltr'>qui</span> <span class='ocrx_word' id='word_1_459' title='bbox 1331 2463 1489 2498; x_wconf 87' lang='lat' dir='ltr'>contra</span> <span class='ocrx_word' id='word_1_460' title='bbox 1529 2455 1629 2498; x_wconf 81' lang='lat' dir='ltr'>iios</span> <span class='ocrx_word' id='word_1_461' title='bbox 1665 2457 1968 2515; x_wconf 82' lang='lat' dir='ltr'>suspicionem</span> <span class='ocrx_word' id='word_1_462' title='bbox 2007 2477 2107 2504; x_wconf 79' lang='lat' dir='ltr'>rno-</span> 
     </span>
     <span class='ocr_line' id='line_1_93' title="bbox 1212 2516 2108 2576; baseline 0.01 -22"><span class='ocrx_word' id='word_1_463' title='bbox 1212 2519 1346 2556; x_wconf 87' lang='lat' dir='ltr'>veant</span> <span class='ocrx_word' id='word_1_464' title='bbox 1364 2519 1579 2568; x_wconf 86' lang='lat' dir='ltr'>tanquam</span> <span class='ocrx_word' id='word_1_465' title='bbox 1600 2529 1781 2571; x_wconf 80' lang='lat' dir='ltr'>gnaros.</span> <span class='ocrx_word' id='word_1_466' title='bbox 1835 2516 1944 2561; x_wconf 80' lang='lat' dir='ltr'>Hoc</span> <span class='ocrx_word' id='word_1_467' title='bbox 1963 2519 2108 2576; x_wconf 81' lang='lat' dir='ltr'>aptius</span> 
     </span>
     <span class='ocr_line' id='line_1_94' title="bbox 1213 2571 2108 2634; baseline 0.009 -22"><span class='ocrx_word' id='word_1_468' title='bbox 1213 2578 1278 2612; x_wconf 83' lang='lat' dir='ltr'>est</span> <span class='ocrx_word' id='word_1_469' title='bbox 1312 2578 1354 2612; x_wconf 86' lang='lat' dir='ltr'>et</span> <span class='ocrx_word' id='word_1_470' title='bbox 1389 2571 1592 2614; x_wconf 86' lang='lat' dir='ltr'>virorum</span> <span class='ocrx_word' id='word_1_471' title='bbox 1625 2571 1888 2618; x_wconf 85' lang='lat' dir='ltr'>nominibus</span> <span class='ocrx_word' id='word_1_472' title='bbox 1915 2575 2108 2634; x_wconf 80' lang='lat' dir='ltr'>dignius.</span> 
     </span>
     <span class='ocr_line' id='line_1_95' title="bbox 1212 2627 2108 2683; baseline 0.009 -14"><span class='ocrx_word' id='word_1_473' title='bbox 1212 2627 1377 2683; x_wconf 83' lang='lat' dir='ltr'>Tangit</span> <span class='ocrx_word' id='word_1_474' title='bbox 1415 2636 1566 2670; x_wconf 88' lang='lat' dir='ltr'>autem</span> <span class='ocrx_word' id='word_1_475' title='bbox 1597 2628 1760 2672; x_wconf 78' lang='lat' dir='ltr'>Noster</span> <span class='ocrx_word' id='word_1_476' title='bbox 1800 2630 1922 2675; x_wconf 87' lang='lat' dir='ltr'>hisce</span> <span class='ocrx_word' id='word_1_477' title='bbox 1957 2634 2108 2678; x_wconf 83' lang='lat' dir='ltr'>verbis</span> 
     </span>
     <span class='ocr_line' id='line_1_96' title="bbox 1211 2684 2105 2735; baseline 0.007 -6"><span class='ocrx_word' id='word_1_478' title='bbox 1211 2684 1379 2729; x_wconf 82' lang='lat' dir='ltr'>famam</span> <span class='ocrx_word' id='word_1_479' title='bbox 1403 2684 1543 2735; x_wconf 83' lang='lat' dir='ltr'>iilam,</span> <span class='ocrx_word' id='word_1_480' title='bbox 1579 2685 1708 2730; x_wconf 90' lang='lat' dir='ltr'>cuius</span> <span class='ocrx_word' id='word_1_481' title='bbox 1732 2688 1940 2732; x_wconf 85' lang='lat' dir='ltr'>nuntium</span> <span class='ocrx_word' id='word_1_482' title='bbox 1966 2690 2105 2734; x_wconf 80' lang='lat' dir='ltr'>habe-</span> 
     </span>
     <span class='ocr_line' id='line_1_97' title="bbox 1208 2741 2108 2798; baseline 0.011 -15"><span class='ocrx_word' id='word_1_483' title='bbox 1208 2758 1308 2784; x_wconf 84' lang='lat' dir='ltr'>mus</span> <span class='ocrx_word' id='word_1_484' title='bbox 1344 2741 1622 2798; x_wconf 85' lang='lat' dir='ltr'>Xiphilinum</span> <span class='ocrx_word' id='word_1_485' title='bbox 1653 2744 1722 2796; x_wconf 87' lang='lat'>61,</span> <span class='ocrx_word' id='word_1_486' title='bbox 1755 2746 1822 2788; x_wconf 70' lang='lat'>12.</span> <span class='ocrx_word' id='word_1_487' title='bbox 1854 2750 1932 2790; x_wconf 77' lang='grc' dir='ltr'>καὶ</span> <span class='ocrx_word' id='word_1_488' title='bbox 1961 2746 2108 2794; x_wconf 69' lang='grc' dir='ltr'>αὐτὸν</span> 
     </span>
     <span class='ocr_line' id='line_1_98' title="bbox 1206 2795 2107 2858; baseline 0.01 -15"><span class='ocrx_word' id='word_1_489' title='bbox 1206 2801 1284 2843; x_wconf 80' lang='grc' dir='ltr'>καὶ</span> <span class='ocrx_word' id='word_1_490' title='bbox 1306 2795 1329 2842; x_wconf 87' lang='grc' dir='ltr'>ὁ</span> <span class='ocrx_word' id='word_1_491' title='bbox 1343 2801 1563 2852; x_wconf 79' lang='grc' dir='ltr'><em>Σενέκας,</em></span> <span class='ocrx_word' id='word_1_492' title='bbox 1590 2797 1651 2849; x_wconf 83' lang='grc' dir='ltr'>ὠς</span> <span class='ocrx_word' id='word_1_493' title='bbox 1671 2803 1861 2854; x_wconf 82' lang='grc' dir='ltr'><em>πολλοῖς</em></span> <span class='ocrx_word' id='word_1_494' title='bbox 1878 2807 1956 2848; x_wconf 84' lang='grc' dir='ltr'>καὶ</span> <span class='ocrx_word' id='word_1_495' title='bbox 1978 2805 2107 2858; x_wconf 81' lang='grc' dir='ltr'><em>ἀξιο-</em></span> 
     </span>
     <span class='ocr_line' id='line_1_99' title="bbox 1206 2855 2109 2924; baseline 0.01 -23"><span class='ocrx_word' id='word_1_496' title='bbox 1206 2861 1384 2905; x_wconf 80' lang='grc' dir='ltr'><em>πίστως</em></span> <span class='ocrx_word' id='word_1_497' title='bbox 1407 2855 1635 2912; x_wconf 74' lang='grc' dir='ltr'><em>ἀνδράσιν</em></span> <span class='ocrx_word' id='word_1_498' title='bbox 1658 2861 1856 2917; x_wconf 60' lang='lat' dir='ltr'><strong><em>domm,</em></strong></span> <span class='ocrx_word' id='word_1_499' title='bbox 1891 2861 2109 2924; x_wconf 70' lang='grc' dir='ltr'><strong><em>παρώξυ-</em></strong></span> 
     </span>
     <span class='ocr_line' id='line_1_100' title="bbox 1208 2911 2100 2976; baseline 0.007 -17"><span class='ocrx_word' id='word_1_500' title='bbox 1208 2928 1313 2970; x_wconf 78' lang='grc' dir='ltr'>νεν,</span> <span class='ocrx_word' id='word_1_501' title='bbox 1358 2914 1431 2958; x_wconf 79' lang='grc' dir='ltr'>εἴτ’</span> <span class='ocrx_word' id='word_1_502' title='bbox 1475 2911 1561 2960; x_wconf 70' lang='grc' dir='ltr'>οὖν</span> <span class='ocrx_word' id='word_1_503' title='bbox 1591 2915 1642 2961; x_wconf 79' lang='grc' dir='ltr'>τὸ</span> <span class='ocrx_word' id='word_1_504' title='bbox 1675 2917 1884 2976; x_wconf 79' lang='grc' dir='ltr'><em>ἔγκλημα</em></span> <span class='ocrx_word' id='word_1_505' title='bbox 1913 2920 1964 2967; x_wconf 74' lang='grc' dir='ltr'>τὸ</span> <span class='ocrx_word' id='word_1_506' title='bbox 1998 2921 2100 2966; x_wconf 71' lang='grc' dir='ltr'>καθ’</span> 
     </span>
     <span class='ocr_line' id='line_1_101' title="bbox 1208 2971 2108 3032; baseline 0.007 -14"><span class='ocrx_word' id='word_1_507' title='bbox 1208 2974 1372 3018; x_wconf 82' lang='grc' dir='ltr'><em>ἑαυτοῦ</em></span> <span class='ocrx_word' id='word_1_508' title='bbox 1405 2971 1789 3032; x_wconf 74' lang='grc' dir='ltr'><em>ἐπηλυγάσασθαι</em></span> <span class='ocrx_word' id='word_1_509' title='bbox 1817 2987 1903 3022; x_wconf 85' lang='lat' dir='ltr'>etc.</span> <span class='ocrx_word' id='word_1_510' title='bbox 1964 2979 2108 3026; x_wconf 87' lang='lat' dir='ltr'>Parti·</span> 
     </span>
     <span class='ocr_line' id='line_1_102' title="bbox 1209 3030 2108 3096; baseline 0.008 -21"><span class='ocrx_word' id='word_1_511' title='bbox 1209 3030 1310 3075; x_wconf 85' lang='lat' dir='ltr'>cula</span> <span class='ocrx_word' id='word_1_512' title='bbox 1333 3039 1377 3073; x_wconf 83' lang='lat' dir='ltr'>et</span> <span class='ocrx_word' id='word_1_513' title='bbox 1401 3046 1492 3074; x_wconf 88' lang='lat' dir='ltr'>uon</span> <span class='ocrx_word' id='word_1_514' title='bbox 1517 3035 1708 3091; x_wconf 81' lang='lat' dir='ltr'>pertinet</span> <span class='ocrx_word' id='word_1_515' title='bbox 1730 3035 1786 3078; x_wconf 87' lang='lat' dir='ltr'>ad</span> <span class='ocrx_word' id='word_1_516' title='bbox 1810 3046 1947 3087; x_wconf 87' lang='lat' dir='ltr'>ante,</span> <span class='ocrx_word' id='word_1_517' title='bbox 1980 3038 2108 3096; x_wconf 75' lang='lat' dir='ltr'>quasi</span> 
     </span>
     <span class='ocr_line' id='line_1_103' title="bbox 1209 3091 2109 3151; baseline 0.009 -20"><span class='ocrx_word' id='word_1_518' title='bbox 1209 3095 1321 3131; x_wconf 85' lang='lat' dir='ltr'>ante</span> <span class='ocrx_word' id='word_1_519' title='bbox 1344 3091 1503 3143; x_wconf 79' lang='lat' dir='ltr'>ignari</span> <span class='ocrx_word' id='word_1_520' title='bbox 1523 3098 1812 3149; x_wconf 71' lang='lat' dir='ltr'>opponantur</span> <span class='ocrx_word' id='word_1_521' title='bbox 1836 3109 1960 3138; x_wconf 83' lang='lat' dir='ltr'>nunc</span> <span class='ocrx_word' id='word_1_522' title='bbox 1979 3098 2109 3151; x_wconf 61' lang='grc' dir='ltr'><em>ἰςηα-</em></span> 
     </span>
     <span class='ocr_line' id='line_1_104' title="bbox 1209 3146 2104 3205; baseline 0.011 -17"><span class='ocrx_word' id='word_1_523' title='bbox 1209 3150 1303 3197; x_wconf 85' lang='lat' dir='ltr'>ris‚·</span> <span class='ocrx_word' id='word_1_524' title='bbox 1335 3146 1413 3188; x_wconf 86' lang='lat' dir='ltr'>sed</span> <span class='ocrx_word' id='word_1_525' title='bbox 1441 3149 1674 3205; x_wconf 77' lang='lat' dir='ltr'>coniungit</span> <span class='ocrx_word' id='word_1_526' title='bbox 1699 3148 1773 3193; x_wconf 83' lang='lat' dir='ltr'>illa</span> <span class='ocrx_word' id='word_1_527' title='bbox 1794 3153 1962 3195; x_wconf 72' lang='lat' dir='ltr'>statim</span> <span class='ocrx_word' id='word_1_528' title='bbox 1981 3155 2104 3200; x_wconf 59' lang='grc' dir='ltr'><strong><em>αἰεί-</em></strong></span> 
     </span>
     <span class='ocr_line' id='line_1_105' title="bbox 1211 3207 2109 3267; baseline 0.01 -21"><span class='ocrx_word' id='word_1_529' title='bbox 1211 3213 1284 3246; x_wconf 80' lang='lat' dir='ltr'>tos</span> <span class='ocrx_word' id='word_1_530' title='bbox 1308 3212 1349 3246; x_wconf 84' lang='lat' dir='ltr'>et</span> <span class='ocrx_word' id='word_1_531' title='bbox 1371 3213 1482 3248; x_wconf 85' lang='lat' dir='ltr'>ante</span> <span class='ocrx_word' id='word_1_532' title='bbox 1506 3207 1712 3260; x_wconf 76' lang='lat' dir='ltr'>ignaros.</span> <span class='ocrx_word' id='word_1_533' title='bbox 1757 3209 1834 3252; x_wconf 51' lang='lat' dir='ltr'>:At</span> <span class='ocrx_word' id='word_1_534' title='bbox 1862 3209 1966 3267; x_wconf 82' lang='lat' dir='ltr'>quia</span> <span class='ocrx_word' id='word_1_535' title='bbox 1995 3219 2109 3255; x_wconf 75' lang='lat' dir='ltr'>ante</span> 
     </span>
     <span class='ocr_line' id='line_1_106' title="bbox 1211 3263 2106 3322; baseline 0.011 -20"><span class='ocrx_word' id='word_1_536' title='bbox 1211 3263 1404 3315; x_wconf 76' lang='lat' dir='ltr'>ignaros</span> <span class='ocrx_word' id='word_1_537' title='bbox 1441 3279 1534 3306; x_wconf 88' lang='lat' dir='ltr'>non</span> <span class='ocrx_word' id='word_1_538' title='bbox 1574 3273 1747 3322; x_wconf 81' lang='lat' dir='ltr'>poterat</span> <span class='ocrx_word' id='word_1_539' title='bbox 1780 3275 1904 3310; x_wconf 87' lang='lat' dir='ltr'>certo</span> <span class='ocrx_word' id='word_1_540' title='bbox 1939 3267 2106 3320; x_wconf 80' lang='lat' dir='ltr'>dicere,</span> 
     </span>
     <span class='ocr_line' id='line_1_107' title="bbox 1211 3318 2106 3376; baseline 0.011 -16"><span class='ocrx_word' id='word_1_541' title='bbox 1211 3318 1461 3376; x_wconf 84' lang='lat' dir='ltr'>interponit</span> <span class='ocrx_word' id='word_1_542' title='bbox 1519 3330 1678 3364; x_wconf 85' lang='lat' dir='ltr'>auctor</span> <span class='ocrx_word' id='word_1_543' title='bbox 1739 3322 1967 3366; x_wconf 63' lang='lat' dir='ltr'>moenum</span> <span class='ocrx_word' id='word_1_544' title='bbox 2025 3341 2106 3372; x_wconf 83' lang='grc' dir='ltr'>οη.</span> 
     </span>
     <span class='ocr_line' id='line_1_108' title="bbox 1211 3374 2139 3438; baseline 0.011 -21"><span class='ocrx_word' id='word_1_545' title='bbox 1211 3374 1406 3420; x_wconf 69' lang='lat' dir='ltr'>Multism</span> <span class='ocrx_word' id='word_1_546' title='bbox 1421 3377 1507 3420; x_wconf 86' lang='lat' dir='ltr'>iam</span> <span class='ocrx_word' id='word_1_547' title='bbox 1543 3378 1654 3421; x_wconf 78' lang='lat' dir='ltr'>illud</span> <span class='ocrx_word' id='word_1_548' title='bbox 1679 3387 1726 3422; x_wconf 86' lang='lat' dir='ltr'>et</span> <span class='ocrx_word' id='word_1_549' title='bbox 1755 3379 2017 3438; x_wconf 82' lang='lat' dir='ltr'>interpretes</span> <span class='ocrx_word' id='word_1_550' title='bbox 2041 3383 2106 3427; x_wconf 79' lang='lat' dir='ltr'>of·</span> <span class='ocrx_word' id='word_1_551' title='bbox 2137 3384 2139 3386; x_wconf 63' lang='grc'><strong>’</strong></span> 
     </span>
     <span class='ocr_line' id='line_1_109' title="bbox 1211 3432 2106 3501; baseline 0.012 -27"><span class='ocrx_word' id='word_1_552' title='bbox 1211 3432 1357 3477; x_wconf 82' lang='lat' dir='ltr'>sendit</span> <span class='ocrx_word' id='word_1_553' title='bbox 1390 3436 1507 3501; x_wconf 84' lang='lat' dir='ltr'>apud</span> <span class='ocrx_word' id='word_1_554' title='bbox 1533 3435 1763 3489; x_wconf 84' lang='lat' dir='ltr'>Tacitum,</span> <span class='ocrx_word' id='word_1_555' title='bbox 1803 3446 1850 3479; x_wconf 87' lang='lat' dir='ltr'>ut</span> <span class='ocrx_word' id='word_1_556' title='bbox 1880 3440 2106 3486; x_wconf 81' lang='lat' dir='ltr'>nescirent</span> 
     </span>
     <span class='ocr_line' id='line_1_110' title="bbox 1243 3490 2105 3555; baseline 0.009 -23"><span class='ocrx_word' id='word_1_557' title='bbox 1243 3490 1319 3533; x_wconf 89' lang='lat' dir='ltr'>uid</span> <span class='ocrx_word' id='word_1_558' title='bbox 1351 3491 1434 3535; x_wconf 77' lang='lat' dir='ltr'>sibi</span> <span class='ocrx_word' id='word_1_559' title='bbox 1467 3493 1613 3537; x_wconf 82' lang='lat' dir='ltr'>vellet.</span> <span class='ocrx_word' id='word_1_560' title='bbox 1673 3493 1968 3555; x_wconf 86' lang='lat' dir='ltr'>Kiesslingius</span> <span class='ocrx_word' id='word_1_561' title='bbox 2000 3514 2105 3543; x_wconf 85' lang='lat' dir='ltr'>cum</span> 
     </span>
     <span class='ocr_line' id='line_1_111' title="bbox 1211 3506 1985 3606; baseline 0.01 -16"><span class='ocrx_word' id='word_1_562' title='bbox 1211 3506 1413 3593; x_wconf 50' lang='lat' dir='ltr'>{ekkero</span> <span class='ocrx_word' id='word_1_563' title='bbox 1442 3550 1595 3595; x_wconf 86' lang='lat' dir='ltr'>scribit</span> <span class='ocrx_word' id='word_1_564' title='bbox 1615 3564 1809 3606; x_wconf 76' lang='lat' dir='ltr'>gnaros.</span> <span class='ocrx_word' id='word_1_565' title='bbox 1979 3565 1985 3571; x_wconf 83' lang='lat'>&#39;</span> 
     </span>
    </p>
   </div>
  </div>
 </body>
</html>
