2164 3990
371 123 399 141 Ν

204 203 329 262 412
874 200 1388 266 ANNALIUM

155 399 164 409 .
197 354 359 402 muS,
404 334 503 393 sed
540 332 988 394 lamentationes
1024 323 1156 396 sua's
1182 334 1357 394 etiam
1379 335 1447 396 in
1473 348 1888 399 testamentum
1913 364 2057 401 con-

187 419 353 481 tulit.
450 415 893 494 Opperiebatur
928 416 1117 487 Nem,
1143 429 1231 475 ut
1265 411 1545 481 Vestinus
1581 445 1816 501 quoque
1850 408 2056 488 congui

198 505 260 565 in
289 504 515 564 crimen
551 500 911 571 traheretur,
958 503 1287 561 violentum
1313 515 1368 561 et
1401 506 1701 565 infensum
1722 524 1907 570 ratus:
1950 517 2054 576 sed

197 611 266 647 ex
290 589 616 649 coniuratis
649 587 894 643 consilia
930 608 1061 644 cum
1089 586 1335 645 Vestino
1364 600 1489 649 non
1521 594 1878 655 miscuerant
1920 587 2056 676 quie

190 677 334 739 dam
360 674 602 733 vetustis
627 673 690 727 in
725 692 861 728 eum
888 672 1311 743 simultatibUS,
1354 675 1552 749 plures
1589 681 1727 755 quia
1764 685 2054 760 praecipi-

192 774 314 822 tem
340 772 397 816 et
420 757 826 815 insociabilem
860 759 1194 816 credebant.
1282 771 1540 816 ceterum
1558 761 1813 823 Neronis
1844 769 2053 832 odium

132 847 135 859 '
192 848 471 909 adversus
503 842 816 900 Vestinum
861 863 931 902 ex
973 843 1182 900 intima
1215 845 1855 923 sodalitatecoeperat,
1909 837 2053 912 dum

191 928 288 991 hic
313 929 608 1003 ignaviam
636 927 922 1004 principis
947 929 1181 1002 penitus
1206 930 1499 1002 cognitam
1522 932 1793 1008 despicit,
1835 937 1936 995 ille
1965 941 2052 996 fe·-

192 1017 413 1073 rociam
448 1014 622 1070 amici
654 1013 861 1073 metuit
897 1032 1066 1088 saepe
1091 1015 1312 1089 asperis
1333 1017 1558 1074 facetiis
1582 1018 1841 1092 inlusuS‚
1884 1045 2051 1099 quae,

188 1103 298 1162 ubi
334 1101 590 1157 multum
630 1120 699 1155 ex
735 1119 875 1154 vero
917 1110 1171 1168 traxere,
1213 1120 1407 1157 acrem
1431 1103 1536 1159 -sui
1571 1106 1922 1163 memoriam
1955 1129 2051 1165 re-

186 1188 490 1262 linquunt.
579 1195 896 1240 accesserat
926 1205 1137 1259 repens
1173 1205 1370 1256 causa,
1415 1190 1574 1264 quod
1603 1186 1881 1251 Vestinus
1917 1190 2052 1251 Sta-

186 1272 380 1341 tiliam
443 1268 852 1334 Messallinam
919 1270 1299 1327 matrimonio
1358 1272 1483 1331 sibi
1549 1273 1819 1334 iunxerat
1888 1273 2050 1336 haud

183 1358 417 1420 nescius
455 1356 612 1412 inter
647 1355 947 1412 adulteros
984 1355 1108 1417 eius
1141 1367 1196 1412 et
1221 1354 1530 1414 Caesarem
1565 1379 1706 1420 esse.

355 1450 574 1512 LXIX.
645 1448 834 1524 Igitur
875 1470 1000 1506 non
1043 1452 1322 1523 crimine,
1372 1473 1497 1510 non
1529 1467 1859 1513 accusatore
1899 1460 2050 1516 exsi-

183 1535 402 1620 s‘tente,
457 1538 596 1615 quia
638 1537 890 1611 speciem
938 1536 1176 1593 indiciis
1212 1538 1459 1595 induere
1499 1560 1623 1596 non
1661 1552 1919 1615 poterat,
1972 1546 2048 1617 ad

184 1628 307 1684 vim
337 1622 761 1683 dominationis
795 1641 1112 1678 conversus
1143 1620 1529 1681 Gerellanum
1566 1625 1874 1682 tribunum
1913 1649 2048 1685 cum

1743 206 1870 284 2:2¹3:
1889 209 1972 290 933:

241 1873 452 1918 contulit.
512 1867 614 1912 MS.
637 1866 789 1912 Guelf.
813 1869 1035 1911 condidit.

131 1933 139 1941 '
190 1966 193 1970 .
240 1932 499 1974 violentum
554 1935 598 1969 et
647 1927 902 1982 infensum.
998 1927 1081 1969 Ed.

182 1988 303 2050 Spir.
320 1989 574 2030 violentum
585 1985 917 2040 infensumque.
948 1984 1080 2027 Hein-

182 2049 274 2093 sius
298 2061 381 2104 pro
406 2051 542 2086 ratus
564 2042 656 2084 vult
682 2050 947 2083 aversatus.

243 2107 329 2148 sed
364 2117 427 2146 ex
469 2100 738 2142 coniuratis.
826 2097 905 2139 Sic
944 2098 1078 2141 MSS.

187 2165 312 2208 Flor.
347 2161 462 2214 (test.
483 2157 601 2200 Viet.
640 2172 680 2199 c.
710 2154 797 2197 lac.
821 2153 1080 2211 Gronovio)

1212 1869 1325 1913 CAP.
1355 1870 1426 1913 69.
1511 1872 1710 1924 speciem
1751 1873 1931 1917 indicas
1969 1877 2044 1918 in-

1154 1931 1308 1971 duere.
1381 1927 1455 1970 Sic
1475 1927 1609 1972 MSS.
1635 1929 1757 1972 Flor.
1788 1932 1902 1986 (test.
1926 1931 2045 1975 Vict.

1155 2002 1194 2028 c.
1221 1984 1415 2044 Ryckio)
1439 1985 1551 2042 Agr.
1578 1985 1647 2028 ed.
1672 1988 1791 2045 Spir.
1827 2011 1880 2023 -·-
1942 2004 2043 2045 spe-

1153 2045 1267 2086 ciem
1306 2043 1483 2083 iudiciis
1516 2045 1545 2085 i.
1575 2043 1708 2087 MSS.
1741 2045 1850 2103 Reg.
1889 2047 2044 2099 Corb.,

1152 2101 1186 2141 si
1224 2101 1331 2142 fides
1374 2108 1438 2141 est
1481 2099 1682 2142 habenda
1711 2102 1920 2146 Broterio
1966 2106 2041 2162 qui

1153 2173 1200 2198 ex
1223 2157 1292 2200 ed.
1318 2156 1435 2213 Spir.
1466 2170 1647 2214 quoque
1682 2158 1826 2201 adfert
1853 2162 2044 2212 iudiciis,

182 2219 308 2265 Harl.
330 2216 462 2260 Bodl.
489 2215 570 2258 les.
595 2212 743 2256 Guelf.
778 2211 878 2254 edd.
902 2211 1081 2254 Ernest.

182 2293 281 2340 sqq.
296 2300 355 2308 —-
393 2276 475 2317 sed
494 2279 540 2314 et
561 2271 795 2314 coniurati
814 2268 949 2311 MSS.
963 2269 1080 2311 Bud.

183 2335 324 2383 Corb.
358 2332 428 2375 ed.
455 2328 574 2388 Spir.
607 2355 667 2365 --
721 2329 806 2368 sed
843 2327 1085 2368 coniurati

180 2393 284 2437 MS.
320 2390 429 2448 Reg.
465 2387 567 2431 edd.
595 2386 699 2428 Put.
727 2399 824 2442 sqq.
857 2382 911 2427 ad
938 2384 1079 2445 Erne-

181 2452 332 2498 stium.

237 2505 454 2553 Neronis.
544 2501 620 2546 Sic
652 2500 756 2543 MS.
790 2497 938 2541 Guelf.
976 2497 1075 2540 edd.

122 2582 127 2590 ⁷
178 2567 285 2613 Put.
309 2579 405 2623 sqq.
430 2578 468 2605 c.
492 2559 640 2604 silent.
656 2558 777 2600 Vict.
802 2580 862 2588 —-
904 2557 1084 2599 Neroni

178 2625 282 2669 MS.
305 2621 422 2666 Bud.
448 2618 520 2662 ed.
547 2617 666 2675 Spir.

117 2719 128 2732 ,⁴
237 2696 300 2725 ex
323 2678 512 2722 intima.
572 2675 649 2720 Sic
673 2672 776 2716 MS.
799 2669 950 2714 Guelf.
972 2668 1076 2712 edd.

178 2740 284 2785 Put.
307 2752 404 2793 sqq.
429 2751 470 2778 e.
495 2733 564 2782 sil,
585 2732 705 2775 vict.
732 2758 791 2765 --
840 2743 903 2770 ex
926 2729 1076 2770 nimia

176 2796 316 2842 MSS.
349 2793 457 2849 Reg.
494 2790 630 2834 Corb.
670 2788 739 2830 ed.
772 2786 889 2844 Spir.
965 2785 1074 2827 Mox

179 2856 252 2902 ed.
292 2851 416 2909 Spir.
449 2850 562 2902 :ante
596 2860 738 2900 saepe
783 2843 908 2886 addit
951 2858 1074 2894 eam,

175 2914 286 2958 item
305 2909 408 2953 MS.
432 2905 585 2950 Guelf.
605 2905 651 2947 in
675 2901 893 2958 margine.

236 2981 401 3024 repens
424 2979 583 3007 causa.
642 2961 718 3005 Sic
739 2959 871 3002 MSS.
897 2965 939 3001 et
963 2966 1073 3002 vett.

178 3027 283 3072 edd.
311 3053 370 3061 --
424 3035 588 3065 recens
630 3033 774 3065 causa
814 3015 914 3058 edd.
948 3015 1079 3074 Lips.v

172 3119 176 3125 ,
211 3083 477 3141 osteriores‚
525 3077 708 3123 Gruter.
749 3072 935 3118 Piehen.
972 3089 1070 3130 sqq.

177 3102 387 3186 eleterem
423 3136 693 3194 scripturam
728 3130 959 3175 Ernestius
995 3147 1070 3173 re-

177 3198 331 3244 stituit.
393 3195 452 3239 cf.
476 3201 574 3237 not.
601 3192 655 3236 ad
676 3192 714 3242 6,
738 3190 779 3232 7.
839 3189 947 3231 Mox
976 3204 1073 3246 maj

178 3255 454 3300 trimonium
510 3266 603 3294 non
645 3258 710 3292 est
752 3248 800 3288 in
842 3246 912 3289 ed.
950 3245 1069 3304 Spir.

175 3313 342 3357 Eadem
382 3319 485 3354 ante
517 3308 641 3352 inter
671 3305 796 3349 addit
832 3311 901 3351 et,
943 3303 1073 3363 ponit

180 3371 314 3414 etiam
337 3377 380 3411 et
406 3375 507 3410 ante
533 3367 807 3409 Caes-arem.
864 3361 948 3405 Ed.
970 3362 1071 3403 Put.

171 3430 238 3471 ·V.
263 3430 329 3468 ad
353 3426 617 3468 Caesarem.
649 3445 705 3454 —
766 3418 916 3462 Miror
950 3418 1071 3462 Bek-

177 3485 336 3528 herum
380 3490 424 3524 et
463 3479 788 3538 Kiesslingium
841 3492 1103 3522 revocasse-

178 3556 337 3589 !'002113
363 3554 518 3583 aalma.

1152 2214 1228 2257 ubi
1252 2222 1315 2256 est
1341 2214 1533 2255 mdiciis.
1595 2211 1697 2256 MS.
1725 2216 1837 2259 und.
1867 2225 1909 2260 et
1934 2217 2040 2260 inde

1153 2272 1253 2313 edd.
1273 2269 1414 2313 Rben.
1437 2269 1545 2313 Ald.
1571 2269 1693 2326 Lips.
1715 2270 1897 2316 Gruter.
1913 2273 2040 2318 Pich.

1151 2330 1323 2378 indicii,
1371 2343 1463 2369 non
1506 2328 1679 2379 iudicii,
1727 2338 1778 2372 ut
1811 2331 1928 2374 idem
1969 2332 2043 2375 ine

1151 2385 1383 2428 Broterius
1420 2382 1569 2426 refert.
1598 2413 1657 2421 --
1716 2387 1878 2430 iudiet's·
1904 2389 2040 2435 MSS.

1148 2443 1271 2487 Harl.
1298 2441 1428 2485 Bodl.
1453 2441 1535 2484 les.
1556 2441 1708 2486 Guelf.
1737 2444 1836 2487 edd.
1858 2445 2040 2492 PutM.

1149 2510 1191 2544 et
1227 2499 1281 2542 V.
1315 2501 1418 2542 Ber.
1459 2499 1560 2542 Alc.
1600 2508 1642 2543 et
1678 2501 1779 2544 dein
1815 2502 1962 2546 Berne
1995 2519 2040 2562 g.

1149 2561 1362 2614 (auctore
1401 2556 1737 2614 Freinshemio)
1767 2575 1868 2617 sqq.
1986 2578 2040 2606 ro

1147 2619 1342 2658 induere
1366 2611 1518 2657 Guelf.
1541 2613 1628 2658 fert
1649 2616 1879 2661 inducere.
1921 2662 1927 2666 ,
1950 2618 2039 2663 Sed

1146 2690 1254 2718 vera
1277 2682 1340 2715 est
1361 2672 1582 2729 scriptura
1602 2673 1702 2716 MS.
1716 2673 1842 2716 Flor.
1894 2666 2038 2735 Quip-

1147 2746 1202 2789 pe
1243 2730 1444 2785 speciem
1479 2730 1668 2771 induere
1701 2731 1846 2773 alicui
1870 2734 1943 2774 rei
1974 2740 2039 2777 est

1146 2792 1230 2830 der
1267 2789 1422 2833 Sache
1461 2788 1592 2828 einen
1622 2790 1884 2840 Ans-aheim,
1942 2792 2040 2834 eine

1150 2846 1337 2897 Gestalt
1369 2845 1535 2898 geben,
1583 2859 1646 2887 sc.
1679 2846 1900 2900 speciem.
1949 2864 2036 2906 qua

1146 2901 1491 2953 commendetur
1528 2909 1597 2943 vet
1646 2903 1890 2959 probabilis
1944 2922 2038 2949 esse

1145 2959 1365 3004 videatur.
1437 2961 1534 3002 lam
1565 2958 1686 3003 Nero
1723 2963 1922 3015 speciem
1957 2964 2034 3005 in·-

1144 3017 1274 3063 diciis
1297 3017 1494 3059 induere
1516 3019 1610 3058 no'n
1627 3024 1824 3071 poterat
1842 3018 1885 3062 12.
1909 3036 1946 3064 e.
1969 3021 2035 3063 in·

1146 3073 1259 3118 dicia
1305 3072 1340 3116 si
1384 3073 1598 3118 voluisset
1641 3075 1830 3118 excitare
1876 3086 2036 3123 contra

1144 3130 1409 3180 Vestinum,
1457 3130 1707 3182 nesciebat,
1760 3147 1894 3189 quam
1932 3151 2035 3194 spe-

1145 3188 1262 3232 ciem
1284 3188 1378 3231 istis
1404 3187 1582 3232 indiciis
1608 3186 1836 3240 indueret,
1863 3198 1911 3233 ut
1932 3208 2032 3249 pro-

1143 3244 1306 3290 babilia
1341 3247 1617 3291 viderentur.
1691 3245 1821 3290 Haud
1855 3248 2033 3293 inficior

1144 3302 1366 3360 vulgatam
1417 3303 1549 3347 hodie
1589 3303 1859 3361 scripturam
1897 3306 2030 3349 etiam

1142 3360 1331 3404 fundere
1365 3362 1528 3405 bonam
1558 3360 1847 3414 sententiam;
1886 3372 1930 3407 at
1954 3379 2031 3421 po-

1144 3418 1281 3462 tiores
1304 3420 1403 3462 libri
1427 3427 1621 3476 poscunt
1641 3418 1785 3461 aliam.

1205 3475 1523 3519 Gerellanum.
1609 3474 1684 3519 Sic
1734 3474 1870 3520 MSS.
1912 3478 2030 3522 Flor.

1144 3529 1418 3590 (tesnvict.)
1453 3533 1562 3592 Reg.
1594 3531 1663 3575 ed.
1688 3531 1806 3594 Spir.
1828 3558 1876 3567 -
1936 3535 2025 3581 Ge..
