2164 3990
217 252 270 288 A.
288 250 342 288 U.
351 245 442 293 816.

218 296 335 334 A.C.
378 293 439 326 03-
492 306 501 315 “

645 218 822 314 LIB.
853 251 988 314 xv.
1073 250 1270 314 CAP.
1305 249 1364 312 4.
1398 248 1457 311 5.

131 407 257 445 non
280 387 414 443 ideo
449 378 710 440 nescium
734 393 837 438 aut
862 381 1164 439 incautum
1189 380 1508 455 Tigranem
1532 379 1799 441 offendit.
1877 402 1979 439 oc,-

132 481 444 547 eupaverat
463 467 912 542 Tigranocerta,
951 469 1159 524 urbem
1183 467 1348 542 copia
1378 466 1751 522 defensorum
1775 477 1831 522 et
1851 487 1979 523 ma-

131 557 440 631 gnitudine
461 553 761 610 moenium
785 551 1061 612 validam.
1134 553 1209 608 ad
1238 548 1349 608 hoc
1371 547 1768 626 Nicephorius
1791 552 1980 608 amnis

130 638 293 698 haud
330 639 658 715 spernenda
690 637 1004 699 latitudine
1040 649 1265 711 partem
1299 657 1608 693 murorum
1647 636 1861 705 ambit,
1925 647 1984 693 et

133 729 306 783 ducta
339 726 545 798 ingens
579 724 760 792 fossa,
795 743 910 798 qua
943 722 1125 778 fluvio
1158 721 1550 780 diffidebatur.
1635 721 1984 797 inerantque

131 811 348 868 milites
392 822 449 872 et
490 808 714 883 provisi
756 819 889 863 ante
933 818 1313 864 commeatus:
1394 827 1648 882 quorum
1701 807 1983 862 subvectu

131 895 306 971 pauci
351 895 582 951 avidius
628 890 917 967 progressi
960 903 1016 948 et
1051 891 1374 967 repentinis
1421 888 1685 959 hostibus
1731 892 1985 948 circum-

130 980 296 1037 venti
345 980 434 1036 ira
477 979 660 1051 magis
700 998 876 1054 quam
911 988 1074 1034 metu
1110 988 1330 1032 ceteros
1367 979 1767 1039 accenderant.
1865 976 1984 1034 Sed

130 1060 352 1122 Partho
387 1063 462 1120 ad
490 1064 884 1139 exsequendas
919 1062 1256 1118 obsidiones
1292 1061 1458 1117 nulla
1497 1062 1765 1118 cominus
1801 1063 1986 1119 auda-

135 1151 253 1206 cia:
298 1150 446 1205 raris
472 1149 695 1221 sagittis
718 1167 908 1223 neque
937 1147 1162 1202 clausos
1185 1157 1433 1202 exterret
1455 1158 1510 1203 et
1536 1158 1716 1203 semet
1739 1149 1988 1204 frustra-

133 1246 248 1294 tur.
333 1229 661 1302 Adiabeni,
705 1253 839 1289 cum
859 1252 1207 1306 promovere
1231 1231 1410 1287 scalas
1436 1243 1491 1288 et
1517 1227 1988 1289 machinamenta

134 1319 490 1393 inciperent,
552 1318 723 1373 facile
768 1316 1020 1385 detrusi,
1087 1337 1225 1372 mox
1276 1317 1719 1392 erumpentibus
1767 1318 1986 1375 nostris

140 1404 486 1465 caeduntur.

301 1487 376 1546 V.
446 1479 708 1544 Corbulo
764 1499 963 1543 tamen
1010 1485 1279 1563 quamvis
1326 1486 1596 1542 secundis
1643 1488 1820 1543 rebus
1868 1488 1989 1544 suis

131 1573 564 1629 moderandum
607 1573 878 1628 fortunae
925 1584 1085 1629 ratus
1129 1571 1290 1627 misit
1333 1572 1407 1627 ad
1443 1569 1822 1644 Vologesem,
1887 1573 1992 1650 qui

135 1657 568 1732 expostularent
596 1657 719 1712 vim
753 1657 1092 1738 provinciae
1124 1656 1396 1712 inlatam:
1446 1656 1668 1712 socium
1704 1658 1992 1714 amicum-

138 1763 251 1820 que
284 1761 479 1816 regem
518 1737 786 1799 cohortes
824 1741 1126 1800 Romanas
1168 1741 1610 1802 circumsedere.
1698 1744 1991 1802 omitteret

1852 252 1976 310 329

193 1991 290 2019 mm
314 1979 432 2019 ideo.
494 1977 595 2020 MS.
608 1974 758 2019 Guelf.
782 1992 876 2019 non
892 1981 1024 2020 adeo.
1095 1976 1219 2019 Ante
1269 1974 1511 2018 Piehenam
1564 1974 1740 2034 Lipsius
1793 1976 1992 2026 ediderat

195 2042 517 2088 occupaverat.
604 2034 682 2076 Sic
722 2034 855 2078 MSS.
899 2034 1025 2078 Flor.
1097 2035 1285 2076 inerant
1307 2034 1400 2075 sine
1425 2033 1604 2089 copula.
1838 2035 1840 2037 ’

138 2093 252 2147 (test.
281 2091 400 2135 Viet.
431 2107 469 2136 ο.
501 2091 590 2134 lac.
621 2090 849 2146 Gronov.)
885 2091 1024 2135 Corb.
1149 2091 1324 2144 provisi
1352 2098 1479 2132 ante.

138 2149 249 2205 Agr.
277 2148 376 2191 edd.
404 2148 521 2207 Spir.
543 2147 722 2191 Ernest.
746 2164 844 2206 sqq.
866 2173 920 2181 -
953 2166 978 2205 q
996 2150 1033 2192 ,ι’
1100 2146 1158 2191 cf.
1185 2155 1280 2190 not.
1304 2146 1358 2189 ad
1388 2149 1452 2197 11,
1473 2147 1516 2190 7.
1909 2191 1913 2197 ,

139 2213 449 2262 occupaverat
471 2206 603 2248 MSS.
618 2206 732 2248 Bud.
758 2206 878 2249 Harl.
896 2207 1029 2250 Bodl.
1159 2212 1463 2247 commeatus.
1533 2203 1617 2247 Ed.
1651 2204 1773 2263 Spir.
1805 2224 1993 2254 comea-

1559 2090 1631 2133 De
1669 2090 1754 2135 hae
1794 2080 1991 2140 formula

138 2263 398 2315 lea-Guelf.
433 2263 536 2306 edd.
558 2262 660 2306 Put.
684 2262 751 2306 M.
777 2274 818 2307 et
840 2263 896 2308 V.
926 2266 1027 2308 Ber.

139 2320 241 2366 Ale.
263 2320 407 2364 Rhen.
435 2336 536 2378 sqq.

195 2390 548 2446 Tigranocerta.
609 2391 684 2434 Sic
706 2389 812 2445 (sive
843 2390 1027 2446 Tygra-

103 2483 105 2485 r
139 2451 348 2503 nocertu)
387 2447 488 2491 MS.
512 2446 660 2490 Guelf.
698 2447 799 2489 edd.
832 2447 934 2489 Put.
962 2448 1029 2490 M.

140 2515 184 2549 et
209 2505 264 2550 V.
291 2506 395 2548 Ber.
420 2510 479 2558 (ο.
509 2504 578 2548 sil.
602 2504 733 2560 vict.)
758 2505 858 2547 Alc.
883 2505 1026 2547 Rhen.

140 2579 355 2664 ‘trs-v
387 2563 897 2665 ’ωδ
913 2562 1028 2662 ³3⁰2·

140 2638 186 2722 {t
201 2637 550 2737 'apffiir'Graeeos
574 2677 835 2734 scriptores.
876 2677 939 2721 cf.
951 2650 1031 2727 ‘142

140 2735 198 2779 24

198 2807 264 2846 ad
294 2807 390 2848 hoc.
430 2812 433 2815 ⁴
465 2805 544 2848 Sic
573 2804 708 2849 MSS.
741 2805 866 2848 Flor.
909 2807 1031 2860 (test.

145 2861 280 2916 Vim.)
314 2861 467 2904 Guelf.
506 2870 551 2904 et
586 2863 654 2907 ed.
689 2863 810 2919 Spir.
853 2885 912 2894 -
970 2866 1036 2904 ad

144 2921 261 2960 haec
294 2918 395 2960 edd.
430 2919 530 2961 Put.
554 2919 623 2961 M.
650 2929 692 2962 et
714 2920 769 2962 V.
793 2920 894 2963 Ber.
930 2919 1033 2963 Alc.

143 2975 286 3018 Rhen.
314 2991 413 3032 sqq.

201 3047 514 3100 Nicephorius.
572 3044 647 3089 Sic
670 3046 774 3100 (sive
790 3049 1034 3102 Nycepho-

147 3103 262 3158 rius)
296 3103 398 3144 edd.
423 3103 525 3144 Put.
548 3103 756 3146 Beroald.
785 3108 847 3159 (c.
885 3107 1031 3147 silent.

146 3159 278 3216 vict.)
315 3159 411 3201 Ale.
436 3159 578 3202 Rhen.
607 3176 702 3216 sqq.
730 3189 788 3196 —
848 3163 1031 3215 Nicefo-

141 3218 243 3261 rius
283 3218 386 3260 MS.
425 3217 574 3259 Guelf.
611 3241 667 3248 -—
727 3220 1035 3272 miceplzarius

148 3276 216 3318 eda
231 3274 350 3331 Spir.
410 3274 577 3316 Eadem
600 3291 702 3317 mox
720 3280 1034 3329 spernendam

124 3333 133 3339 ’
147 3348 231 3389 pro
251 3335 529 3386 spernenda.

206 3403 495 3457 inerantque.
554 3403 630 3445 Sic
650 3403 783 3446 MSS.
819 3404 933 3457 (test.
959 3405 1035 3447 Pi-

151 3459 303 3514 cbena)
343 3461 451 3501 b‘ud.
480 3458 627 3501 Guelf.
664 3461 765 3502 edd.
794 3462 909 3517 Spir.
935 3463 1036 3504 Put.

151 3517 218 3557 Μ.
242 3525 284 3558 et
309 3515 485 3569 Vssser.
514 3518 572 3570 (ο.
598 3517 745 3559 silent.
773 3518 909 3571 vict.)
934 3520 1037 3563 Ale.

149 3572 291 3616 Rhea.
323 3589 421 3630 sqq.
458 3583 499 3617 et
531 3574 689 3618 deinde
723 3574 904 3619 Pichen.
939 3592 1036 3634 sqq.

1099 2269 1196 2314 tus,
1221 2261 1294 2305 hie
1317 2270 1360 2303 et
1380 2262 1499 2305 alibi.

1155 2319 1385 2361 audacia:
1418 2321 1550 2362 raris
1583 2328 1668 2364 etc.
1743 2321 1992 2371 Oberlinus

1100 2385 1143 2421 et
1175 2376 1250 2433 qui
1283 2374 1412 2418 illum
1446 2386 1721 2434 sequuntur,
1761 2379 1993 2441 interpun-

1100 2442 1232 2489 gunt:
1265 2435 1493 2481 audacia,
1523 2435 1648 2477 raris
1670 2439 1994 2489 sag1·ctis.·.ne-

1101 2505 1187 2544 que
1234 2498 1320 2533 etc.
1416 2489 1653 2533 Veriorem
1695 2502 1993 2556 veterumque

1100 2546 1326 2590 librorum
1372 2547 1787 2607 interpunctionem
1817 2554 1993 2601 reduxit

1101 2602 1352 2647 Belckerus.
1866 2604 1872 2611 ³

1159 2664 1430 2705 caeduntur.
1488 2662 1564 2707 Sic,
1586 2662 1692 2708 MS.
1718 2665 1754 2708 F
1756 2666 1845 2711 lor.
1875 2670 1994 2726 (test.

1103 2717 1243 2775 Viet.)
1267 2718 1365 2761 edd.
1388 2719 1507 2776 Spir.
1531 2720 1673 2763 Rhen.
1698 2741 1717 2767 s
1751 2741 1794 2783 q.
1813 2750 1868 2760 -
1899 2727 1992 2783 fa-

1103 2777 1184 2818 cile
1207 2779 1467 2818 caeduntur
1491 2777 1592 2821 MS.
1605 2778 1719 2824 Guet
1744 2815 1755 2826 .
1778 2784 1992 2831 edd.Put.

1104 2832 1175 2876 M.
1202 2841 1246 2875 et
1268 2832 1324 2875 V.
1347 2832 1448 2876 Ber.
1470 2835 1569 2879 Alc.
1637 2835 1708 2881 De
1741 2841 1837 2886 aliis
1866 2844 1994 2892 libris

1109 2889 1340 2933 silentium
1361 2897 1440 2933 est.

1163 2945 1275 2990 CAP.
1312 2947 1356 2989 5.
1436 2954 1797 2998 moderandum.
1893 2958 1994 3004 MS.

1105 3003 1257 3047 Guelf.
1285 3008 1621 3050 moderandae.

1162 3064 1380 3105 inlatam.
1438 3063 1521 3108 Ed.
1545 3065 1664 3123 Spir.
1689 3071 1907 3116 allatam.

1147 3117 1389 3163 cohortes.
1459 3121 1559 3164 MS.
1597 3123 1745 3167 Guelf.
1777 3145 1800 3170 a
1832 3146 1899 3187 pr.
1934 3148 1994 3175 m.

1106 3176 1261 3219 habuit
1293 3180 1520 3231 cohortis;
1563 3175 1652 3224 ςέο.
1685 3199 1746 3226 m.
1783 3184 1890 3230 fecit
1920 3205 1994 3232 co-

1105 3237 1279 3278 hortes-

1164 3294 1507 3336 circumsedere.
1590 3295 1665 3339 Sic
1703 3298 1837 3344 MSS.
1869 3301 1994 3346 Harl.

1106 3348 1237 3390 Bodl.
1269 3349 1351 3391 les.
1389 3349 1542 3393 Guelf.
1576 3351 1667 3407 (hie
1694 3370 1716 3397 e
1743 3362 1993 3405 correctio-

1107 3407 1183 3460 ne)
1224 3405 1323 3447 cdd.
1355 3407 1473 3464 Spir.
1512 3407 1611 3452 Put.
1646 3412 1711 3455 M.
1744 3422 1785 3456 et
1811 3415 1866 3459 V.
1889 3418 1992 3462 Ber.

1109 3464 1232 3516 (ουιιι
1265 3462 1439 3506 silentio
1474 3464 1610 3522 Vici.)
1648 3467 1750 3514 Alc.
1789 3472 1992 3520 Rhenan-

1109 3520 1212 3563 Ald.
1256 3547 1314 3555 -—
1382 3524 1703 3569 circumsidere
1745 3530 1995 3590 edd.‘Lips.

1112 3593 1207 3635 sqq.
1240 3594 1378 3635 usque
1400 3580 1453 3623 ad
1475 3580 1723 3638 Ryckium,
1759 3590 1836 3645 qui
1859 3605 1881 3632 e
1896 3591 1996 3637 MS.
