2164 3990
212 284 332 345 128
784 232 1401 357 ΙΑΝΝΜᾹῌΜ
1575 283 1578 286 ’
1745 281 1984 365 ἑῑῑὲθὲξὲ

208 411 615 472 Galilaeorum
649 410 815 471 natio
829 457 847 482 ,
898 408 1085 469 Felici
1116 409 1442 491 Samaritae
1483 427 1783 490 parerent,
1837 417 2065 476 discon-

206 500 310 556 des
358 497 504 555 olim
540 507 598 554 et
630 509 761 556 tum
794 506 1135 572 contemptu
1178 499 1511 573 regentium
1549 500 1752 558 minus
1798 503 2066 562 coercitis

206 583 380 646 odiis.
464 581 648 657 igitur
682 593 914 658 raptare
947 581 1104 638 inter
1132 602 1221 653 se,
1273 583 1566 642 immitere
1601 585 1904 646 latronum
1935 590 2066 663 glo-

204 670 343 740 bos,
397 687 749 743 componere
784 666 1032 724 insidias
1066 677 1122 724 et
1155 667 1473 745 aliquando
1510 671 1753 746 proeliis
1786 674 2066 747 congredi

207 753 511 832 spoliaque
558 763 617 810 et
661 752 911 829 praedas
954 751 1032 808 ad
1076 763 1484 828 procuratores
1517 758 1755 817 referre.
1863 755 2067 836 Hique

204 841 400 918 primo
437 837 672 908 laetari,
735 857 875 894 mox
906 836 1187 913 gliscente
1218 838 1481 914 pernicie
1522 861 1658 898 cum
1694 862 1858 901 arma
1899 844 2068 900 mili-

203 939 334 985 tum
357 924 807 994 interiecissent‚
847 923 1002 979 caesi
1026 923 1261 984 milites,
1347 925 1694 1003 arsissetque
1726 928 1884 986 bello
1923 948 2067 1005 pro-

200 1011 400 1070 vincia
415 1055 432 1080 ‚
466 1009 534 1065 ni
559 1006 899 1081 Quadratus
921 1007 1129 1086 Syriae
1148 1019 1342 1066 rector
1364 1009 1745 1074 subvenisset.
1827 1035 1936 1071 nec
1959 1014 2067 1071 diu

203 1097 483 1154 adversus
531 1090 808 1164 IudaeoS‚
864 1093 969 1171 qui
1011 1093 1077 1150 in
1118 1113 1323 1151 necem
1356 1095 1619 1152 militum
1653 1110 2066 1174 proruperant,

201 1180 541 1240 dubitatum
567 1178 716 1257 quin
741 1180 929 1256 capite
951 1199 1172 1254 poenas
1196 1181 1454 1237 luerent:
1497 1177 1800 1238 Cumanus
1829 1194 1887 1240 et
1900 1181 2069 1259 Felix

203 1265 640 1327 cunctationem
674 1265 1045 1335 adferebant,
1089 1265 1228 1342 quia
1250 1263 1534 1324 Claudius
1567 1267 1754 1324 causis
1787 1267 2071 1326 rebellio—

202 1353 298 1410 nis
324 1349 543 1408 auditis
570 1350 663 1408 ius
687 1350 983 1408 statuendi
1005 1350 1182 1407 etiam
1206 1350 1278 1408 de
1304 1352 1787 1427 procuratoribus
1812 1353 2069 1414 dederat.

204 1437 303 1495 sed
350 1434 694 1509 Quadratus
735 1433 995 1493 Felicem
1038 1436 1196 1494 inter
1236 1435 1460 1494 iudices
1499 1438 1848 1508 ostentavit,
1904 1457 2070 1496 rece-

200 1534 373 1600 ptum
397 1522 465 1578 in
489 1521 756 1579 tribunal
785 1543 904 1598 quo
939 1521 1135 1579 studia
1169 1521 1572 1580 accusantium
1606 1522 2069 1582 deterrerentur:

201 1610 633 1685 damnatusque
657 1607 1048 1681 flagitiorum,
1088 1627 1238 1683 quae
1261 1607 1381 1664 duo
1409 1608 1812 1684 deliquerant,
1848 1605 2071 1667 Cuma-
2153 1611 2156 1614 ’

201 1713 316 1753 nus
331 1739 349 1766 ,
389 1703 448 1750 et
471 1693 639 1770 quies
660 1692 1003 1768 provinciae
1029 1693 1281 1751 reddita.

368 1787 499 1850 LV.
581 1785 706 1847 Nec
739 1789 931 1846 multo
966 1800 1101 1866 post
1135 1789 1452 1864 agrestium
1490 1786 1747 1847 Cilicum
1783 1790 2073 1861 nationeS,

203 1877 424 1956 quibus
461 1871 755 1932 Clitarum
796 1886 1280 1950 cognomentum,
1332 1894 1503 1951 saepe
1542 1886 1600 1932 et
1633 1874 1778 1932 alias
1807 1896 2072 1956 commo-

201 1977 325 2032 tae,
366 1972 510 2018 tunc
537 1956 879 2017 Trosobore
899 1960 1049 2017 duce
1071 1972 1302 2017 montes
1328 1978 1564 2035 asperos
1601 1961 1805 2017 castris
1838 1981 2068 2036 cepere:

202 2059 378 2127 atque
405 2045 546 2102 inde
570 2043 823 2102 decursu
851 2045 919 2102 in
942 2045 1118 2102 litora
1154 2056 1256 2103 aut
1285 2045 1463 2103 urbes
1495 2045 1622 2101 vim
1654 2045 1982 2104 cultoribus
2011 2057 2073 2104 et

202 2131 518 2211 oppidanis
558 2150 627 2187 ac
672 2130 1023 2208 plerumque
1069 2131 1134 2188 in
1178 2141 1531 2188 mercatores
1575 2142 1634 2188 et
1673 2131 2070 2189 navicularios

202 2218 520 2277 audebant.
603 2215 953 2294 obsessaque
986 2216 1192 2274 civitas
1215 2211 1667 2274 Anemuriensis
1683 2261 1699 2285 ‚
1744 2227 1802 2273 et
1835 2217 2002 2273 missi
2038 2236 2072 2274 e

202 2303 378 2384 Syria
410 2301 479 2360 in
511 2299 846 2359 subsidium
881 2301 1105 2380 equites
1139 2322 1275 2361 cum
1296 2303 1588 2378 praefecto
1613 2297 1822 2359 Curtio
1847 2301 2068 2360 Severo

204 2539 408 2591 tempta,
448 2532 515 2574 ad
530 2532 741 2587 praedas
763 2545 847 2588 pro
881 2536 927 2572 et
955 2543 1098 2584 prae-
1171 2531 1309 2581 bore,
1342 2545 1447 2573 mox
1479 2529 1774 2575 Troxobore.
1839 2529 1924 2576 Ed.
1945 2530 2068 2590 Spir.

202 2598 315 2645 das,
353 2597 400 2634 et
425 2595 755 2645 procuratores
784 2602 868 2646 pro
900 2590 966 2630 ud
980 2602 1113 2641 pro-¹
1168 2588 1453 2632 Aresoboro.
1541 2587 1677 2632 MSS.
1711 2587 1830 2632 Vatt.
1876 2589 1987 2632 1863
2025 2597 2070 2633 et

203 2656 470 2696 curatores,
507 2645 818 2689 dubitandum
852 2661 938 2704 pro
962 2645 1100 2688 dubi·
1172 2644 1300 2688 1864.
1324 2645 1615 2696 Arosobore,
1645 2661 1669 2689 a
1694 2660 1828 2687 manu
1860 2646 2067 2690 emenda-

204 2717 380 2754 tatum.
1171 2702 1282 2744 toris
1304 2703 1584 2744 Arosoboro.
1599 2724 1658 2734 ——
1699 2701 1801 2745 MS.
1814 2700 1915 2748 Vat.
1940 2703 2068 2750 1958.

258 2764 551 2821 adserebant.
609 2760 685 2804 Sic
701 2760 806 2804 MS.
829 2760 867 2804 F
869 2761 951 2804 lor.
977 2763 1098 2817 (test.
1169 2759 1462 2802 Aroxobore.
1486 2783 1546 2793 —-
1595 2758 1699 2803 MS.
1722 2757 1877 2803 Guelf.
1911 2767 2066 2805 toros-

202 2821 360 2878 vinc).
420 2819 683 2874 afferebant
704 2827 807 2863 vett.
822 2818 922 2862 edd.
941 2825 984 2861 et
995 2817 1100 2862 MS.
1168 2817 1294 2859 bore.
1353 2815 1415 2858 At
1435 2816 1551 2859 infra
1575 2817 1854 2861 Trosobore.

204 2877 358 2926 Guelf.
1225 2901 1398 2942 cepere.
1457 2885 1574 2931 Edd.
1591 2887 1711 2947 Spir.
1734 2887 1838 2932 Put.
1860 2887 1929 2932 Μ.
1950 2886 2065 2938 εῑΝ.
2156 2887 2160 2889 ’

262 2939 334 2981 ius
361 2935 614 2980 statuendi.
683 2931 768 2976 Ed.
802 2932 923 2991 Spir.
972 2931 1099 2973 iusta
1170 2959 1382 2998 coepere,
1414 2943 1584 3004 vulgari
1609 2944 1732 2988 vffio,

203 2996 381 3041 tuendi.
469 2993 638 3036 Eadem
689 2989 856 3033 omittit
892 2991 952 3031 de
992 2997 1098 3031 ante
1227 3019 1441 3059 decursu·
1524 3014 1606 3058 Ed·
1645 3015 1765 3074 Spir-
1805 3018 2067 3063 decursum·

200 3052 595 3110 procuratoribus‘
681 3048 792 3090 Mox
833 3051 1096 3101 reoepmm‘
1169 3072 1339 3117 Eadem
1362 3076 1427 3116 ad
1450 3074 1590 3115 urbes
1612 3088 1697 3131 pro
1718 3079 1803 3115 aut
1829 3074 1981 3117 urbes.

205 3127 306 3166 que,
325 3113 682 3164 damnatosque,
703 3117 941 3148 cumanos.
992 3101 1096 3146 MS.

206 3168 357 3212 Guelf.
396 3166 725 3221 delinquerunt
763 3177 849 3221 pro
889 3160 1097 3216 delique·
1169 3143 2066 3257 (tgsft.⁰sspi(‘31?g‡i2v.)sifuffsgfiefflff}

1167 3257 1305 3301 MSS.
1335 3257 1554 3308 Broterii,
1598 3257 1700 3300 edd.
1733 3257 1853 3315 Spir.
1883 3256 2062 3301 Ernest-

1168 3332 1189 3358 s
1223 3331 1268 3374 q.
1325 3330 1381 3358 oc
1402 3315 1650 3370 oppidanis
1671 3315 1771 3358 edd.
1795 3314 1899 3357 Put.
1923 3314 1993 3358 M.
2021 3324 2066 3359 et

206 3233 375 3347 Γαξὲι).
406 3279 477 3324 55.
535 3294 617 3322 nec
650 3280 796 3321 multo
823 3283 946 3333 post.
1014 3273 1099 3320 Ed.

207 3338 514 3438 Spgiit‘zffllfflf
529 3344 674 3438 psffitS.
697 3391 847 3436 Guelf·
870 3391 1097 3435 ‘gl-tarum·
1216 3405 1225 3415 .
1248 3371 1545 3429 Beroald.1(c.
1567 3372 1712 3416 silent.
1737 3371 1872 3427 Vict.)
1896 3370 2064 3417 Aleiat.

263 3451 536 3494 Trosobore.
597 3452 674 3494 Sic
709 3450 811 3493 edd.
838 3448 942 3493 Put.
962 3448 1029 3491 M.
1055 3455 1100 3491 et
1169 3429 1313 3475 Rhen·
1335 3444 1432 3489 sqq·
1459 3445 1602 3487 usque
1624 3429 1677 3471 ad
1698 3428 1873 3472 Ernest·
1984 3450 1987 3453 '

207 3508 264 3553 V.
296 3507 503 3552 Beroald.
538 3508 595 3563 (c.
627 3507 803 3551 silentio
827 3506 962 3563 vict.)
998 3504 1099 3549 Ale.
1227 3501 1596 3544 Anemuriensis.
1638 3497 1716 3543 Sic
1733 3497 1833 3542 edd.
1848 3498 1950 3542 Put.
1963 3515 2064 3557 sqq.

208 3566 408 3610 Rhenan.
440 3580 536 3622 sqq.
571 3580 675 3606 cum
713 3565 814 3608 MS.
838 3564 956 3607 Bud.
1038 3561 1100 3606 At
1169 3586 1227 3596 —-
1267 3557 1621 3601 anima'uerensis
1663 3555 1766 3600 MS.
1809 3555 1962 3600 Guelf.
2003 3579 2063 3589 -—

208 3619 609 3679 test.1.Gronovio
639 3620 741 3666 MS.
762 3621 887 3666 Flor.
910 3620 1099 3666 Troxo·
1169 3616 1254 3661 Ed.
1285 3615 1402 3674 spir.
1438 3614 1836 3662 Amr-mariensis·
1894 3612 2063 3658 Eadem
