2164 3990
135 213 190 294 2:
208 212 261 294 3.-
277 209 363 288 ⁸2³3·

619 212 672 272 L
687 202 798 273 113.
825 209 966 272 XII.

1044 204 1243 272 CAP.
1279 213 1341 271 2.
1822 213 1914 276 65*

54 351 233 423 longo
257 342 506 405 discidio
532 361 628 411 ac,
671 341 722 397 si
744 349 948 398 rursus
973 339 1408 410 adsumeretur,
1450 359 1519 398 eo
1545 341 1672 416 ipso
1698 361 1907 419 super-

53 437 218 492 bam‘:
271 432 564 505 longeque
599 426 815 483 rectius
840 423 1106 483 'Lolliam
1139 425 1376 495 induci,
1430 427 1670 502 quando
1709 431 1911 489 nullos

55 521 272 576 liberos
311 514 632 590 genuisset,
675 531 922 568 vacuam
957 510 1347 568 aemulatione
1385 521 1441 567 et
1478 512 1767 586 privignis
1801 536 1908 589 pa..

53 603 238 661 rentis
268 603 400 659 loco
433 599 714 656 futuram.
799 591 883 653 At
903 593 1098 652 Pallas
1121 596 1184 653 id
1214 595 1465 658 maxime
1487 596 1553 652 in
1579 593 1911 675 Agrippina

53 689 326 758 laudare,
410 683 573 762 quod
639 678 985 739 Germanici
1047 693 1325 756 nepotem
1391 676 1588 739 secum
1652 681 1912 745 traheret

34 765 303 849 'dignum
356 787 597 848 prorsus
651 767 1026 842 imperatoria
1082 767 1354 837 fortuna,
1429 766 1707 846 stirpem„
1732 771 1911 830 nobi·
1983 842 1990 850 .

52 860 202 929 lem,
272 868 331 915 et
377 854 637 913 familiae
679 850 965 910 Claudiae
1014 871 1164 928 quae
1211 863 1475 927 posteros
1528 854 1911 929 coniungeret

54 1078 267 1122 sularem
303 1073 456 1117 visuri
484 1073 684 1115 sumus?
747 1069 948 1115 Ablativ.

54 1133 373 1177 novercalibus
402 1130 522 1173 odiis
552 1145 648 1171 non
670 1128 855 1171 denotat
874 1127 951 1170 in-

54 1199 381 1240 strumentum,
420 1203 511 1243 quo
542 1185 640 1244 quis
669 1185 816 1232 videt,
856 1184 950 1236 sed,

53 1258 103 1292 ut
118 1247 387 1305 saepissime,
408 1242 606 1287 adverbii
622 1240 727 1286 loco
744 1241 826 1284 fun
859 1242 949 1285 itur

53 1305 326 1364 poniturque
346 1317 430 1361 pro
454 1316 562 1344 eum
581 1314 690 1344 nov.
714 1302 788 1342 od.
870 1299 948 1342 inc

53 1378 147 1406 non
169 1377 279 1420 opus
299 1367 386 1411 est,
418 1367 468 1402 ut
490 1364 636 1401 mutes
655 1371 761 1400 nov.
783 1357 946 1400 oculis.

54 1418 192 1464 MSS.
223 1418 346 1462 Harl.
377 1415 517 1460 Bodl.
541 1415 624 1459 les.
657 1413 811 1458 Guelf.
845 1414 947 1458 edd.

55 1475 214 1521 Oberl.
245 1491 344 1534 sqq.
387 1488 581 1518 usuram
611 1475 660 1516 in
689 1473 778 1516 Br.
812 1480 862 1517 et,
891 1471 949 1516 O.

53 1534 144 1580 Sed
167 1533 395 1591 displicet,
425 1530 548 1589 quod
571 1530 638 1575 sic
660 1530 708 1572 in
731 1530 951 1573 diversam

55 1610 80 1636 a
101 1591 253 1650 priore
279 1598 554 1634 structuram
578 1586 743 1631 abitur.
805 1587 949 1632 Com-

54 1648 237 1693 modior
259 1664 364 1692 sane
385 1655 450 1690 est
475 1645 698 1701 scriptura
720 1643 823 1686 edd.
844 1643 949 1686 Put.

55 1707 126 1752 Μ.
151 1714 194 1748 et
215 1703 275 1748 V.
299 1705 403 1748 Ber.
425 1702 527 1746 Ale.
548 1701 691 1744 Rhcn.
715 1701 820 1745 Ald.
837 1701 951 1744 Ber-

59 1778 189 1820 negg.
209 1777 308 1819 sqq.
343 1775 492 1815 usura
518 1761 568 1801 in
593 1767 678 1802 etc.
739 1758 829 1802 Sed
865 1774 949 1801 au-

59 1819 264 1865 ctoritate
286 1818 498 1862 codicum
514 1815 651 1859 MSS.
675 1816 947 1864 destituitur,

63 1886 107 1920 et
167 1876 388 1934 potissimi
439 1873 543 1918 libri
599 1880 783 1915 tuentur
837 1889 949 1922 eam,

60 1949 196 1992 quam
220 1930 434 1977 revocavi
461 1931 746 1988 scripturam.
798 1928 954 1974 Heius.

56 1991 235 2040 volebat
255 2003 426 2033 arsura
440 2005 454 2039 ,·
485 1987 670 2046 Bipont.
694 1987 922 2030 visuram.

114 2048 323 2092 discidio.
401 2044 479 2090 Sic
517 2045 651 2088 MSS.
689 2043 798 2102 Agr.
839 2044 951 2102 Reg.

57 2106 159 2152 edd.
200 2104 316 2162 Spir.
344 2103 560 2149 Gronov.
597 2101 637 2144 R
670 2100 740 2146 ek.
773 2101 949 2146 Ernest.

57 2182 78 2209 s
111 2180 156 2224 q.
192 2163 385 2205 desidio
418 2161 521 2206 MS.
553 2159 621 2203 Bu
656 2189 668 2202 .
709 2159 811 2202 edd.
843 2159 947 2203 Put.

55 2180 126 2266 Nl.
147 2228 189 2265 et
212 2218 267 2262 V.
291 2218 499 2263 Beroald.
522 2219 582 2274 (c.
606 2216 786 2261 silentio
811 2216 950 2273 vict.)

56 2280 156 2324 Ale.
187 2276 332 2321 Rhen.
365 2292 461 2335 sqq.
500 2277 559 2320 cf.
594 2283 688 2319 not.
720 2274 776 2318 ad
803 2275 845 2326 2,
878 2275 948 2318 86.

59 2338 127 2388 14,
150 2338 192 2379 1.
222 2362 283 2372 --
338 2335 439 2378 MS.
467 2332 620 2376 Guelf.
647 2348 671 2375 a
691 2348 758 2388 pr.
781 2348 842 2375 m.
875 2335 952 2374 di-

56 2395 203 2443 sidio;
251 2407 338 2435 sec.
377 2408 438 2434 m.
476 2389 645 2433 addidit
682 2389 873 2432 alterum
914 2404 952 2432 s.

58 2451 185 2494 Idem
210 2466 312 2492 mox
331 2454 644 2491 asumeretur.

110 2521 291 2552 rursus.
347 2505 430 2548 Ed.
452 2504 570 2563 Spir.
597 2517 807 2547 rursum.

112 2565 288 2609 induci.
347 2563 431 2606 Ed.
455 2563 485 2605 S
520 2560 574 2604 ir.
602 2562 793 2604 inducit.

116 2630 350 2679 nepotem.
417 2619 470 2662 M
508 2652 517 2661 .
553 2618 707 2661 Guelf.
752 2625 952 2673 nepotes,

61 2680 184 2730 quod
210 2677 442 2721 Ernestius
468 2675 643 2720 defendi
669 2691 800 2733 posse
822 2684 951 2718 autu-

60 2729 154 2781 mat
173 2735 393 2780 similibus
416 2733 534 2793 apud
559 2733 778 2776 Nostrum
800 2749 949 2776 exem-

59 2794 160 2854 plis.
249 2793 438 2836 Utinam
484 2789 702 2834 eiusmodi
752 2789 952 2848 exempla

61 2850 311 2895 addidisset.
370 2849 574 2907 Namque
607 2863 738 2905 spero
770 2849 952 2890 nullum

59 2909 160 2953 fore
180 2907 410 2951 idoneum.
471 2906 523 2948 ln
546 2904 624 2949 tali
643 2904 824 2972 quidem
847 2921 954 2949 con·

60 2973 183 3010 textu
216 2964 413 3022 enallage
445 2963 627 3006 numeri
657 2961 955 3006 intolerabilis

61 3031 144 3067 est.
214 3026 218 3033 ’

119 3080 326 3135 dignum.
399 3077 476 3122 Sic
516 3076 618 3121 libri
652 3085 761 3122 vett.
794 3093 954 3121 omnes

61 3146 237 3196 praeter
258 3135 360 3179 MS.
377 3135 526 3192 Agric.
541 3166 552 3184 ,
578 3135 625 3178 in
648 3152 740 3193 quo
755 3134 953 3193 Ryckius

65 3202 107 3238 et
126 3193 334 3237 Heinsius
366 3201 586 3236 testantur
619 3209 712 3236 esse
743 3194 952 3247 dignam,

65 3251 185 3310 quod
243 3250 400 3293 exinde
450 3249 700 3307 praetulere
750 3249 954 3310 plerique

67 3307 258 3350 editores
320 3307 540 3364 hodieque
605 3308 759 3351 edunt.
848 3307 952 3351 Non

67 3363 186 3406 enim
226 3363 496 3407 conveniens
530 3364 850 3422 interpretibus
887 3365 954 3408 vi-

69 3419 250 3463 debatur
269 3429 311 3471 et
333 3421 380 3464 in
405 3420 653 3476 Britannici
677 3423 825 3479 potius
848 3438 955 3466 con·

68 3476 294 3520 tumeliam
322 3477 488 3522 dietum
504 3511 516 3530 ,
543 3479 666 3537 quod
689 3479 837 3524 Pallas
861 3478 954 3522 Ne-

67 3548 227 3576 ronem
248 3537 439 3590 dignum
460 3550 661 3589 prorsus
690 3538 951 3590 imperato-

154 3599 397 3651 TAmTus
439 3600 509 3653 Il.

1021 1069 1101 1111 ria
1117 1068 1322 1124 fortuna
1352 1069 1484 1116 ferat.
1513 1072 1631 1116 »Sed
1656 1073 1927 1128 inmercum„r

1019 1126 1095 1169 ria
1109 1126 1322 1182 fortuna
1343 1129 1547 1182 dignam=
1563 1131 1769 1174 iudicari
1788 1126 1926 1175 non-7

1021 1183 1131 1226 dum
1181 1193 1248 1228 est
1300 1186 1623 1244 imperatorem
1675 1188 1918 1243 destinari3

1020 1248 1193 1298 spectat
1232 1241 1345 1285 illud
1387 1251 1563 1288 tantum
1597 1245 1655 1289 ad
1686 1247 1921 1306 receptio-¹

1019 1314 1126 1341 nem
1148 1297 1197 1341 in
1222 1299 1423 1343 domum.
1439 1301 1797 1360 imperatoriam,
1818 1319 1919 1348 eo·-

1020 1371 1107 1414 que
1138 1355 1315 1400 honore
1335 1357 1661 1415 ,dignumflici
1690 1360 1922 1406 Neronem·

1022 1412 1121 1481 quis
1139 1429 1271 1470 aegre
1289 1414 1433 1459 ferat?
1490 1416 1831 1469 Aliqua-saltem
1845 1434 1923 1464 >ra-¹.

1020 1478 1086 1514 tio
1122 1471 1276 1515 debuit
1303 1472 1436 1522 addi,
1479 1490 1560 1518 cur
1579 1475 1796 1519 Pallas-id
1827 1486 1931 1521 mad

1021 1529 1140 1571 xime
1172 1528 1220 1571 in
1243 1529 1494 1588 Agrippina
1520 1532 1752 1583 laudaret,
1795 1535 1935 1592 quod,

1021 1584 1284 1687 ξειπιωιίοἰ
1334 1598 1549 1647 nepotem
1603 1606 1796 1635 secumx,
1823 1601 1926 1636 tm-·

1054 1651 1164 1686 eret.
1393 1669 1395 1671 >
1674 1674 1680 1686 =
1763 1672 1765 1674 ·
1823 1675 1825 1677 >
1876 1654 1889 1689 ’.
1909 1653 1926 1681 t·

1078 1701 1273 1756 stirpem
1295 1703 1514 1748 nobilem.
1577 1704 1663 1748 Int.
1687 1705 1930 1752 Ner-ouem·

1020 1757 1065 1802 h.
1101 1774 1140 1801 e.
1192 1756 1351 1802 natum
1409 1760 1514 1804 loco
1561 1763 1739 1808 nobilis·
1803 1765 1922 1809 Nam

1019 1817 1166 1871 stirps
1196 1814 1271 1859 hic
1302 1817 1419 1859 valet
1449 1833 1555 1861 nonf
1582 1819 1637 1862 de
1671 1835 1751 1870 eo,
1787 1823 1932 1866 unde,

1023 1872 1209 1930 aliquis,
1254 1873 1333 1915 sed
1355 1874 1419 1918 'de
1448 1890 1511 1918 eo'
1535 1875 1660 1934 ipso,
1701 1878 1779 1936 qui
1814 1879 1932 1923 inde:

1024 1939 1154 1973 natus
1174 1936 1252 1980 est,
1275 1938 1326 1972 ut
1347 1932 1604 1989 saepissime
1623 1935 1717 1990 (ein
1728 1935 1934 1996 Sprb‘few

1022 1987 1121 2042 ling
1154 2001 1242 2029 aus
1276 1990 1430 2031 edlem
1460 1990 1644 2044 Blate).
1703 1993 1762 2038 cf.
1787 1995 1921 2047 1,758.

1027 2044 1094 2095 12,
1125 2044 1194 2088 25·
1223 2044 1279 2093 ⁴22
1307 2044 1351 2088 4·
1384 2045 1456 2090 37.
1517 2046 1615 2094 Liv·
1651 2051 1703 2099 12¹
1725 2053 1768 2096 10
1827 2052 1937 2096 Iam7

1022 2101 1327 2160 verotparum
1356 2119 1460 2147 acre
1486 2120 1737 2166 parumque
1757 2109 1935 2157 decens:

1020 2159 1057 2204 I.
1080 2160 1158 2203 Fr.
1180 2158 1416 2204 Gronovio
1441 2161 1692 2216 videbatur,
1717 2182 1935 2217 eumen-2

1022 2214 1324 2261 dem³ordine
1357 2219 1514 2264 vocari
1552 2223 1749 2276 stirpem
1782 2226 1932 2267 nobi...

1021 2277 1138 2326 lem,
1166 2290 1302 2331 quem
1329 2285 1429 2319 ante
1449 2285 1609 2334 auctor
1632 2280 1933 2347 appellaverit⁴

1022 2334 1281 2386 dignumvi.
1301 2333 1528 2388 fortuna.
1560 2333 1760 2380 2Verum
1792 2338 1922 2383 intel-

1022 2390 1109 2447 lige
1145 2391 1338 2445 dignum
1380 2391 1434 2434 de
1472 2392 1655 2449 ingenio
1696 2395 1930 2455 animique
2003 2388 2009 2394 ⁶

1025 2445 1209 2497 indole,
1264 2456 1364 2491 tum
1407 2465 1504 2491 non
1546 2450 1806 2495 absurdum
1836 2454 1924 2498 erit

1028 2503 1221 2547 eundem
1246 2504 1419 2548 laudari
1442 2522 1466 2548 a
1490 2506 1629 2564 stirpe
1652 2509 1811 2554 nobili.
1850 2532 1869 2543 ν
1916 2529 1932 2547 ’κ

1085 2567 1130 2602 et
1135 2560 1360 2616 familiae
1385 2562 1609 2606 Claudiae
1629 2571 1922 2621 quaesto-&te-

1026 2632 1108 2661 ros
1153 2620 1451 2674 coniungeret
1494 2635 1556 2662 ne
1593 2622 1804 2677 femina.
1831 2634 1920 2671 ete.

1025 2675 1148 2719 Haec
1192 2677 1520 2734 perspicuitatis
1547 2693 1705 2726 ,eausa
1740 2680 1922 2729 inverso

1026 2733 1185 2776 ordine
1206 2735 1440 2790 ponuntur
1455 2748 1565 2792 pro:
1597 2744 1643 2779 et
1659 2739 1925 2794 nefemina

1025 2805 1134 2845 exp.
1173 2791 1502 2846 fecunditatis,
1552 2809 1671 2848 quae
1701 2797 1929 2856 (femina)

1013 2847 1144 2904 fam.
1161 2848 1225 2891 Cl.
1236 2863 1282 2902 p.
1297 2849 1605 2903 coniungeret,
1629 2851 1814 2908 int-egra
1833 2857 1933 2901 ium-

1025 2908 1082 2949 οἱ.
1097 2905 1148 2949 C.
1176 2907 1239 2948 al.
1261 2908 1288 2947 ι’.
1310 2908 1354 2947 d.
1369 2906 1541 2960 ferret.
1571 2958 1573 2961 v
1596 2907 1747 2953 *Simili
1771 2910 1921 2958 inver-

1027 2962 1155 3006 sione
1186 2962 1351 3005 Noster
1381 2963 1520 3007 utitur
1535 2965 1587 3014 6,
1609 2965 1650 3008 7.
1680 2975 1767 3012 aut
1800 2985 1929 3025 quae-

1030 3020 1144 3075 npsis
1166 3020 1316 3062 nimia
1341 3027 1385 3061 et
1406 3032 1594 3066 maesta·
1606 3022 1833 3078 fuerant,
1862 3042 1923 3070 ne

1022 3079 1134 3131 pari
1150 3078 1306 3132 taedio
1329 3079 1530 3122 lecturos
1548 3081 1832 3136 adficerent,
1846 3099 1927 3127 υσω

1023 3135 1202 3178 rentur.
1262 3133 1436 3192 Nempe
1451 3135 1520 3178 ·P..-
1531 3145 1706 3194 praeter
1725 3136 1930 3186 Germa...

1025 3193 1115 3236 nici
1146 3198 1384 3247 nepotem,
1425 3198 1563 3251 quem
1589 3210 1746 3239 secum
1764 3197 1930 3245 -trabetx

1025 3259 1116 3300 ret,
1140 3250 1182 3292 id
1206 3264 1384 3306 quoque
1407 3249 1453 3292 in
1467 3251 1518 3294 A.
1545 3250 1775 3307 laudabat,
1788 3259 1920 3323 sq'uod

1027 3306 1320 3350 matrimonio
1354 3305 1526 3350 Claudii
1550 3315 1669 3352 'cum
1696 3309 1779 3356 issa
1808 3314 1927 3356 mito*

1030 3372 1288 3413 caveretur,
1338 3368 1415 3406 ne..-
1434 3363 1603 3408 semina
1646 3374 1755 3421 etc-2
1801 3369 1929 3415 Nam

1028 3422 1211 3464 Nerone
1244 3419 1290 3462 in
1324 3420 1512 3464 domum
1540 3422 1825 3482 imperatoris
1860 3429 1927 3472 ob·

1026 3477 1366 3522 matrimonium
1384 3478 1537 3523 matris
1554 3490 1734 3539 recepto
1778 3487 1928 3528 -osteriy

1028 3534 1221 3578 familiae
1256 3535 1468 3581 Claudiae
1500 3536 1547 3579 in
1585 3537 1691 3580 duas
1754 3541 1924 3585 amilias

1352 3594 1405 3652 E
