2164 3990
222 259 275 295 A.
293 257 340 294 c.
383 254 444 289 ιε.
704 166 877 273 ΠΒ.
901 211 1005 282 XI.
1083 209 1278 275 cAP.
1313 215 1414 274 23.
1905 220 1988 278 39

136 355 269 411 dem
303 344 564 404 adsecuti
597 342 689 399 ius
725 342 1240 418 adipiscendorum
1278 342 1341 397 in
1375 343 1524 399 urbe
1554 338 1853 401 honorum
1887 368 1987 403 ex-

133 443 426 515 peterent,
465 429 687 486 multus
710 447 776 484 ea
800 446 974 502 super
1011 449 1075 487 re
1111 428 1424 504 variusque
1456 449 1680 488 rumor.
1767 441 1825 487 et
1861 443 1983 489 stu-

133 521 245 580 diis
288 515 535 575 diversis
569 514 726 589 apud
767 513 1096 588 principem
1142 514 1472 571 certabatur
1503 514 1985 573 adseverantium

130 625 257 663 non
279 604 423 660 adeo
457 619 690 673 aegram
715 596 974 667 Italiam,
1026 610 1095 655 ut
1134 609 1397 655 senatum
1436 599 1807 674 suppeditare
1845 602 1984 658 urbi

130 709 266 750 suae
299 687 586 763 nequiret.
674 683 967 740 suffecisse
1009 684 1156 740 olim
1191 684 1498 758 indigenas
1535 687 1983 758 consanguineis

126 774 361 853 populis
404 792 511 827 nec
551 769 851 845 poenitere
895 770 1107 826 veteris
1154 770 1242 826 rei
1289 769 1578 844 publicae.
1684 771 1831 847 quin
1877 772 1984 828 ad-

126 857 246 918 huc
285 856 601 915 memorari
638 855 924 927 exempla,
991 874 1139 930 quae
1179 854 1385 928 priscis
1428 855 1699 911 moribus
1743 857 1820 913 ad
1857 857 1982 912 vir-

124 957 310 1004 tutem
365 954 422 1000 et
477 940 727 1015 gloriam
776 937 1050 1008 Romana
1114 939 1345 995 indoles
1403 940 1751 1016 prodiderit.
1880 936 1983 999 An

124 1045 367 1106 parum,
435 1027 596 1103 quod
639 1023 853 1080 Veneti
907 1034 981 1094 et,
1019 1021 1298 1080 Insubres
1350 1025 1576 1096 curiam
1627 1026 1982 1101 inruperint‚

124 1115 243 1173 uisi
294 1124 491 1171 coetus
544 1108 1007 1183 alienigenarum
1062 1108 1225 1166 velut
1281 1110 1586 1186 captivitas
1646 1094 1988 1169 inseratur?

221 216 274 252 A.
291 209 450 251 Urmi-

1085 1342 1450 1398 terpretationem
1483 1357 1738 1399 quanquam
1770 1341 1854 1386 levi
1884 1354 1979 1400 pas·

1084 1398 1170 1442 sim
1213 1399 1528 1442 immutatione
1574 1398 1777 1461 plerique
1817 1399 1978 1458 adpro·

1083 1456 1266 1499 barunt.
1326 1456 1414 1499 Sed
1439 1458 1538 1514 quis
1561 1473 1621 1499 un
1657 1473 1760 1500 uam
1777 1461 1980 1512 populos

1085 1515 1332 1556 Romanos
1373 1514 1579 1559 audivit?
1626 1472 1814 1563 qI'aceo,
1855 1514 1979 1572 quod

1085 1569 1281 1613 otiosum
1305 1570 1437 1628 plane
1457 1579 1522 1614 est
1542 1571 1770 1630 epitheton
1786 1585 1978 1614 consan-

1083 1628 1285 1680 guineis.
1345 1628 1576 1672 Minorem
1612 1628 1747 1672 etiam
1779 1629 1978 1673 veritatis

123 1346 224 1392 stio.
301 1343 468 1388 Nititur
503 1340 613 1384 haec
656 1339 910 1383 emendatio
949 1340 1014 1383 in·

125 1401 468 1461 scriptionibus,
509 1414 620 1456 quae
648 1398 811 1441 docent
843 1413 1011 1440 nomen

125 1460 445 1517 Aproniorum
516 1456 594 1499 sie*
653 1471 746 1498 esse
816 1455 1012 1498 scriben-

126 1519 250 1564 dum.
300 1515 488 1562 efiflist.
515 1515 554 1564 1,
573 1513 643 1556 76.
704 1511 886 1555 Veteres
907 1510 1013 1554 libri

123 1577 313 1622 variant.
396 1571 531 1615 MSS.
573 1571 694 1614 Flor.
741 1570 858 1623 (test.
893 1567 1012 1612 Viet.

123 1649 229 1678 cum
242 1631 355 1687 aliis)
370 1630 486 1672 Bud.
503 1619 570 1670 e¹d.
581 1627 685 1669 Put.
698 1626 767 1669 M.
784 1627 834 1667 V
829 1627 1011 1677 ipsana.

123 1690 227 1734 MS.
273 1688 382 1745 Agr.
424 1685 524 1728 edd.
559 1684 661 1726 Put.
699 1681 754 1725 V.
799 1682 1010 1726 Beroald.

127 1747 231 1790 Ate.
261 1744 405 1787 Rhen.
440 1741 544 1785 Ald.
585 1742 808 1795 Vipsano.
894 1739 1010 1783 Edd-

125 1804 245 1862 Lips.
294 1814 392 1858 sqq.
445 1807 546 1842 ante
587 1797 846 1840 Ernestium
893 1797 1009 1851 Vio-

122 1861 256 1905 sam‘o
277 1873 381 1901 cum
405 1854 606 1912 ed.Spir.
630 1879 689 1887 --
719 1854 1010 1908 Vespasiano

122 1917 225 1962 MS.
244 1915 353 1972 Reg.
381 1914 429 1956 V
425 1914 595 1967 ispana
618 1909 766 1954 Guelf.

176 1989 225 2030 in
248 1986 358 2028 urbe
379 1986 622 2026 honorum.
667 1981 750 2025 Ed.
764 1979 884 2039 Spir.
901 1997 1009 2027 cum

123 2044 277 2090 Guelf.
295 2044 530 2084 honorum
554 2039 604 2082 in
625 2041 753 2082 urbe.

177 2113 412 2168 suffecisse
458 2110 573 2152 olim
615 2109 860 2165 indigenas
895 2125 1006 2152 con-

116 2170 396 2226 sanguineis
439 2168 636 2222 populis.
726 2166 829 2210 MS.
882 2167 1006 2211 Flor.

119 2232 236 2287 (test.
260 2226 378 2270 Vict.
403 2241 506 2269 cum
531 2223 619 2267 Iac.
642 2223 873 2281 Gronov.)
896 2240 1004 2268 con-

116 2287 384 2340 sanguines.
456 2281 603 2324 Ceteri
636 2281 737 2324 libri
771 2283 1004 2340 vulgatum

118 2352 314 2388 tuentur.
362 2339 614 2384 Sententia:
634 2339 866 2393 suffecisse
890 2340 1005 2381 olim

118 2416 182 2446 sc.
209 2399 377 2443 senatui
410 2395 650 2454 explendo,
689 2396 936 2449 indigenas
959 2396 1005 2442 h.

117 2475 158 2503 e.
188 2457 420 2500 Romanos
454 2461 603 2503 natos,
652 2451 884 2496 Romanos
916 2453 1004 2495 ori-

117 2517 245 2575 gine,
283 2511 638 2563 consanguineis
661 2512 847 2564 populis
878 2509 923 2553 h.
961 2525 1001 2554 e.

118 2570 319 2634 populis,
361 2568 438 2627 qui
471 2568 666 2609 eiusdem
702 2583 805 2610 cum
837 2566 1003 2609 Roma-

118 2629 189 2675 nis
223 2625 473 2684 sanguinis,
507 2624 692 2681 originis
718 2632 877 2669 essent.
945 2623 1003 2666 Hi

119 2693 412 2755 opponuntur
431 2681 587 2725 Gallis
631 2690 835 2725 externae
871 2680 1003 2739 origi-

117 2759 202 2790 ms.
263 2742 362 2785 Hoc
391 2740 473 2784 sibi
507 2739 688 2783 volunt:
721 2739 756 2781 si
791 2737 901 2781 olim
934 2738 1003 2781 in·

118 2802 161 2846 di
194 2815 299 2843 enae
339 2799 388 2842 in
430 2805 632 2840 senatum
682 2795 1001 2854 complendum

116 2873 167 2903 su
201 2866 402 2908 ecerunt,
443 2863 491 2898 ut
521 2870 574 2896 eo
607 2853 766 2896 ordine
799 2853 1002 2896 exclude-

46 2962 50 2965 ,
113 2923 270 2960 rentur
285 2914 427 2959 Latini
450 2911 650 2968 sociique
676 2910 832 2961 Italici,
862 2927 1000 2968 quan-

119 2988 251 3031 quam
271 2970 484 3014 Romanis
509 2967 854 3026 consanguinei,
889 2984 1000 3026 quo-

117 3028 253 3074 modo
293 3027 399 3074 ferri
443 3027 611 3086 poterit
647 3034 721 3068 aut
756 3042 870 3082 quae
903 3034 999 3068 tan-

118 3087 218 3130 dem
241 3085 472 3129 necessitas
501 3083 605 3134 erit,
634 3091 685 3125 ut
712 3082 842 3124 hodie
865 3081 998 3131 Galli,

145 3158 220 3186 ens
245 3151 441 3193 externa,
475 3141 780 3198 recipiantur?
829 3139 997 3183 Lucem

113 3158 219 3244 {uic
254 3199 356 3243 loco
393 3198 646 3243 adfundunt
680 3197 811 3239 verba
844 3214 884 3241 c.
919 3198 993 3240 24.

115 3262 218 3299 extr.
248 3256 412 3299 Latini
431 3262 535 3310 post
555 3255 779 3310 plebeios,
814 3261 994 3298 cetera—

111 3322 217 3357 rum
239 3315 410 3356 Italiae
435 3314 642 3367 gentiam
658 3309 766 3366 post
785 3311 993 3356 Latinos.

114 3370 271 3414 Aliena
292 3371 444 3413 suadet
460 3368 633 3427 Lipsius
647 3402 658 3420 ,
686 3369 761 3425 qui
783 3369 991 3428 explicat:

1083 1684 1279 1741 speciem
1311 1683 1476 1728 habent
1521 1693 1663 1728 textus
1708 1685 1981 1728 emendatio-'

1086 1758 1190 1792 nes,
1233 1758 1342 1800 quas
1369 1758 1647 1800 proposuere
1677 1741 1766 1785 Iac.
1796 1740 1976 1784 Grono-

1082 1799 1207 1842 vius:
1249 1799 1494 1852 indigenas
1526 1799 1870 1853 consanguinei
1885 1814 1975 1853 po·
2048 1801 2059 1810 ⁸

1075 1856 1206 1910 puli;
1258 1864 1302 1898 et
1335 1855 1401 1898 10.
1440 1856 1518 1899 Fr.
1555 1855 1846 1907 Gronovius,
1898 1856 1974 1915 qui

1082 1912 1199 1955 delet
1222 1914 1411 1967 populis
1441 1920 1517 1955 aut
1549 1913 1656 1958 facit
1677 1916 1877 1969 populos
1902 1922 1976 1957 aut

1079 1969 1275 2069 iii-mique
1301 1969 1648 2026 'consanguineo
1672 1974 1849 2026 populo
1885 1972 1973 2027 (ed.
1995 1991 2001 1998 ·

1120 2030 1233 2085 1p.).-

1105 2095 1111 2102 “
1139 2096 1310 2140 Veneti
1339 2105 1383 2140 et
1419 2097 1657 2144 Insubres.

1079 2171 1164 2215 pro
1188 2162 1233 2196 et
1255 2154 1387 2198 habet
1408 2157 1567 2200 etiam.

1133 2213 1412 2268 inruperint.
1474 2213 1553 2256 Sic
1571 2212 1673 2256 MS.
1698 2213 1824 2260 Flor.
1857 2217 1971 2269 (test.

1738 2098 1823 2143 Ed.
1856 2098 1973 2158 spir.

1077 2268 1222 2325 Vict.)
1245 2294 1301 2303 —
1336 2269 1593 2324 irruperint
1611 2270 1711 2314 edd.
1731 2271 1849 2329 Spir.
1868 2272 1974 2318 Pus.
2041 2272 2046 2279 ¹

1076 2321 1147 2371 M.
1173 2335 1216 2370 et
1233 2325 1284 2370 V.
1309 2327 1412 2372 Ber.
1428 2329 1527 2372 Alc.
1544 2327 1689 2371 Rhea.
1709 2345 1748 2373 c.
1763 2327 1913 2372 Guelf.

1134 2401 1258 2440 velut
1291 2400 1534 2454 captivitas
1566 2398 1822 2451 inferatur.
1881 2398 1969 2442 To-

1075 2464 1173 2498 tum
1201 2457 1354 2498 locum
1380 2472 1539 2514 parum
1568 2463 1689 2499 recte
1719 2456 1969 2516 interpreti-

1075 2513 1160 2556 bus
1183 2513 1460 2558 intellectum
1482 2511 1626 2556 vid‘eo.
1687 2510 1885 2557 Ricldefs
1911 2514 1966 2557 ad

1077 2585 1241 2615 vocem
1284 2571 1533 2626 captivitas
1574 2569 1780 2630 intelligit
1829 2563 1967 2622 urbis,

1076 2626 1416 2685 convertitque:
1445 2641 1583 2670 ‘avenn
1596 2629 1727 2670 nicht
1743 2626 1867 2671 auch
1889 2628 1965 2671 ein

1076 2684 1291 2727 Gemisch
1304 2699 1392 2726 von
1403 2686 1451 2728 F
1445 2684 1733 2740 remdl'ingen
1750 2688 1823 2728 als
1837 2691 1967 2729 wiz’rs

1077 2741 1470 2798 Gesangenschast
1582 2740 1966 2796 hineingebracht

1072 2801 1261 2841 werde?
1326 2797 1687 2854 Strombeckius:
1731 2815 1814 2842 um
1846 2802 1965 2843 noch

1073 2855 1314 2899 Schaaren
1349 2870 1436 2897 von
1454 2856 1694 2899 Fremden
1720 2858 1961 2900 haheinzu-

1072 2915 1263 2956 treiben.
1326 2912 1536 2966 Ceterum
1559 2929 1642 2970 pro
1665 2922 1878 2972 corrupto
1897 2915 1959 2956 lo·

1072 2987 1174 3014 cum
1202 2969 1352 3022 habet,
1385 2971 1489 3028 quia
1512 2970 1613 3015 MS.
1641 2970 1793 3014 Guelf.
1822 2970 1959 3019 refert

1070 3028 1278 3082 captivas
1302 3044 1385 3086 pro
1416 3029 1674 3083 captivitas.
1707 3052 1765 3060 —
1822 3027 1985 3070 Heia-‘⁴

1068 3085 1158 3129 sius
1179 3093 1342 3128 mutat:
1374 3087 1500 3127 velut
1516 3092 1679 3139 captae
1696 3085 1878 3128 civitati
1891 3087 1955 3127 in·

1066 3150 1272 3184 seratur.
1352 3141 1450 3185 Hoc
1496 3142 1620 3187 enim
1654 3143 1837 3188 verbum
1871 3156 1952 3200 pro

1068 3199 1303 3255 inferatur·
1325 3198 1519 3243 Ursinus
1551 3199 1598 3242 in
1630 3213 1712 3242 suo
1747 3200 1849 3244 cod.
1884 3200 1957 3243 in*

1067 3256 1266 3302 venerat.
1347 3256 1405 3299 At
1438 3257 1500 3300 nil
1539 3256 1612 3303 hic
1642 3257 1952 3312 emendatione

1064 3329 1177 3372 opus
1220 3329 1313 3356 esse
1343 3313 1534 3358 videtur.
1615 3314 1828 3363 Dixerant
1861 3314 1946 3356 illi:

1061 3387 1126 3412 an
1152 3386 1325 3425 parum
1355 3373 1479 3426 quod
1499 3371 1550 3413 V
1546 3404 1557 3417 .
1592 3380 1636 3414 et
1659 3371 1700 3414 I.
1734 3380 1772 3415 c.
1810 3371 1945 3414 inru-
2010 3377 2017 3381 ’

119 3425 245 3470 Olim
274 3427 452 3470 Latinos
471 3427 586 3495 ⁹(qui
620 3426 870 3483 indigenae)
904 3426 990 3469 suf·
1057 3430 1249 3483 pet-int?
1303 3428 1397 3471 lani
1426 3429 1481 3472 ad
1503 3428 1695 3472 ironiam
1719 3436 1947 3473 transeunt

114 3483 266 3527 fecisse
295 3485 530 3532 Romams,
571 3484 781 3542 sanguine
813 3491 855 3527 et
883 3483 991 3540 adsta

111 3541 258 3586 nitate·
275 3556 389 3596 cum¹
412 3542 466 3586 iis
492 3539 672 3585 iunctis.
747 3539 898 3598 Quam
927 3541 991 3585 in·

1062 3494 1106 3527 et
1143 3486 1267 3541 quasi
1306 3487 1536 3543 corrigunt
1582 3486 1771 3530 verbum
1813 3487 1941 3531 inru-

1058 3545 1236 3596 pez-mc,
1277 3543 1398 3600 quod
1429 3553 1492 3588 est
1525 3544 1720 3586 hostium
1755 3551 1945 3588 armato·
