2164 3990
1476 178 1488 215 Ι

652 259 824 319 LIB.
864 223 1048 317 xm}
1107 253 1305 321 CAP.
1350 255 1449 316 19.
1852 260 1969 319 171

125 397 390 464 lascivia,
439 403 496 449 et
521 387 883 465 Agrippinae
911 387 1015 442 diu
1049 405 1317 461 percara,
1366 398 1504 445 mox
1541 387 1785 443 occultis
1819 389 1974 447 inter

124 501 220 540 eas
247 465 704 544 offensionibu5‚
748 474 886 550 quia
910 471 1176 530 Sextium
1199 466 1549 527 Africanum
1581 472 1847 529 nobilem
1879 475 1975 532 iu·-

123 582 333 624 venem
371 585 405 621 a
442 562 665 638 nuptiis
698 558 934 617 Silanae
969 558 1330 614 deterruerat
1351 550 1680 630 Agrippina
1714 557 1976 634 impudi—

123 673 251 710 cam
274 663 330 707 et
352 659 688 723 vergentem
712 644 884 701 annis
907 644 1180 700 dictitans
1194 688 1209 711 ‚
1248 660 1372 698 non
1393 651 1460 697 ut
1481 637 1834 699 Africanum
1860 646 1975 702 sibi

123 747 430 812 seponeret
448 781 464 804 ,
508 734 610 790 sed
637 751 713 787 ne
741 730 955 805 opibus
981 741 1037 786 et
1060 729 1309 784 orbitate
1337 725 1572 783 Silanae
1593 728 1838 785 maritus
1864 751 1976 805 po-

123 823 351 881 tiretur.
401 827 403 831 ’
450 817 562 875 Illa
607 837 707 892 spe
753 813 999 872 ultionis
1049 815 1245 870 oblata
1291 822 1458 888 parat
1499 824 1861 871 accusatores
1907 836 1975 875 ex

125 907 441 965 clientibus
473 903 592 961 suis
616 901 871 959 Iturium
897 911 954 956 et
976 897 1333 967 Calvisium,
1384 917 1510 954 non
1542 909 1739 955 vetera
1766 911 1823 956 et
1848 921 1975 962 sae-

124 993 257 1068 pius
290 993 409 1048 iam
446 989 645 1046 audita
687 987 985 1054 delerem,
1033 985 1193 1060 quod
1227 981 1559 1039 Britannici
1593 995 1845 1041 mortem
1879 986 1976 1043 lu—

126 1089 284 1152 geret
323 1087 425 1134 aut
459 1073 742 1133 Octaviae
777 1070 1026 1127 iniurias
1063 1069 1388 1141 evulgaret,
1452 1068 1554 1124 sed
1596 1069 1976 1128 destinavisse

127 1184 254 1220 eam
280 1160 627 1220 Rubellium
645 1156 923 1214 Plautum
944 1174 1049 1230 per
1074 1164 1400 1209 maternam
1425 1153 1715 1227 originem
1746 1156 1878 1230 pari
1910 1178 1977 1214 ac

126 1248 282 1304 Nero
318 1246 504 1321 gradu
536 1265 570 1301 a
595 1243 732 1299 divo
756 1236 1022 1314 Augusto
1049 1239 1122 1295 ad
1150 1259 1242 1294 res
1264 1258 1447 1295 novas
1471 1239 1745 1296 extollere
1768 1243 1977 1299 coniu-

126 1333 339 1408 gioque
381 1331 504 1386 eius
546 1340 602 1384 et
640 1327 758 1382 iam
793 1324 1042 1400 imperio
1077 1344 1203 1380 rem
1234 1325 1531 1400 publicam
1564 1345 1768 1382 rursus
1806 1326 1978 1407 inva—

128 1419 284 1476 dere.
368 1413 531 1473 Haec
564 1411 786 1470 Iturius
827 1422 885 1467 et
917 1408 1211 1468 Calvisius
1243 1405 1504 1467 Atimeto
1534 1407 1829 1469 Domitiae
1857 1411 1980 1471 Ne·-
2036 1420 2041 1430 ⁴

208 264 262 298 A.
280 259 332 295 U.
353 260 439 294 809.

209 303 263 339 A.
283 303 330 340 C.
378 303 437 337 ⁵6.

180 1663 394 1704 percara.
471 1646 576 1691 MS.
614 1646 723 1704 Agr.
763 1658 1017 1702 praecara.

125 1708 227 1753 MS.
257 1706 408 1750 Guelf.
432 1718 648 1760 precara.
1091 1710 1133 1746 et
1155 1703 1476 1745 Lunemannus
1495 1704 1786 1759 voluntpuri
1804 1722 1859 1750 ac
1879 1710 1976 1752 Ne-

183 1768 307 1808 inler
326 1778 420 1805 cas.
481 1759 750 1805 MS.Guelf.
773 1761 822 1801 in
845 1767 989 1802 terea.
1089 1775 1258 1802 ronem
1309 1763 1478 1814 gradu.
1547 1760 1797 1806 Falluntur.
1865 1765 1981 1808 Nam

182 1829 448 1876 vergentem
491 1820 647 1862 annis.
727 1817 828 1860 MS.
864 1816 1018 1860 Guelf.
1089 1818 1246 1860 verba:
1287 1831 1376 1872 per
1411 1825 1693 1860 maternum.
1721 1851 1733 1862 .
1757 1849 1771 1862 .
1795 1853 1808 1865 .
1836 1854 1845 1864 .
1870 1824 1979 1866 Ἀα-

126 1889 329 1923 veterem
352 1877 505 1919 annis.
565 1875 650 1918 Ed.
675 1876 1016 1933 Spirsvergen-
1086 1882 1252 1929 gusta,
1285 1889 1381 1916 non
1404 1884 1508 1918 sunt
1529 1879 1826 1927 accusatoris,
1857 1880 1980 1937 quasi

1144 1645 1258 1700 pari
1288 1660 1343 1686 ac
1374 1645 1499 1688 Nero
1541 1649 1706 1701 gradu.
1757 1647 1979 1694 'Heinsius

125 1946 218 1980 tem
250 1935 417 1978 omisso
441 1933 664 1979 vocabulo
691 1933 847 1974 annis.

180 1995 340 2049 opibus
360 1999 406 2034 et
427 1992 641 2032 orbitate.
701 1988 750 2033 ἓν
772 1987 850 2032 διὰ
870 1988 1018 2031 δυοῖν.

126 2052 184 2096 cf.
208 2050 342 2094 Roth.
368 2065 416 2118 p.
446 2047 516 2091 52.
550 2046 709 2103 opibus
740 2062 822 2105 per
856 2046 1019 2089 orbita·

125 2118 215 2152 tem
248 2123 418 2152 vacuis.
480 2105 698 2148 Similiter
728 2104 1020 2161 coniungun-

125 2176 199 2210 tur
222 2165 424 2208 orbitate
449 2170 495 2207 et
513 2163 711 2218 pecunia
739 2161 805 2210 14,
828 2162 899 2204 40.

178 2223 429 2279 potiretur.
487 2220 590 2264 MS.
614 2220 734 2263 Flor.
768 2228 868 2262 test.
894 2217 1015 2262 Viet.

121 2288 389 2337 poteretur,
435 2277 503 2322 uti
535 2277 665 2321 solet.

157 2374 263 2451 'spe
307 2393 495 2436 ultionis
534 2392 712 2434 oblata.

127 2453 251 2498 Flor.
274 2453 391 2507 (test.
418 2449 553 2505 Viet.)
577 2449 678 2491 edd.
701 2456 890 2491 recentt.
913 2448 1020 2490 inde

127 2511 282 2569 aLips.
305 2525 376 2566 pr.
440 2506 588 2563 Vulgo
610 2505 656 2547 in
671 2505 807 2549 MSS.
831 2513 894 2547 est
913 2519 1019 2557 spe-

128 2566 378 2611 culationis
406 2578 554 2608 causa
585 2565 768 2618 oblata,
813 2571 861 2605 ut
886 2563 1018 2605 ctiam

128 2626 174 2669 in
212 2624 348 2667 MSS.
385 2621 533 2665 Guelf.
565 2620 683 2663 Bud.
736 2645 793 2653 -
866 2620 1022 2662 Causa

128 2682 313 2740 inrepsit
335 2681 390 2723 ob
414 2686 676 2736 corruptam
706 2693 863 2721 vocem
889 2692 1022 2734 prae-

130 2741 381 2784 cedentem.
458 2735 542 2778 Ed.
577 2734 697 2794 Spir.
739 2734 835 2778 sine
878 2749 1024 2776 causa

129 2798 260 2841 habet
299 2794 622 2848 speculationis
659 2794 835 2834 oblata.
905 2791 1023 2835 Edd.

129 2854 234 2898 Put.
269 2868 368 2910 sqq.
409 2866 488 2905 spe
524 2851 708 2893 ulcionis
750 2864 894 2893 causa
936 2851 1019 2891 ob-

148 2921 249 2954 ata.
572 2923 575 2926 ’

130 2916 150 2955 l
187 2967 414 3024 deferens.
470 2962 606 3007 MSS.
620 2962 744 3007 Flor.
772 2965 886 3019 (test.
902 2963 1020 3007 Vict.

130 3032 236 3071 cum'
278 3023 351 3080 al.)
393 3022 509 3065 Bud.
549 3022 638 3079 (pr.
667 3023 747 3077 m.)
790 3023 1019 3077 defferens,

130 3083 247 3126 haud
282 3079 583 3138 spernendum
617 3078 694 3133 (ef.
728 3081 765 3130 l,
794 3081 836 3122 4.
877 3079 917 3129 3,
941 3079 1025 3135 12),

131 3141 274 3183 immo
315 3139 360 3180 in
402 3144 662 3179 contextum
695 3137 1022 3195 recipiendum.

129 3199 336 3253 referens
348 3192 612 3237 MSGuelf.
632 3220 690 3228 -—
733 3193 823 3235 Pro
845 3194 1025 3236 clienti-

130 3258 211 3298 bus
233 3253 334 3296 MS.
359 3251 468 3306 Agr.
490 3249 619 3292 habet
643 3251 866 3294 clientulis
890 3259 932 3293 et
954 3268 1024 3294 su-

130 3328 212 3412 liga
229 3311 456 3411 {griptgmi
473 3307 710 3408 effe-recelli&
739 3363 748 3372 .
770 3307 826 3352 cf.
847 3316 943 3352 not.
971 3309 1026 3408 attl

189 3401 200 3419 ,
290 3399 301 3409 .
404 3383 426 3408 e
529 3380 625 3408 unus
681 3380 751 3408 om
786 3381 880 3409 uon
919 3382 1002 3410 sun

132 3424 351 3468 clientuli.

189 3484 440 3535 evulgaret.
502 3479 582 3523 Ed·
604 3479 723 3538 Spir.
747 3482 1025 3534 divulgaret.

131 3538 296 3582 Eadem
322 3543 412 3595 'pro
445 3537 751 3582 destinavisse
779 3537 911 3584 habet
941 3542 1024 3582 dc·

131 3596 345 3641 stinasse.

801 2391 877 2435 sic
916 2389 1018 2434 MS.

735 2276 796 2322 cf.
831 2285 929 2320 not.
962 2277 1017 2320 ad
1054 2315 1057 2317 .

1092 1931 1291 1974 delatum
1323 1940 1461 1974 esset:
1499 1932 1723 1975 Plautum
1754 1950 1839 1989 per
1871 1954 1979 1979 ma-

1090 1996 1282 2030 ternam
1307 2004 1349 2031 ο.
1365 1991 1480 2042 pari
1499 2005 1554 2032 oc
1574 1991 1804 2034 Neronem
1828 1997 1982 2048 grbdu

1090 2062 1123 2088 a
1145 2049 1194 2090 d.
1217 2049 1307 2096 A.;
1342 2045 1483 2089 immo
1503 2048 1556 2090 ab
1580 2056 1764 2092 auclore
1788 2049 1897 2094 haec
1916 2053 1981 2095 in-

1090 2111 1397 2162 terponuntur
1456 2113 1499 2148 et
1556 2105 1816 2164 accipienda
1877 2118 1982 2152 sunt

1088 2177 1201 2218 pro:
1244 2163 1323 2216 qui
1347 2169 1451 2204 erat
1476 2177 1564 2218 per
1586 2171 1702 2206 mat.
1733 2181 1776 2208 0.
1794 2168 1908 2221 pari
1928 2183 1983 2211 ac

1087 2220 1214 2262 Nero
1233 2222 1389 2272 gradu
1411 2236 1442 2261 a
1462 2222 1565 2262 divo
1588 2224 1816 2274 Augusto.

1146 2276 1450 2332 coniugioque
1475 2279 1573 2320 eius
1593 2286 1637 2320 et
1662 2280 1763 2321 iam
1787 2277 1981 2337 impet-1³5

1089 2348 1190 2375 rem
1233 2334 1469 2388 publicam
1518 2349 1682 2378 rursus
1722 2339 1817 2382 inv.
1907 2340 1984 2385 Sic

1090 2391 1222 2434 MSS.
1248 2390 1356 2449 Reg.
1382 2392 1497 2435 Bud.
1525 2398 1616 2450 (pr.
1638 2395 1718 2451 m.)
1742 2395 1842 2439 eud.
1865 2397 1895 2440 S
1929 2398 1982 2441 ir.

1090 2447 1191 2489 Put.
1226 2449 1293 2491 M.
1323 2455 1365 2490 et
1395 2451 1450 2493 V.
1483 2450 1688 2494 Beroald.
1725 2452 1827 2496 Alc.
1859 2454 1899 2496 R
1931 2471 1982 2497 e-
2049 2468 2054 2474 ‘

1090 2521 1319 2562 nan.sqq.,
1343 2506 1428 2548 nisi
1445 2506 1565 2564 quod
1582 2523 1666 2564 pro
1689 2516 1734 2551 et
1755 2511 1852 2552 iam
1875 2518 1982 2556 ‹ion-

1091 2562 1279 2604 iunctim
1303 2563 1507 2617 scribunt
1532 2567 1699 2617 etiam,
1742 2577 1791 2611 ut
1813 2569 1984 2628 saepis-

1091 2619 1218 2662 sime.
1280 2619 1331 2661 ln
1355 2620 1455 2663 MS.
1477 2621 1602 2664 Flor.
1625 2621 1819 2668 Pichena
1850 2626 1986 2672 inve-'-

1094 2675 1160 2718 nit
1192 2676 1323 2719 baec:
1377 2680 1676 2735 coniugioque
1711 2683 1809 2725 eius
1840 2685 1984 2729 etiam

1088 2735 1248 2788 perio,
1288 2733 1456 2792 syllaba
1488 2737 1556 2778 im
1589 2738 1707 2782 forte
1741 2756 1820 2797 per
1854 2757 1984 2786 com-

1093 2793 1309 2849 pendium
1352 2794 1514 2851 seripta
1561 2798 1582 2836 ῖ
1619 2804 1662 2839 et
1704 2799 1909 2857 absorpta
1961 2818 1985 2844 a

1095 2850 1296 2906 praeced.
1342 2851 1574 2895 vocabulo.
1644 2852 1872 2900 Victorius
1908 2858 1985 2901 in-.

1092 2914 1254 2949 tactam
1282 2905 1463 2964 reliquit
1486 2909 1753 2968 scripturam
1775 2913 1984 2960 Beroald.

1091 2963 1421 3021 necquidquam
1446 2975 1570 3009 notat
1598 2968 1651 3011 de
1680 2971 1987 3031 superscripto

1090 3022 1233 3066 verbo
1265 3023 1435 3076 potiri,
1477 3025 1599 3078 quod
1630 3025 1692 3069 ibi
1730 3027 1882 3071 adesse
1914 3029 1988 3072 di-

1096 3086 1219 3121 cunt.
1284 3079 1452 3123 Contra
1473 3082 1606 3126 MSS.
1621 3083 1743 3127 Harl.
1757 3084 1984 3135 Bod1.1es.

1098 3134 1246 3179 Guelf.
1282 3137 1398 3179 Bud.
1435 3138 1541 3191 (sec.
1573 3141 1657 3195 m.)
1694 3144 1989 3201 coniugioque

1098 3194 1196 3234 eius
1217 3196 1357 3236 eticmz
1374 3197 1544 3249 potiri,
1564 3213 1618 3254 ac
1637 3201 1988 3256 rempublicam.

1097 3251 1199 3295 MS.
1232 3251 1341 3309 Agr.
1383 3253 1676 3311 coniugioque
1711 3259 1808 3300 eius
1845 3259 1988 3303 etiam

1097 3310 1343 3359 imperinm
1367 3316 1411 3351 et
1431 3325 1534 3352 rem
1551 3327 1601 3367 p.
1664 3311 1800 3362 Varia
1834 3332 1884 3358 ex
1906 3315 1990 3363 hac

1092 3364 1316 3408 librorum
1342 3367 1547 3412 varietate
1572 3369 1882 3417 confinxerunt
1902 3374 1988 3421 viri

1096 3422 1231 3465 docti.
1262 3424 1484 3468 Faernus:
1505 3422 1709 3481 coniugio
1729 3431 1826 3472 eius
1848 3434 1990 3476 etiam

1096 3481 1339 3533 imperium
1361 3497 1538 3528 rursus.
1608 3485 1833 3530 Ursinus:
1875 3504 1988 3531 con„

1096 3538 1309 3594 iugioque
1327 3542 1474 3594 petito
1495 3555 1641 3598 remp.
1665 3557 1833 3588 rursus
1855 3547 1991 3589 inva-

1098 3598 1223 3639 dere.
1294 3596 1520 3645 Pieheuae
1566 3602 1860 3661 com'ugioquc
1894 3607 1991 3651 eius
