2164 3990
58 0 73 14 ,ψ
88 10 91 14 ,

0 0 71 95 U
225 20 246 49 ‘i

134 232 137 235 -
170 200 293 253 Αζυ.
311 210 495 249 sonem.

0 240 28 316 ᾖ
168 262 224 296 A.
244 257 291 312 q.
316 257 398 295 ss.
434 257 495 292 ⁵4.

1782 119 1788 123 '
1845 117 1851 157 l

592 215 766 279 ΜΒ.
796 213 931 277 XII.
1010 213 1206 297 CAP.
1243 213 1346 277 57.
1382 212 1484 277 58.
1818 224 1943 282 131.

0 324 23 398 ἶ
50 396 56 403 .
93 351 170 408 ad
200 350 362 406 lanis
391 347 511 404 ima
540 345 637 403 vel
665 345 889 415 media,
932 365 1117 422 eoque
1139 345 1400 422 tempore
1426 345 1729 405 interiecto
1760 350 1936 410 alti‘us

92 434 288 492 effossi
324 452 552 509 specus:
609 442 668 488 et
701 425 1133 489 contrahendae
1162 451 1366 488 rursus
1401 432 1776 490 multitudini
1808 436 1934 508 gla-

86 516 383 576 diatot'um
411 517 805 594 spectaculum
829 515 1024 573 editur
1045 516 1251 574 inditis
1281 516 1564 592 pontibus
1602 520 1933 593 pedestrem

79 605 156 662 ad
179 623 456 679 pugnam.
543 602 692 679 quin
714 612 769 658 et
790 601 1131 659 convivium
1155 602 1390 659 effluvio
1414 601 1574 659 lacus
1597 604 1934 679 adpositum

0 698 23 765 ξῑ
83 708 295 763 magna
318 688 637 745 formidine
659 698 898 744 cunctos
921 687 1160 757 adfecit,
1202 687 1342 764 quia
1364 687 1452 744 vis
1478 707 1767 763 aquarum
1789 708 1931 765 pro-

84 792 365 849 rumpens
401 773 669 849 proxima
708 768 1010 843 trahebat,
1065 773 1361 830 convulsis
1405 772 1788 831 ulterioribus
1833 787 1935 833 aut

83 859 312 932 fragore
355 870 413 915 et
459 858 655 915 sonitu
704 858 1037 917 exterritis..·
1097 858 1273 914 simul
1304 853 1635 933 Agrippina
1670 860 1933 935 trepida-

34 982 45 986 —
81 944 243 1001 tione
278 944 564 1020 principis
597 963 702 1000 usa
736 942 1077 1000 ministrum
1090 964 1099 971 ⁶
1110 943 1303 1017 operis
1327 942 1666 1020 Narcissum
1703 944 1932 1004 incusat

83 1030 378 1104 cupidinis
420 1050 486 1086 ac
529 1029 900 1105 praedarum.
986 1047 1093 1083 nec
1141 1028 1242 1083 ille
1287 1028 1490 1086 reticet
1527 1029 1933 1106 impotentiam

80 1114 431 1171 muliebrem
458 1114 787 1190 nimiasque
811 1132 938 1188 spes
963 1113 1086 1169 eius
1109 1131 1376 1186 arguens,

250 1222 474 1286 LVIII.
528 1223 599 1284 D.
640 1223 844 1295 Iunio,
886 1223 959 1297 Q.
995 1222 1241 1282 Haterio
1280 1244 1423 1285 coss,
1463 1227 1715 1283 sedecim
1748 1247 1935 1284 annos

75 1420 306 1466 Ernestius
330 1422 506 1480 plenam
533 1422 866 1466 distinctionem
896 1438 971 1480 po-

77 1488 225 1524 suerat
255 1489 356 1524 ante
387 1481 582 1524 incuria.
657 1481 771 1523 Nam
799 1488 970 1523 utrum-

79 1553 168 1596 que
232 1538 489 1582 membrum
556 1538 719 1595 pendet
780 1555 803 1581 e
865 1554 969 1583 ver-

81 1595 150 1638 bis
166 1596 374 1652 perffecto
401 1597 679 1650 spectaculo.
739 1595 848 1638 Post
867 1610 969 1649 spe-

0 1662 7 1681 *
47 1685 49 1687 -
80 1668 159 1696 cus
179 1653 355 1710 plenius
377 1652 787 1709 interpungendum
815 1661 923 1696 erat.

16 2221 18 2226 k
75 2169 184 2212 bent
201 2171 427 2213 exterriti.

23 2490 25 2494 .
79 2461 196 2512 (test.
219 2454 340 2500 Vict.

22 2541 25 2543 Δ
74 2513 198 2557 Harl.
219 2512 302 2556 les.

138 1724 314 1753 rursus.
374 1709 456 1751 Ed.
477 1709 594 1767 Spir.
619 1724 829 1752 rursum.
947 1764 950 1768 ι

76 1767 390 1869 lbiedfffittvdzest
410 1765 706 1880 Ιὲᾰιῗροοείιᾷιιιίῗξ
747 1781 773 1809 e
799 1766 969 1823 flamo-

134 1883 242 1939 quia
265 1882 354 1924 vis.
414 1881 498 1925 Ed.
521 1880 639 1939 Spir.
668 1882 851 1937 quc—iuis.

135 1940 364 1982 convulsis
402 1940 698 1982 ulterioribus
738 1946 823 1981 aut
850 1938 969 1995 fra·

77 2012 188 2051 gor-e
231 2005 276 2039 et
314 1999 474 2040 sonitu
513 1998 761 2040 exterritis.
835 1997 970 2045 MSS.

79 2054 201 2098 Flor.
239 2052 354 2109 (test.
392 2055 480 2098 Iac.
521 2052 688 2106 Gron.)
720 2053 829 2111 Reg.
854 2054 970 2101 Bud.

80 2114 165 2170 (pr.
189 2114 271 2167 m.)
296 2112 365 2156 ed.
382 2110 414 2154 S
448 2112 502 2157 ir.
524 2129 607 2172 pro
629 2112 869 2155 exterritis
890 2113 968 2156 ha-

487 2171 569 2214 Ed.
588 2170 619 2214 S
652 2171 706 2212 ir.
730 2170 876 2212 etiam
897 2185 967 2213 so-

73 2227 179 2270 nitu
207 2242 291 2284 pro
321 2235 366 2270 et
390 2229 560 2272 sonitu.
662 2227 733 2271 dd.
759 2227 968 2272 Beroald-

72 2283 179 2331 Ale.
203 2284 419 2328 omittunt
441 2293 486 2328 et
506 2294 608 2329 ante
631 2287 800 2329 sonitu.
861 2284 969 2328 Vul-

27 2369 43 2380 ,
75 2349 226 2441 ffitum
290 2349 336 2383 et
397 2351 581 2386 tuentur
641 2343 740 2385 edd.
789 2341 967 2386 Puteol.

134 2429 145 2441 .
170 2407 215 2441 et
235 2397 292 2441 V.
325 2397 469 2443 Rhen.
499 2405 596 2458 sqq.
629 2409 672 2443 et
703 2399 805 2442 MS.
845 2400 964 2442 Flor.

429 2457 667 2501 Auctiores
698 2465 802 2499 sunt
832 2455 967 2500 MSS.

371 2512 477 2557 uelf.
513 2514 747 2557 convulsis
777 2515 967 2556 ulterio-

74 2571 201 2615 ribus
219 2571 431 2614 subliciis.
493 2571 594 2614 MS.
619 2571 751 2615 Bodl.
776 2571 820 2613 id
843 2571 969 2615 addi-

74 2636 323 2671 tamentum
345 2627 475 2671 habet
495 2629 542 2671 in
568 2629 782 2687 margine.
842 2628 968 2672 Cete-

22 2706 26 2734 ¹:
74 2701 179 2729 rum
197 2685 292 2729 sine
315 2701 447 2729 causa
469 2685 707 2731 Gronovio
731 2685 847 2730 hane
874 2703 968 2729 ora·

20 2747 23 2750 ⁴
72 2744 246 2792 tionem
307 2751 609 2787 monstrosam
672 2759 765 2787 esse
825 2743 966 2787 visam

15 2838 20 2844 „
73 2807 199 2860 put0.

11 2884 14 2889 -
72 2856 276 2918 proxima
290 2889 302 2905 ‚
333 2857 408 2900 ubi
431 2858 816 2902 vehementisslma
837 2875 967 2916 aqua-

75 2931 178 2958 rum
203 2914 290 2967 vis,
329 2914 588 2969 trahuntur3
627 2915 838 2959 ulteriora
863 2917 968 2971 (das

287 2798 345 2842 Vi
385 2816 600 2858 aquarum
642 2810 966 2867 prorumpente

74 2971 380 3028 Entferntere
399 2973 453 3016 ad
476 2972 672 3016 dextram
694 2972 966 3030 laevamque)

11 3060 17 3068 ,.
79 3029 399 3075 convelluntur
470 3030 618 3084 (wir-d
685 3032 972 3082 erschic'ttert‚

15 3135 19 3142 ‚
79 3087 206 3144 quod
249 3084 299 3128 fit
339 3086 516 3129 minore
557 3087 605 3133 vi
645 3103 780 3145 quam
819 3087 968 3143 trahi).

74 3144 305 3187 Proxima
335 3151 377 3186 et
409 3144 640 3186 ulteriora
671 3145 777 3187 dum
806 3144 972 3189 Noster

20 3203 23 3227 Γ
76 3201 255 3250 scribit,
285 3199 492 3258 intelligit
521 3210 564 3244 et
591 3217 662 3244 res
684 3209 727 3244 et
746 3201 966 3246 homines.

18 3270 23 3286 ²
79 3258 195 3303 Nam
245 3258 310 3302 sie
360 3258 492 3301 etiam
541 3258 752 3301 dicuntur
789 3268 967 3311 cuncta,

79 3316 264 3369 omnia,
301 3322 351 3358 ut
372 3314 576 3358 homines
601 3315 733 3358 simul
757 3332 967 3376 compre-

79 3372 348 3416 bendantur.

10 3464 21 3475 a
80 3429 239 3482 video,
280 3445 362 3474 cur
393 3430 682 3473 emendemus
715 3446 821 3474 cum
843 3430 968 3476 Gro—

417 3372 599 3415 Nullam
633 3380 755 3416 e'erte
791 3390 968 3418 causam

0 3485 15 3547 ξ.
80 3487 214 3531 novio
226 3487 510 3530 exterritos.

137 3545 301 3596 operis.
362 3543 461 3588 MS.
485 3542 637 3588 Guelf.
665 3546 890 3599 corporis.
953 3573 955 3576 >

1099 1425 1272 1467 reticet.
1341 1423 1426 1467 Ed.
1459 1424 1579 1482 Spir.
1617 1424 1795 1471 ret1'03s.
1853 1425 1935 1472 Ea-

1044 1481 1148 1524 dem
1166 1481 1347 1524 m'mz'as
1367 1498 1452 1540 pro
1474 1483 1750 1539 nimiasque.

1101 1538 1212 1581 CAP.
1239 1539 1309 1580 58.
1369 1539 1616 1591 D.Ium·0‚
1646 1540 1703 1599 Q.
1723 1541 1935 1585 Haterio.

1044 1594 1121 1638 Sic
1154 1595 1256 1638 edd.
1287 1594 1406 1654 Lips.
1440 1614 1541 1655 sqq.
1582 1622 1642 1630 —-
1698 1597 1784 1642 Ed.
1804 1599 1934 1656 'Spir-

1043 1652 1108 1695 D.
1141 1652 1306 1696 Lum'o.

1046 1707 1198 1752 Guelf.
1227 1710 1327 1753 edd.
1352 1711 1456 1754 Put.
1478 1712 1546 1755 M.
1572 1720 1614 1754 et
1630 1711 1687 1753 V.
1712 1713 1814 1755 Ber.
1833 1711 1934 1756 Alc.

1041 1766 1194 1809 Rhen.<
1217 1767 1323 1810 Ald.
1357 1768 1421 1810 D.
1454 1768 1606 1811 Iunio.
1645 1768 1702 1826 Q.
1725 1771 1933 1812 Auterio.

1042 1824 1216 1881 Lipsius
1257 1824 1492 1870 adnotavit
1522 1825 1791 1869 Suetonium
1825 1825 1934 1868 Ner.

1042 1898 1082 1925 c.
1119 1880 1327 1938 7.‘gesta
1369 1881 1479 1924 haec
1519 1882 1635 1927 velle
1680 1890 1776 1926 toto
1815 1893 1945 1927 anno*

1041 1946 1158 1982 ante.
1218 1937 1421 1982 Fallitur.
1482 1939 1729 1983 Suetonius*
1742 1956 1813 1983 res
1835 1955 1935 1984 suas

1040 2011 1136 2038 non
1171 2011 1251 2053 per
1284 2011 1424 2039 annos
1456 1997 1579 2040 urbis
1614 1996 1817 2054 digessit,
1856 1996 1937 2040 sed

1041 2053 1380 2096 similitudinem
1405 2070 1555 2097 rerum
1577 2063 1620 2097 et
1643 2062 1827 2098 aetatem
1862 2055 1932 2097 vi-

1040 2127 1197 2154 rorum
1222 2110 1438 2168 sequitur.
1499 2111 1575 2154 Sic
1595 2111 1624 2155 l.
1647 2111 1675 2155 l.
1697 2121 1936 2170 postquam

1041 2168 1147 2217 dixit
1188 2168 1241 2210 de
1274 2168 1470 2226 gratibus
1507 2184 1589 2226 per
1620 2169 1849 2213 Neronem
1885 2169 1934 2211 in

1039 2234 1196 2268 senatu
1227 2225 1336 2270 actis
1368 2227 1560 2283 (sumpta
1592 2226 1705 2269 virili
1731 2235 1836 2285 toga
1859 2242 1932 2270 an.

1040 2299 1085 2326 n.
1112 2283 1236 2339 805),
1282 2283 1480 2327 adnectit
1510 2284 1632 2341 quod
1664 2283 1783 2342 apud
1818 2300 1932 2326 eun-

1040 2339 1143 2395 dem
1178 2339 1411 2384 consulem
1443 2340 1678 2385 Claudium
1710 2341 1771 2395 (h.
1798 2358 1836 2384 e.
1859 2356 1931 2383 an.

1039 2397 1139 2453 805)
1202 2413 1284 2455 pro
1336 2397 1700 2441 Bononiensibus
1748 2397 1934 2455 aliisque
1954 2442 1963 2450 X

1040 2454 1181 2502 verba
1211 2454 1330 2497 fecit.
1403 2455 1497 2498 Iam
1530 2454 1703 2512 Lipsius
1741 2471 1840 2498 rem
1872 2454 1935 2499 ita

1040 2512 1203 2559 refert,
1254 2519 1465 2568 tanquam
1503 2512 1621 2570 apud
1661 2511 1935 2555 Suetonium

1041 2570 1108 2613 his
1152 2568 1319 2625 statim·
1342 2569 1637 2612 adnectantur
1674 2568 1779 2612 illa:
1838 2570 1934 2613 Neo

1040 2629 1315 2681 multo-post
1335 2627 1477 2668 duxit
1502 2641 1703 2668 uxorem
1729 2634 1813 2671 etc.
1871 2625 1936 2669 At

1041 2684 1163 2727 enim
1205 2699 1315 2729 vero
1359 2683 1590 2727 interiecta
1639 2691 1744 2727 sunt
1794 2682 1931 2728 haec:

1039 2742 1316 2796 Auspicatus
1359 2747 1427 2782 est
1477 2747 1522 2782 et
1570 2741 1933 2783 iurisdictionem

1034 2799 1302 2856 praefectus
1340 2798 1446 2839 urbi
1477 2811 1614 2840 sacro
1648 2797 1934 2840 Latinarum

1039 2867 1124 2901 etc.
1171 2857 1261 2898 Iam
1285 2853 1562 2913 praefectura
1586 2853 1664 2896 illa
1686 2855 1740 2897 ad
1763 2871 1932 2899 annum

1038 2915 1122 2958 806
1151 2913 1286 2957 relata
1319 2911 1449 2970 plane
1485 2927 1588 2956 cum
1612 2910 1781 2955 Nostro
1814 2927 1930 2954 con-

1037 2971 1199 3016 sentire
1225 2969 1402 3015 videtur
1415 2968 1669 3017 Suetonius,
1695 2969 1804 3011 dum
1826 2983 1932 3026 per-

1043 3030 1130 3088 git:
1158 3029 1253 3071 Nec
1275 3029 1425 3069 multo
1443 3035 1554 3081 post
1577 3034 1660 3069 etc.
1707 3025 1824 3068 Nam
1845 3024 1934 3071 hoc

1042 3103 1134 3130 non
1177 3092 1240 3129 est
1280 3083 1435 3127 diebus
1479 3083 1744 3140 quibusdam
1788 3083 1932 3125 inter-

1039 3144 1187 3191 iectis,
1226 3142 1305 3186 sed
1342 3140 1510 3183 indicat
1539 3147 1640 3198 post
1675 3137 1932 3198 praefectu-

1038 3217 1136 3245 ram
1168 3200 1291 3242 urbis
1317 3197 1570 3256 proximum
1595 3196 1642 3238 in
1669 3197 1760 3242 vita
1778 3196 1930 3240 Nero-

1038 3259 1106 3302 nis
1148 3255 1491 3300 memorandum
1523 3253 1659 3297 fuiss'e
1693 3253 1930 3299 matrimo—

1038 3316 1166 3359 nium
1199 3330 1302 3357 eum
1326 3312 1515 3356 Octavia
1546 3310 1722 3358 initum.
1791 3310 1932 3369 Lipsii

1041 3372 1254 3430 opinione
1294 3378 1335 3413 et
1369 3368 1566 3412 Rieklefs
1601 3369 1808 3427 deceptus
1850 3377 1930 3412 est.

1038 3428 1237 3487 Ryckius
1271 3427 1377 3469 inde
1414 3428 1467 3470 ab
1501 3425 1628 3470 initio
1662 3426 1793 3470 huius
1829 3425 1932 3470 libri

1039 3487 1150 3530 salso
1189 3492 1397 3528 numerat
1429 3499 1574 3528 annos
1607 3485 1732 3528 urbis
1764 3491 1807 3526 et
1839 3498 1933 3527 uno

1040 3557 1162 3588 anno
1202 3541 1371 3593 omisso
1410 3549 1527 3599 gesta
1563 3540 1673 3587 haec
1708 3540 1845 3584 refert
1881 3539 1935 3584 ad

1379 3601 1490 3661 12

1359 1654 1414 1710 Q.
1437 1656 1660 1698 Auturio.
1704 1679 1764 1688 —
1830 1655 1935 1699 MS.
1990 1663 1994 1666 ’
2073 1628 2076 1629 ⁷
