2164 3990
344 910 410 969 C.
498 905 1122 969 CORNELII
1212 901 1657 963 TACITI

958 1049 1054 1086 AB

508 1155 850 1204 EXCESSU
919 1154 1088 1198 DIVI
1150 1151 1500 1198 AUGUSTI

189 1264 259 1337 A
415 1262 491 1339 N
645 1260 720 1337 N
881 1258 954 1332 A
1110 1259 1178 1331 L
1330 1258 1367 1331 I
1526 1257 1596 1330 U
1737 1261 1819 1332 M

468 1418 737 1473 LtBER
781 1417 1122 1471 SEXTUS
1166 1418 1556 1472 DECIMUS.

558 1704 1136 1749 BREVIARIUM
1196 1705 1442 1750 LIBRI.

217 1817 329 1862 CAP.
355 1820 394 1861 1.
417 1816 463 1860 2.
498 1816 666 1860 Inludit
687 1816 869 1862 fortuna
893 1817 1074 1862 vanitati
1092 1818 1285 1862 Neronis
1308 1834 1389 1877 per
1408 1818 1620 1868 Bassum,
1654 1820 1732 1876 qui
1753 1818 1931 1863 thesau-

71 1891 171 1920 rum
195 1875 243 1919 in
264 1874 474 1919 Numidia
507 1875 736 1918 defossum
768 1876 919 1927 iactat,
952 1892 1082 1934 quem
1118 1875 1159 1919 3.
1182 1877 1306 1919 Nero
1329 1875 1495 1919 frustra
1521 1877 1710 1931 quaerit.
1769 1875 1814 1920 4.
1837 1877 1931 1921 Lu·-

71 1931 194 1977 strali
223 1932 468 1976 certamine
492 1932 679 1975 victoria
702 1942 857 1975 cantus
881 1933 1027 1976 oblata
1049 1933 1221 1976 Neroni
1246 1943 1290 1977 et
1313 1949 1482 1976 corona
1504 1932 1754 1977 facundiae.
1814 1933 1854 1979 5.
1881 1934 1932 1977 In

71 2007 124 2034 eo
159 1991 417 2049 spectaculo
450 1989 705 2032 auditorum
742 1989 944 2033 molestia
987 2000 1028 2033 et
1066 1990 1325 2049 Vespasiani
1362 1988 1632 2049 periculum.
1722 1991 1767 2034 6.
1806 1990 1933 2049 Pop-

71 2064 222 2107 paeam
249 2056 475 2090 mortuam
502 2047 652 2090 laudat
676 2046 794 2089 Nero
819 2047 938 2104 apud
962 2056 1124 2090 rostra.

206 2131 364 2177 .7-9.
406 2129 527 2173 Pulsi
560 2128 736 2173 Cassius
769 2137 810 2172 et
841 2130 1018 2173 Silanus
1050 2137 1286 2173 necantur.
1373 2130 1440 2172 10.
1475 2130 1542 2172 11.
1571 2130 1620 2174 L.
1650 2129 1790 2174 Vetus
1825 2148 1931 2176 cum

71 2189 217 2234 Sextia
254 2204 390 2231 socru
431 2195 473 2230 et
501 2187 696 2230 Pollutia
727 2186 814 2230 filia
848 2188 977 2246 perit.
1071 2188 1135 2229 12.
1170 2187 1458 2230 Accusatoris
1485 2188 1701 2245 praemia.
1791 2189 1929 2233 Men-

69 2249 185 2291 sium
220 2262 334 2289 nova
367 2243 572 2287 nomina.
653 2243 718 2287 13.
751 2243 952 2287 Turbine
984 2253 1227 2288 ventorum
1259 2252 1425 2287 vastata
1458 2243 1714 2303 Campania.
1784 2246 1940 2289 Pesti-

70 2304 219 2347 lentia.
274 2302 622 2358 Lugdunensem
652 2300 826 2344 cladem
858 2302 1067 2359 princeps
1103 2300 1290 2353 solatur.
1369 2302 1436 2345 14.
1471 2302 1536 2346 15.
1569 2302 1742 2347 Sosiani
1775 2303 1932 2348 fraude

72 2360 396 2407 Chaldaeorum
439 2359 721 2401 consultores
752 2358 803 2401 P.
835 2358 1022 2400 Anteius
1061 2368 1104 2402 et
1136 2357 1349 2400 Ostorius
1386 2358 1575 2417 Scapula
1622 2359 1756 2404 delati
1800 2376 1931 2404 mor-

68 2426 160 2462 tem'
190 2417 296 2459 iussi
329 2423 591 2475 properant.
663 2416 730 2458 16.
764 2414 908 2459 Taciti
942 2431 1075 2472 super
1107 2424 1174 2457 tot
1209 2415 1407 2458 cladibus
1440 2417 1665 2475 querelae.
1727 2419 1794 2462 17.
1830 2418 1932 2461 Ru-

70 2477 154 2519 fius
185 2474 418 2534 Crispinus
455 2482 637 2516 coactus
669 2490 714 2516 se
745 2471 975 2515 interficit.
1061 2472 1201 2515 Mella
1231 2470 1354 2515 falsis
1398 2472 1556 2517 litteris
1589 2474 1930 2520 circumventus

71 2532 293 2589 similique
326 2540 420 2574 arte
453 2529 653 2575 Cerialis.
733 2529 798 2572 18.
835 2529 902 2572 19.
933 2529 984 2574 C.
1016 2529 1255 2573 Petronius
1289 2530 1462 2574 erudito
1498 2532 1600 2574 luxu
1634 2542 1796 2584 notus,
1844 2533 1924 2577 Ti·-

70 2589 220 2649 gellini
249 2588 414 2632 invidia
445 2603 626 2639 exosus,
673 2603 808 2631 venas
840 2586 922 2630 sibi
955 2586 1139 2638 incidit,
1185 2586 1349 2645 flagitia
1379 2587 1572 2646 principi
1606 2591 1829 2635 codicillis
1859 2607 1927 2637 ex-

69 2648 268 2706 probrat.
333 2647 406 2689 20.
442 2645 547 2688 inde
578 2644 711 2688 Siliae
744 2645 959 2688 exsilium.

211 2732 284 2774 21.
311 2729 382 2773 22.
412 2728 652 2772 Thraseam
683 2729 862 2770 tactum
892 2737 1105 2772 accusant
1125 2728 1418 2772 Cossutianus
1453 2736 1496 2772 et
1523 2728 1710 2789 Eprius,
1745 2730 1817 2775 23.
1846 2731 1926 2775 Ba-

68 2805 190 2832 ream
233 2789 460 2831 Soranum
502 2784 714 2828 Ostorius
757 2784 966 2829 Sabinus.
1054 2786 1131 2830 24.
1184 2786 1255 2828 Ad
1297 2785 1806 2842 Neronemscodicillos
1852 2788 1928 2832 dat

67 2845 276 2889 Thrasea.
365 2845 408 2888 Is
438 2852 581 2901 patres
617 2843 769 2887 vocari
812 2842 951 2885 iubet.
1038 2845 1110 2888 25.
1141 2843 1214 2886 26.
1262 2842 1498 2888 Consultat
1529 2844 1748 2894 Thrasea,
1789 2862 1847 2890 an
1877 2844 1927 2889 in

69 2903 193 2947 curia
234 2899 543 2944 defensionem
584 2908 741 2942 tentet.
828 2900 899 2943 27.
945 2900 1066 2942 Nero
1102 2908 1303 2944 senatum
1346 2903 1480 2944 armis
1521 2901 1720 2954 obsidet,
1775 2901 1923 2950 infre-

22 2956 32 2966 ’
71 2960 298 3026 quentiam
332 2967 509 3017 patrum
554 2957 714 3015 arguit.
804 2958 874 3000 28.
916 2958 986 3001 29.
1023 2957 1269 3001 hiarcellus
1300 2957 1462 3015 Eprius
1491 2958 1759 3011 Thraseam,
1812 2959 1923 3006 Hel-

71 3017 263 3066 vidium,
298 3015 624 3074 Agrippinum,
660 3013 955 3066 Montanum,
1004 3015 1074 3058 30.
1107 3014 1318 3059 Ostorius
1341 3015 1530 3060 Baream
1563 3032 1666 3061 cum
1697 3015 1788 3060 filia
1812 3017 1919 3062 Ser·

71 3072 170 3118 vilia
202 3081 427 3117 accusant.
501 3070 572 3115 31.
604 3070 775 3114 Eorum
807 3072 1071 3116 miserabilis
1104 3072 1304 3116 defensio
1336 3073 1385 3114 in
1417 3082 1593 3117 senatu.
1668 3073 1742 3118 52.
1772 3074 1922 3133 Egna-

70 3132 156 3174 tius
187 3130 526 3189 pseudostoicus
560 3127 730 3186 perfide
771 3129 818 3172 in
849 3128 1072 3173 Soranum
1104 3129 1216 3189 agit,
1264 3129 1335 3173 cui
1374 3129 1446 3175 33.
1477 3129 1654 3176 Cassius
1687 3130 1924 3191 Asclepio-

71 3188 202 3233 dotus
242 3185 463 3246 egregiam
500 3186 638 3228 iidem
680 3195 886 3242 praestat.
974 3188 1215 3236 Thraseae,
1269 3186 1470 3239 Sorano,
1519 3188 1736 3232 Serviliae
1771 3188 1922 3234 datur

70 3246 227 3290 mortis
269 3244 519 3288 arbitrium.
602 3241 858 3295 Helvidius,
906 3243 1132 3288 Paconius
1171 3244 1292 3287 Italia
1321 3243 1454 3303 pulsi.
1529 3245 1777 3290 Montanus
1808 3248 1923 3306 patri

72 3318 327 3347 concessus.
389 3303 687 3346 Accusatores
718 3302 1004 3344 remunerati.
1074 3301 1145 3345 34.
1170 3301 1363 3345 Thrasea
1396 3302 1502 3347 libat
1534 3303 1630 3349 Iovi
1655 3303 1917 3354 Liberatus-i.

74 3359 194 3403 A'nni
219 3360 351 3403 unius
373 3359 480 3403 haec
499 3367 641 3418 gesta,
671 3357 773 3416 quia
797 3358 965 3416 reliqua
988 3358 1089 3403 libri
1122 3358 1262 3402 fatum
1293 3358 1469 3405 invidit.
1733 3367 1735 3369 '

218 3429 257 3460 c.
295 3426 627 3467 stiETONIO,
697 3426 992 3459 1..Pon·r10
1035 3428 1331 3459 rttzstno
1365 3426 1516 3465 coss.

1204 3547 1262 3554 ..-
