2164 3990
162 222 212 257 A.
233 221 283 256 U.
302 216 387 258 8116.

161 267 213 301 A.
235 265 280 301 C.
326 263 390 298 63.

537 218 713 279 LIB.
748 217 912 279 XIV.
962 224 963 227 ’
996 213 1323 278 CAP.?62.
1354 217 1457 279 63.
1799 220 1924 278 319

78 369 298 415 teretur
325 350 608 425 Octaviae
645 349 1021 408 adulterium.
1108 348 1332 405 occulta
1370 347 1609 424 quidem
1649 351 1722 405 ad
1753 369 1928 424 prae..

81 461 240 510 sem,
283 440 384 495 sed
409 434 622 509 magna
647 434 702 489 ei
727 434 987 518 praemia
1011 444 1067 490 et
1094 447 1346 511 secessus
1372 431 1649 489 amoenos
1670 435 1927 508 promit..

77 527 174 595 tit,
211 526 304 582 vel
331 524 380 579 si
403 520 754 594 negavisset,
799 538 1002 574 necem
1026 519 1293 576 intentat.
1380 515 1487 585 Ille
1518 517 1692 575 insita
1719 540 1926 575 vecor-

78 612 176 668 dia
212 623 266 668 et
291 608 567 665 facilitate
603 604 871 678 priorum
904 603 1262 676 flagitiorum
1293 603 1463 677 plura
1501 603 1704 673 etiam,
1750 625 1928 680 quam

78 697 301 752 iussum
342 703 490 759 erat,
533 689 700 761 fingit
734 689 1060 764 fateturque
1093 689 1250 761 apud
1288 688 1543 766 amicos2
1589 709 1736 764 quos
1767 690 1930 746 velut

78 779 326 837 consilio
358 773 706 833 adhibuerat
731 774 1022 847 princeps,
1111 771 1270 828 Tum
1296 773 1359 827 in
1386 772 1723 830 Sardiniam
1754 773 1931 850 pelli.

77 878 202 935 tur,
236 863 344 920 ubi
371 881 496 917 non
521 861 693 934 inops
719 858 988 914 exsilium
1013 857 1285 915 toleravit
1309 870 1365 914 et
1392 859 1511 917 fato
1536 858 1703 919 obiit.

243 983 467 1043 LXIII.
509 980 590 1041 At
605 983 762 1039 Nero
784 983 1146 1056 praefectum
1171 981 1236 1036 in
1262 1002 1422 1056 spem
1446 984 1753 1040 sociandae
1780 983 1930 1040 clas-

78 1073 155 1130 sis
185 1067 563 1145 corruptum',
608 1079 664 1124 et
697 1069 994 1123 incusatae
1029 1067 1206 1140 paulo
1242 1079 1376 1123 ante
1421 1069 1742 1126 sterilitatis
1773 1070 1929 1127 obli-2

78 1172 172 1216 tus
193 1158 424 1212 abactos
447 1167 648 1229 partus
674 1152 1028 1209 conscientia
1054 1150 1373 1207 libidinum
1390 1199 1406 1222 ‚
1427 1174 1607 1230 eaque
1630 1155 1744 1211 sibi
1768 1175 1930 1211 com-

78 1254 243 1318 perta
296 1241 484 1297 edicto
538 1250 826 1294 memorat
872 1237 1182 1312 insulaque
1227 1235 1579 1295 Pandateria
1617 1235 1929 1306 Octaviam

79 1327 316 1385 claudit.
400 1323 538 1380 Non
567 1324 679 1378 alia
707 1321 869 1377 exsul
906 1321 1222 1377 visentium
1261 1323 1461 1378 oculos
1499 1324 1721 1380 maiore
1753 1325 1933 1381 mise-

76 1411 332 1467 ricordia
377 1407 606 1466 adfecit.
703 1406 1092 1462 meminerant
1135 1402 1328 1462 adhuc
1373 1408 1614 1484 quidam
1648 1405 1939 1484 Agrippi-¹

76 1518 186 1552 nae
214 1515 246 1551 a
271 1488 544 1562 Tiberio,
594 1491 886 1548 recentior
914 1489 1097 1547 Iuliae
1120 1492 1404 1548 memoria
1439 1494 1861 1551 obversabatur
1894 1516 1930 1552 a

74 1579 325 1638 Claudio
364 1578 585 1652 pulsae.
672 1578 769 1632 sed
811 1576 930 1631 illis
967 1577 1152 1632 robur
1185 1577 1391 1633 >aetatis
1429 1580 1724 1636 adfuerat:
1778 1581 1930 1638 laeta

76 1667 274 1741 aliqua
314 1662 587 1719 viderant
632 1673 688 1717 et
730 1654 1094 1735 praesentem
1141 1660 1443 1718 saevitiam
1484 1664 1746 1720 melioris
1786 1666 1932 1721 olim

73 1754 345 1808 fortunae
367 1746 773 1803 recordatione
796 1746 1164 1805 adlevabant.
1244 1743 1384 1803 huic
1408 1748 1668 1822 primum
1691 1751 1932 1828 nuptia-

75 1856 208 1893 rum
235 1834 360 1891 dies
385 1832 516 1889 loco
541 1831 765 1889 funeris
788 1831 904 1890 fuit
926 1830 1208 1888 deductae
1236 1832 1300 1887 in
1325 1833 1568 1890 domum
1593 1835 1656 1890 in
1681 1855 1796 1911 qua
1834 1835 1932 1890 ni-

1038 2049 1139 2092 edd.
1177 2047 1297 2106 Spir.
1331 2049 1433 2092 Put.
1457 2049 1521 2092 M.
1554 2052 1596 2094 ei
1616 2050 1673 2096 V.
1733 2052 1933 2096 Panda-

74 2055 302 2102 intentat,
333 2050 607 2092 iudiciorum
640 2064 723 2106 pro
743 2047 963 2104 flagitio·-

1037 2109 1162 2149 tom‘a
1205 2108 1273 2149 ed.
1319 2107 1417 2150 Alc.
1497 2107 1788 2153 Pandataria
1831 2111 1932 2155 edd.

75 2125 184 2153 rum
201 2141 214 2164 ,
256 2109 482 2153 Sardinia
506 2107 589 2162 (sic
617 2114 658 2148 et
683 2105 854 2162 Guelf.)
881 2121 963 2163 pro

73 2166 363 2213 Sardiniam.

131 2225 325 2265 occulta.
385 2221 484 2264 MS.
511 2220 621 2278 Agr.
649 2222 891 2263 occultum.

131 2281 243 2324 CAP.
277 2279 348 2323 63.
409 2287 460 2319 at
495 2279 636 2321 Nero.
686 2278 807 2321 ›MS.
840 2278 964 2322 Flor.

74 2342 189 2396 (test.
220 2338 240 2375 Χ
257 2335 354 2389 iet.)
381 2328 445 2376 ad
466 2338 606 2378 Nero.

133 2399 179 2438 in
215 2409 363 2447 spem.
433 2392 509 2437 Sic
543 2391 643 2434 MS.
679 2389 807 2433 Flor.
847 2393 964 2446 (test,

75 2454 287 2506 Piehena)
331 2449 434 2493 edd.
475 2447 593 2506 Spir.
637 2447 822 2491 Pichen.
865 2465 965 2506 sqq.

75 2508 306 2553 Victorius
346 2518 494 2550 tamen
527 2507 743 2548 intactum
781 2506 964 2563 reliquit

71 2584 181 2670 iffi'
207 2565 350 2664 ix‘siu‘ss‘tl
367 2562 668 2662 xistssffiofflls'
685 2561 961 2664 figassfflg.

73 2699 171 2740 sqq.
185 2681 302 2722 -in
321 2693 400 2732 spe
410 2677 548 2745 MSS:
560 2675 694 2719 Bodl.
714 2677 792 2719 les.
810 2677 962 2721 Guelf-

73 2753 202 2847 ΕΞ.
218 2734 491 2838 ἱίῖξῒέἱῗ.
513 2733 653 2834 ἳςῖ-,ἱὲἰὶ
668 2733 965 2845 fga-{¹325}

74 2853 274 2895 strictos.

131 2908 394 2951 sociandae.
453 2903 536 2947 Ed.
550 2903 666 2960 Spir.
693 2906 931 2948 socianda.

130 2967 289 3007 edicto.
381 2961 458 3004 Sic
509 2962 612 3008 MS.
663 2962 785 3004 Flor.
844 2968 962 3015 (test.

75 3021 297 3076 victorio)
339 3028 381 3061 et
420 3018 629 3062 suadente
670 3019 817 3072 Lipsio
860 3020 962 3064 edd.

76 3077 260 3122 Piehem
312 3091 410 3133 sqq.
489 3078 608 3117 dicto
657 3076 790 3120 MSS.
845 3077 962 3120 Bud.

74 3133 224 3181 Guelf.
251 3133 321 3176 aiii
359 3149 433 3184 ue,
466 3131 699 3189 edd-Spir.
717 3133 814 3176 Put.
827 3135 896 3176 M.
922 3143 964 3177 et

69 3193 133 3245 JV.
164 3191 266 3234 Ber.
303 3189 343 3233 A
365 3206 405 3233 c.
439 3188 583 3231 Rhen.
626 3205 724 3246 sqq.
791 3190 961 3233 Eadem

67 3247 279 3295 'eonsusio
303 3255 345 3289 et
368 3246 467 3288 alibi
489 3246 730 3288 invenitur.
790 3248 845 3290 cf.
865 3257 961 3291 not.

71 3306 127 3365 ad
155 3308 220 3352 15,
243 3303 315 3369 36?
375 3301 607 3346 Drakenb.
634 3302 687 3345 ad
716 3303 809 3349 Liv.
831 3303 873 3353 7,
891 3305 963 3348 35.

74 3366 114 3414 8²
132 3364 434 3461 Ξὶαξὲιῇἷὲνὴι.
526 3415 602 3459 sie
655 3418 756 3461 MS.
806 3417 957 3462 Guelf.

1028 3021 1150 3062 'Bud.
1204 3020 1403 3062 ediderat
1462 3023 1719 3068 elevabant.

1039 2163 1197 2207 Oberl.
1223 2181 1322 2221 sqq.
1384 2164 1472 2207 Sed
1507 2166 1564 2208 cf.
1598 2175 1692 2210 not.
1714 2168 1770 2210 ad
1797 2171 1836 2216 1⁴,
1859 2169 1930 2213 53.

1035 2221 1263 2264 Bekkerus
1293 2221 1425 2263 etiam
1457 2231 1500 2264 et
1532 2224 1826 2282 Kiesslingius
1857 2243 1930 2270 re-

1034 2295 1223 2337 posuere
1253 2278 1558 2324 Pandateria.

1094 2336 1303 2392 quidam.
1363 2336 1446 2378 Ed.
1473 2337 1588 2395 Spir.
1621 2339 1818 2392 quidem.

1092 2410 1121 2435 a
1147 2392 1342 2434 Claudio*
1359 2396 1541 2447 pulsae.
1601 2395 1678 2439 Sic
1700 2397 1798 2440 libri
1824 2405 1932 2449 vett.

1036 2458 1078 2492 et
1101 2458 1287 2492 recenti.
1306 2465 1463 2491 omnes
1481 2461 1654 2508 praeter
1672 2454 1770 2496 edd.
1787 2453 1931 2498 Ober-

1035 2506 1114 2550 lin.
1151 2522 1251 2563 sqq.
1290 2507 1335 2548 in
1381 2507 1541 2562 quibus
1587 2510 1858 2567 praepositio
1897 2528 1932 2555 a

1037 2564 1274 2606 omittitur.
1321 2562 1550 2608 Bekkerus
1574 2574 1720 2610 lamen
1745 2584 1840 2611 eam
1862 2585 1931 2613 re·

1035 2619 1194 2664 stituit.

1093 2680 1389 2722 adlevabant.

1477 2677 1554 2722 Sic
1609 2678 1744 2726 MSS.
1801 2679 1926 2728 Flor.

1041 2735 1158 2787 (test.
1186 2735 1396 2791 Piehena)
1425 2734 1580 2779 Guelf.
1606 2737 1790 2796 aliique,
1823 2742 1928 2786 edd.

1039 2791 1069 2835 S
1105 2792 1158 2834 iv.
1187 2792 1290 2835 Put.
1319 2792 1389 2835 M.
1423 2802 1464 2836 et
1488 2794 1541 2836 V'.
1563 2795 1770 2842 Beroald.
1801 2801 1930 2854 (cum

1038 2850 1072 2892 si
1097 2848 1220 2891 entio
1255 2847 1391 2903 Vict.)
1435 2849 1536 2892 Alc.
1582 2851 1613 2895 Ι.
1649 2851 1725 2896 Fr.
1769 2864 1811 2898 et
1845 2856 1930 2900 lac.

1039 2905 1218 2948 Gronn.
1242 2922 1338 2966 sqq.
1374 2906 1564 2960 (seilicet
1596 2909 1695 2952 edd.
1728 2921 1835 2956 vett.
1856 2912 1930 2955 ba·

1528 2965 1768 3012 Rhenanus
1792 2969 1929 3014 eMS.

1810 3025 1926 3071 Edd-

1033 3077 1184 3135 Lipsf
1207 3076 1338 3119 Grut.
1387 3074 1513 3122 Pieh.
1564 3079 1832 3140 Berneggeri
1867 3090 1929 3127 'et

1033 3132 1192 3191 Ryckii
1243 3136 1493 3184 levabant,

1034 3192 1309 3236 auctoritate.

1089 3248 1189 3290 huic
1229 3248 1452 3301 primum.
1533 3249 1609 3294 Sic
1638 3250 1739 3296 MS.
1774 3252 1928 3302 Guelf.

1035 3305 1134 3347 edd.
1169 3305 1288 3362 Spir.
1321 3305 1422 3348 Put.
1454 3306 1520 3350 M.
1553 3316 1595 3350 et
1631 3308 1684 3351 V.
1718 3309 1926 3358 Beroald.

1034 3363 1153 3415 (cum
1190 3361 1323 3404 silent
1349 3363 1486 3418 vict.)
1519 3363 1622 3408 Alc.
1651 3365 1796 3413 Rben.
1828 3387 1925 3439 sqq.

1033 3426 1075 3461 et
1105 3419 1328 3462 recentius
1357 3419 1530 3462 Ernest.
1562 3437 1664 3481 sqq.
1703 3449 1762 3461 --
1818 3429 1927 3471 hmo

1035 2964 1145 3006 bent
1165 2966 1468 3020 allevabant).

75 3473 397 3519 edd.Beroald.
424 3474 799 3531 (c.‘si1ent.Vict.)
815 3474 958 3520 Rhen.
1026 3477 1210 3530 primus
1249 3476 1349 3518 edd.
1385 3476 1571 3521 Piehen.
1609 3495 1707 3537 sqq.
1749 3498 1773 3526 e
1814 3499 1924 3527 con·

74 3549 169 3591 sqq.
224 3532 524 3586 pandecta-ia
550 3530 649 3576 MS.
674 3529 771 3575 Vat.
800 3532 955 3592 (Lips.)
1029 3534 1197 3578 iectura
1238 3531 1392 3590 Lipsii.

1470 3533 1731 3593 Perperam.
1808 3540 1923 3587 Nam

1561 3136 1786 3188 incertum
1843 3148 1929 3201 qula
1990 3140 2008 3144 ⁴
