2164 3990
174 290 226 326 A.
243 284 402 323 usm.

174 334 226 368 A.
245 328 291 366 C.
339 328 402 364 48.

650 286 822 347 LIB.
855 286 964 348 XI.
1037 284 1234 347 CAP.
1271 287 1372 347 37.
1855 288 1938 349 59

93 423 251 480 iubet
268 405 654 495 ‘nuntiarique
677 415 921 473 miserae
949 413 1089 494 (hoc
1110 412 1279 473 {enim
1303 415 1485 472 verbo
1510 435 1682 472 usum
1713 418 1949 499 ferunt)

91 507 402 564 dicendam
426 504 501 561 ad
522 522 757 560 causam
779 500 1014 578 postera
1045 502 1141 558 die
1167 502 1408 560 adesset.
1496 502 1656 578 quod
1684 502 1799 559 ubi
1833 524 1941 559 au-

82 591 281 648 ·ditum
311 601 370 646 et
389 590 760 662 languescere
791 588 907 656 ira,
948 588 1142 643 redire
1175 606 1367 655 amor,
1409 605 1475 642 ac
1507 586 1557 642 si
1591 599 1941 644 cunctaren—

87 688 219 747 tur,
284 675 620 751 propinqua
662 694 779 729 nox
826 684 882 729 et
922 673 1117 728 uxorii
1157 671 1414 728 cubiculi
1448 672 1736 728 memoria
1769 674 1941 729 time-

86 763 332 830 bantur,
398 758 730 836 prorumpit
762 757 1065 814 Narcissus
1114 756 1538 832 denuntiatque
1577 758 1944 814 centurioniss-

90 847 201 903 bus
223 857 280 903 et
298 845 575 914 tribuno,
617 844 720 920 qui
738 844 972 912 aderat,
1013 842 1249 917 exsequi
1273 843 1532 914 caedem:
1573 841 1655 898 ita
1687 843 1942 918 impera-

89 942 278 987 torem
301 931 522 989 iubere.
607 928 818 986 Custos
842 939 899 984 et
920 937 1149 983 exactor
1184 947 1214 981 e
1240 926 1465 982 libertis
1477 923 1722 983 Evodus
1753 929 1941 987 datus,

91 1015 258 1092 isque
291 1016 506 1091 raptim
542 1015 607 1069 in
640 1011 844 1070 hortos
873 1030 1239 1088 praegressus
1265 1012 1524 1086 repperit
1545 1013 1735 1068 fusam
1772 1010 1944 1070 humi

91 1102 393 1157 adsidente
429 1111 614 1155 matre
643 1097 895 1174 Lepida,
948 1116 1097 1174 quae
1143 1097 1381 1152 florenti
1411 1098 1577 1172 filiae*
1601 1093 1762 1154 haud
1802 1119 1945 1155 con-

91 1205 222 1242 cors
253 1185 539 1260 supremis
574 1185 698 1239 eius
726 1181 1166 1238 necessitatibus
1192 1183 1266 1237 ad
1289 1182 1726 1255 miserationem
1760 1184 1947 1240 evicta

93 1281 234 1339 erat,
265 1270 677 1344 suadebatque,
707 1288 782 1323 ne
803 1286 1204 1343 percussorem
1229 1268 1615 1342 opperiretur.
1668 1269 1944 1324 transisse

91 1355 275 1411 vitam
307 1374 496 1430 neque
523 1354 685 1409 aliud
708 1370 885 1430 quam
909 1352 1090 1409 morti
1114 1353 1289 1407 decus
1316 1353 1738 1428 quaerendum.
1825 1353 1944 1411 Sed

84 1440 291 1495 'animo
318 1459 424 1514 per
449 1439 726 1495 libidines
753 1449 1026 1512 corrupto
1057 1433 1211 1492 nihil
1248 1433 1564 1494 honestum
1597 1438 1815 1494 inerat:
1856 1440 1946 1512 laj-

95 1525 425 1601 crimaeque
459 1536 514 1580 et
547 1526 784 1600 questus
809 1523 976 1579 inriti
999 1523 1395 1592 ducebantur,
1439 1544 1573 1579 cum
1598 1523 1822 1599 impetu
1843 1542 1947 1580 ve—

141 1726 334 1782 serant.
373 1734 377 1740 ·
416 1725 556 1768 Abest
609 1740 633 1767 a
679 1724 787 1770 MS.
831 1723 982 1766 Oxou.
1051 1737 1322 1777 progressus
1355 1723 1458 1767 MS.
1489 1722 1638 1767 Guelf.
1669 1724 1774 1768 edd.
1803 1724 1944 1769 Rben.

101 1782 208 1837 (lae.
234 1782 463 1836 Gronov.)
529 1823 533 1827 ,
1057 1783 1102 1834 (e
1133 1780 1236 1823 MS.
1268 1781 1405 1833 Bud.)
1442 1781 1547 1823 Ald.
1576 1797 1675 1838 sqq.
1716 1797 1858 1839 usque
1891 1784 1946 1826 ad

154 1841 320 1881 redire.
406 1840 490 1883 Ed.
543 1839 660 1896 Spir.
720 1846 764 1880 et
812 1839 982 1886 redire,
1055 1836 1294 1895 Ryckium.
1373 1837 1456 1879 Ed.
1491 1837 1760 1896 Bernegger.
1794 1849 1945 1889 tamen

98 1904 266 1955 puncto
292 1895 437 1954 posito
468 1905 568 1954 post
599 1910 751 1938 amor.
815 1895 982 1939 Melius
1050 1908 1375 1949 praegressus.
1414 1894 1610 1952 Propter
1628 1897 1946 1954 compendium

99 1952 220 1995 abest
247 1952 435 1994 alterum
461 1961 520 1996 et.
1034 1950 1305 2009 -scripturae
1346 1952 1587 1994 sexcenties
1631 1962 1948 2010 permutantur

154 2017 504 2055 cunctarentur.
591 2010 667 2053 Sic
706 2009 807 2053 MS.
858 2009 984 2052 Flor.
1052 2015 1171 2063 prae
1201 2017 1244 2051 et
1264 2024 1369 2064 pro.
1430 2009 1489 2052 cf.
1512 2018 1608 2052 not.
1630 2011 1684 2052 ad
1710 2010 1776 2062 15,
1800 2012 1871 2055 66.
1906 2012 1948 2060 3,

98 2070 219 2122 (test.
249 2067 391 2119 Vici.)
427 2067 525 2110 edd.
561 2067 678 2125 spir.
715 2076 758 2110 et
794 2076 984 2110 recentt.
1058 2064 1100 2109 5.
1157 2066 1270 2110 llist.
1293 2067 1336 2115 2,
1358 2067 1400 2110 4.
1432 2067 1471 2117 5,
1492 2067 1562 2109 23.
1584 2067 1654 2110 25.
1721 2068 1802 2112 Ed.
1828 2069 1947 2126 Spir.

96 2125 201 2173 inde
225 2139 247 2167 a
275 2123 400 2167 Pich.
430 2133 472 2167 et
494 2124 674 2168 Gruter.
733 2134 985 2166 contaren-
1054 2139 1338 2179 pergressus.
1417 2124 1519 2168 MS.
1558 2125 1684 2168 Flor.
1721 2126 1950 2182 figressus

97 2191 177 2226 tur
206 2181 307 2224 MS.
334 2181 480 2225 Guelf.
507 2183 605 2226 edd.
631 2182 735 2225 Put.
769 2183 836 2225 M.
864 2189 906 2224 et
924 2179 984 2228 V.
1057 2181 1102 2225 h.
1122 2197 1158 2224 e.
1176 2196 1367 2236 praegr.

97 2239 301 2282 Beroatd.
327 2237 428 2282 Ale.
454 2240 595 2282 Rhen.
618 2239 723 2284 Ald.
747 2239 866 2298 Lips.
1117 2242 1418 2294 opperiretur.
1478 2240 1561 2284 Ed.
1596 2238 1715 2299 Spir.
1746 2242 1949 2296 operare-

149 2299 429 2351 prormnpit.
487 2297 563 2340 Sic
580 2298 679 2340 edd.
692 2297 873 2340 Piehen.
890 2309 987 2354 sqq.

99 2362 309 2410 tanquam
357 2371 381 2396 e
411 2354 510 2398 MS.
544 2355 668 2398 Flor.
752 2354 987 2397 Consentit

98 2409 199 2453 MS.
222 2410 337 2453 Bud.
378 2411 605 2455 Victorius
627 2421 776 2454 tamen
802 2411 854 2453 de
866 2411 988 2453 Flor.

99 2475 214 2511 tacet
244 2467 556 2526 intactumque
579 2468 794 2524 relinquit
814 2482 988 2521 proru-

95 2526 190 2578 pst,
222 2524 343 2582 quod
366 2533 430 2567 est
457 2527 502 2568 iu
530 2527 687 2569 ceteris
708 2525 847 2568 libris.
905 2524 990 2568 Vix

99 2581 237 2624 eredo
290 2580 532 2624 Pichenam
594 2599 748 2625 verum
802 2581 994 2634 vidisse;

101 2645 276 2696 tempus
310 2642 685 2696 pronuntiatque
716 2655 807 2683 non
839 2654 988 2682 neces·

100 2694 216 2737 sario
247 2697 431 2754 requirit
455 2699 742 2753 prorumpit.
811 2696 870 2740 cf.
893 2705 991 2740 not.

103 2752 504 2907 ὃάᾱῖηἲηιίξῖκίᾳυε.
593 2811 668 2854 Sic
720 2810 819 2879 edd.
870 2809 988 2868 Lips.

103 2876 460 2989 sqiiyus—adergii-
482 2868 582 2969 egido-
596 2873 989 2979 ffigqussssztottqtlgt'

104 2978 242 3034 Vici.)
266 2982 334 3025 ed.
357 2981 474 3039 Spir.
554 2984 634 3038 qui
663 2986 864 3025 aderant
891 2983 990 3026 MS.

109 3034 258 3081 Guelf.
282 3038 381 3082 edd.
403 3039 584 3083 Put.M.
610 3041 709 3082 Ber.
725 3041 821 3083 Ale.
846 3040 991 3083 Rhen.

109 3108 205 3192 sqq.
226 3159 246 3193 t
263 3097 623 3195 quigcqegaptur
649 3099 717 3194 ρᾶς.
740 3096 840 3140 Put.
865 3097 923 3140 V.

105 3168 226 3253 'tuna
234 3166 377 3253 Kisiea
389 3153 814 3254 cusfdgiectiefflcielfix
821 3154 898 3254 {lasci
905 3157 992 3254 gg,

107 3264 207 3308 MS.
221 3265 380 3310 ‘Guelfi
405 3267 505 3311 edd.
521 3268 622 3311 Put.
647 3268 713 3312 M.
741 3278 783 3312 et
807 3267 864 3311 V.
886 3269 991 3310 Ber.

105 3320 475 3366 Alc.Rhen.A}d.
497 3323 710 3367 omittunt
727 3334 772 3368 et
796 3341 900 3369 cum
923 3326 992 3368 sil.

108 3377 224 3421 vict.
272 3380 444 3438 Lipsius
469 3382 662 3425 restituit
686 3382 910 3441 copulam.

164 3437 352 3492 raptim.
412 3438 492 3482 Ed.
517 3439 547 3482 S
581 3439 634 3483 ir.
656 3441 845 3494 ruptim.

161 3505 483 3547 praegressus.
585 3496 761 3541 ieedd.
792 3496 894 3540 Put.
924 3497 992 3540 M.

110 3554 154 3590 et
180 3547 237 3591 V.
287 3549 491 3597 Beroald.
535 3556 597 3609 (e.
641 3553 818 3598 silentio
854 3553 990 3610 Vici.)

111 3604 208 3649 Alc.
240 3604 380 3665 Ryek.
410 3609 445 3651 Ἰ.
469 3609 672 3654 Gronov.
701 3610 876 3655 Ernest.
898 3627 995 3670 sqq.

1060 2305 1153 2339 tur.

1119 2355 1354 2397 transisse.
1415 2354 1499 2398 Ed.
1523 2353 1640 2411 spir.
1663 2353 1952 2398 transmisse.

1116 2426 1263 2466 neque
1301 2413 1447 2455 aliud.
1523 2411 1624 2456 MS.
1655 2411 1771 2454 Bud.
1801 2427 1950 2468 neque

1060 2468 1309 2524 quicquam
1329 2473 1472 2513 aliud.

1119 2541 1278 2581 morti.
1339 2539 1416 2583 Sic
1451 2539 1555 2582 libri
1587 2554 1743 2581 omnes
1776 2547 1951 2595 praeter

1061 2594 1163 2637 edd.
1200 2595 1403 2640 Rhenan.
1438 2596 1545 2641 Ald.
1577 2612 1673 2654 sqq.
1717 2612 1858 2654 usque
1897 2598 1952 2640 ad

1061 2650 1288 2709 Lipsium,
1320 2670 1432 2711 quae
1463 2653 1567 2696 vitio
1601 2669 1866 2711 operarum,
1903 2663 1952 2698 ut

1061 2709 1260 2757 videtur,
1290 2709 1454 2754 habent
1475 2717 1640 2753 morte.

1117 2768 1341 2809 libidines.
1406 2768 1489 2812 Ed.
1512 2768 1630 2826 Spir.
1653 2768 1899 2810 libidinem.

1118 2839 1450 2894 lacrimaeque.
1538 2835 1616 2881 Sic
1664 2838 1767 2881 MS.
1825 2838 1952 2881 Flor.

1062 2899 1180 2950 (test.
1214 2895 1353 2950 Viet.)
1390 2894 1492 2939 edd‘.
1524 2895 1648 2952 *Spin
1683 2904 1726 2938 et
1763 2903 1952 2938 recenti.

1061 2954 1165 2996 inde
1197 2970 1220 2995 a
1248 2953 1333 2995 Iac.
1369 2949 1575 2997 Gronov.
1649 2954 1954 3008 lachrymae-

1063 3027 1147 3066 que
1171 3009 1271 3054 MS.
1297 3008 1446 3052 Guelf.
1477 3010 1580 3052 edd.
1604 3009 1719 3052 Put.·
1734 3009 1802 3052 M.
1834 3018 1877 3052 et
1897 3009 1952 3052 V.

1062 3068 1166 3111 Ber.
1187 3067 1445 3111 Alc.l‘1hen.
1467 3067 1567 3123 Ald,
1626 3068 1953 3123 lacrymaeque

1065 3125 1164 3168 edd.
1192 3125 1308 3182 Lips.
1331 3140 1428 3182 sqq.
1459 3125 1514 3168 ad
1537 3123 1620 3166 lac.
1647 3122 1854 3167 Gronov.

1120 3198 1419 3237 ducebantur.
1456 3210 1461 3216 ·
1494 3194 1571 3237 Sic
1600 3194 1641 3244 2,
1665 3192 1737 3239 34.
1761 3171 1954 3244 „sermni-

1062 3256 1193 3295 nibus
1226 3253 1368 3294 uariis
1391 3259 1571 3307 tempus
1592 3258 1732 3307 atque
1752 3251 1841 3293 iter
1863 3254 1954 3293 du-

1063 3325 1180 3353 cens.

1119 3395 1225 3427 eum
1276 3379 1464 3433 impetu.
1519 3401 1522 3406 ·
1550 3378 1627 3422 Sic
1677 3377 1778 3426 MS.
1827 3377 1952 3423 Flor.

1064 3439 1179 3493 (test.
1202 3435 1321 3479 Vict.
1349 3452 1453 3480 eum
1475 3435 1689 3493 Piohena.)
1709 3435 1810 3479 edd.
1833 3436 1954 3492 Spir-

1066 3494 1250 3540 Pichen.
1291 3509 1388 3550 sqq.
1472 3493 1594 3536 Tum
1622 3495 1810 3548 -ίνὴρεια
1853 3492 1954 3537 edd.

1065 3553 1169 3596 Put.
1189 3551 1255 3593 M.
1283 3559 1326 3594 et
1346 3550 1402 3593 V.
1432 3549 1639 3594 Beroald.
1673 3550 1774 3594 Alc.
1809 3549 1954 3594 Rhen.

1060 3625 1166 3686 sqq.
1192 3624 1302 3653 voum
1325 3607 1459 3653 MSS.
1482 3608 1599 3652 Bud.
1617 3604 1773 3651 Guelf.
