2164 3990
0 785 1 807 ᾼ
0 651 4 776 -ᾚ
0 527 7 547 ,Γ

126 166 144 175 ”
201 189 253 226 A.
269 188 321 226 U.
337 187 424 223 80³.

198 234 252 270 A.
271 231 319 268 o.
362 230 424 266 50.

662 188 1014 251 LIB.XII.
1102 186 1436 252 CARQO.
1592 278 1604 284 -
1776 234 1777 238 =
1893 192 1975 263 85

115 333 479 398 anrepetere
513 317 694 376 armis
729 317 946 375 rectius
977 319 1148 378 foret.
1232 314 1375 375 hinc
1410 319 1583 376 dolor
1616 319 1973 380 iniuriarum

115 421 174 471 et
204 409 396 475 libido
439 404 735 461 vindictae
769 403 1058 476 adigebat.
1119 400 1125 404 ¹
1169 405 1266 461 sed
1304 404 1698 469 disserebatur
1740 420 1970 466 contra:

114 492 346 568 Suscipi
379 490 606 548 bellum
638 489 771 545 avio
809 488 1054 558 itinere,
1107 488 1473 565 importuoso
1510 490 1701 546 mari:
1749 489 1824 548 ad
1856 488 1971 550 hoc

109 586 273 652 reges
293 579 546 644 feroceS,
588 592 766 648 vagos
797 574 1078 648 popuIOS‚
1121 575 1311 651 solum
1337 576 1576 649 frugum
1600 595 1798 649 egens:
1842 588 1971 634 tum

110 663 372 722 taedium
408 682 476 721 ex
513 679 715 729 mora,
778 659 1040 734 pericula
1086 679 1155 715 ex
1198 660 1603 736 properantia,
1672 657 1971 721 modicam

109 748 433 811 victoribus
470 746 707 802 laudem
743 763 809 800 ac
843 744 1098 801 multum
1134 744 1439 816 infamiae,
1502 745 1553 801 si
1588 746 1968 822 pellerentur.

110 833 259 910 quin
309 831 606 906 adriperet
658 829 853 887 oblata
909 840 964 886 et
1009 841 1268 887 servaret
1311 830 1594 888 exsulem:
1661 831 1758 888 cui
1799 831 1970 907 inopi

109 930 329 994 quanto
358 917 688 990 longiorem
709 913 921 984 vitam,
962 925 1125 970 tanto
1161 915 1296 989 plus
1330 915 1604 991 supplicii
1625 917 1771 976 fore.
1855 913 1969 974 His

106 1014 407 1079 permotus
443 1000 673 1075 scripsit
706 995 978 1055 Eunoni:
1035 996 1323 1056 Meritum
1361 1001 1600 1078 quidem
1644 1001 1969 1059 novissima

104 1088 374 1163 exempla
394 1082 808 1144 Mithridatem
833 1104 940 1140 nec
970 1083 1086 1139 sibi
1119 1084 1243 1139 vim
1278 1086 1352 1142 ad
1392 1087 1828 1163 exsequendum
1864 1076 1970 1145 de-

109 1188 259 1233 esse:
303 1189 511 1228 verum
549 1171 630 1226 ita
666 1168 994 1224 maioribus
1029 1169 1341 1242 placitum,
1372 1183 1602 1248 quanta
1642 1172 1968 1247 pervicacia

108 1259 175 1315 in
208 1254 466 1324 hostem,
519 1265 681 1311 tanta
717 1252 1099 1310 beneficentia
1141 1255 1420 1312 adversus
1465 1257 1756 1333 supplices
1791 1269 1967 1326 uten÷

107 1344 272 1402 dum.
357 1361 499 1397 nam
519 1334 852 1414 triumphos
878 1339 952 1395 de
980 1340 1215 1414 populis
1248 1342 1561 1418 regnisque
1595 1341 1838 1416 integris
1868 1363 1967 1400 ac-

107 1427 285 1505 quiri.

162 1658 270 1701 hinc
300 1657 447 1698 dolor.
489 1653 601 1697 Sic
632 1652 736 1695 libri
765 1660 874 1698 vett.
933 1652 996 1695 Ex

108 1713 422 1758 emendatione
467 1710 602 1768 Lipsii
637 1709 869 1753 Ernestius
901 1726 997 1768 sqq.

109 1771 287 1814 edidere
337 1773 422 1812 huc
472 1783 557 1826 pro
601 1768 718 1811 hinc.
798 1767 996 1811 Frusna.

1070 1655 1210 1705 terio‚
1241 1656 1309 1699 ed.
1324 1655 1466 1712 Spin,
1497 1656 1619 1722 quod
1632 1655 1828 1700 Piehena
1842 1664 1965 1702 recte

1070 1721 1196 1770 putat
1235 1723 1385 1756 ortum
1429 1731 1480 1757 ex
1518 1714 1702 1770 antiqua
1745 1714 1964 1773 scriptura

1071 1771 1194 1827 quoi.
1252 1770 1465 1834 Heinsius
1488 1771 1589 1816 vult
1615 1772 1743 1827 quia.

108 1829 234 1872 Hinc
255 1835 319 1870 est
351 1827 405 1870 ab
431 1825 514 1868 hac
536 1834 676 1883 parte.
736 1823 796 1868 cf.
820 1833 916 1867 not.
941 1825 997 1867 ad

109 1888 183 1936 11,
209 1885 274 1928 17.
346 1884 579 1937 Adigebat
618 1882 822 1925 absolute
870 1882 996 1940 poni·

107 1951 196 1987 tur.

163 2010 394 2067 adigebat.
463 2008 541 2053 Sic
570 2008 706 2052 MSS.
735 2007 838 2051 Vat.
872 2008 997 2052 1958.

107 2069 256 2113 Guelf.
282 2067 381 2110 edd
404 2067 508 2111 Put.
531 2067 599 2109 M.
628 2074 670 2108 et
694 2066 749 2110 V.
784 2067 995 2110 Beroald.

107 2129 228 2183 (eum
253 2124 322 2168 sil.
344 2123 479 2180 Viet.)
512 2123 613 2168 Alc.
644 2123 791 2167 Rhen.
812 2140 910 2182 sqq.

107 2185 352 2227 adiacebat
373 2182 505 2225 MSS.
520 2181 636 2225 Vatt.
663 2181 773 2224 1863
803 2189 845 2223 et
873 2182 998 2225 1864.

105 2243 215 2297 Agr.
242 2240 350 2296 Reg.
375 2239 444 2283 ed.
466 2238 541 2298 Sp
530 2256 582 2281 ir.
653 2238 861 2281 Heinsius
890 2256 996 2282 eon·

104 2299 306 2343 iiciebat:
331 2299 604 2340 adacuebac.
663 2296 752 2341 Sed
768 2296 997 2354 vulgatum

105 2358 221 2401 bene
243 2372 288 2398 se
318 2354 465 2397 habet.

73 2406 81 2425 ‘¹
161 2428 226 2469 ad
256 2427 352 2467 hoc.
421 2423 499 2467 Sic
528 2421 664 2466 MSS.
695 2422 810 2466 Bud.
846 2421 996 2467 Guelf.

106 2483 208 2527 edd.
241 2483 300 2539 Sp
305 2483 361 2524 ir.
391 2480 593 2523 Rhenan.
622 2496 671 2536 sq
646 2496 720 2538 q.q
789 2483 854 2522 ad
881 2483 996 2522 haec

106 2540 207 2585 edd.
231 2499 334 2582 Put.
355 2539 423 2581 Μ.
448 2538 565 2582 etV.
597 2535 807 2581 Beroald.
843 2537 902 2593 (c.
925 2536 994 2582 sil.

105 2595 340 2652 Victorii),
362 2595 466 2639 Ale.

158 2664 374 2723 fiopulos.
433 2664 536 2708 MS.
561 2664 713 2709 Guelf.
732 2669 906 2720 pulsos.

166 2739 326 2780 egens.
382 2732 481 2767 tum
537 2725 743 2765 taedium
797 2739 862 2766 ex
911 2733 994 2768 etc.

106 2783 189 2826 Ed.
213 2782 332 2840 Spir.
355 2789 570 2837 egentum
592 2783 797 2823 tedmm:
827 2797 890 2823 ex
911 2791 994 2825 etc.

106 2842 206 2884 MS.
227 2842 334 2906 (xgr.
362 2854 555 2893 egenum
588 2838 720 2881 habet
746 2854 830 2897 pio
858 2854 995 2894 egens

108 2897 358 2955 emittitque
380 2904 496 2939 tum.

108 3026 130 3066 ι
157 2967 380 3022 peercha
463 2965 563 3011 MS.
606 2965 762 3010 Guelf.
806 2982 991 3022 pencu-

127 3039 220 3068 um.

157 3096 456 3147 pellerentur.
516 3093 601 3138 Ed.
637 3094 754 3153 Spir.
788 3097 991 3151 pellere-

108 3159 414 3263 tu‘r'dn'perec.
473 3208 579 3253 Put.
605 3209 673 3253 M.
704 3218 748 3254 et
769 3210 827 3253 V.
863 3210 993 3253 obri-

87 3262 248 3320 fieret.

475 3336 552 3381 Sic.
581 3336 682 3380 edd.
713 3335 816 3380 Put.
845 3337 914 3380 Μ.
952 3346 996 3380 et

162 3338 234 3380 cui
261 3338 400 3393 ιἠορι.

15 3443 23 3447 ⁶
106 3391 220 3436 Ven.
259 3393 469 3440 Beroald.
515 3393 613 3437 Ale.
657 3393 862 3438 Rhenan.
898 3411 995 3461 sqq.

85 3452 215 3506 quin
244 3451 376 3507 inopi
401 3450 536 3495 MSS.
570 3451 694 3494 Flor.
730 3452 848 3506 (test.
875 3452 994 3496 Viet.

108 3521 152 3552 c
175 3507 250 3564 al.)
272 3506 424 3552 Guelf.
446 3507 638 3554 etmulti
664 3508 753 3553 alii
761 3517 859 3554 test.
881 3509 995 3553 Bro-

1126 1855 1198 1895 his
1218 1861 1480 1907 [Mermotus
1531 1853 1609 1896 Sic
1623 1853 1758 1898 MSS.
1771 1855 1895 1899 Flor.
1914 1856 1965 1915 (t.

1068 1910 1110 1950 v
1114 1908 1317 1966 .)Gue1f.
1341 1910 1441 1954 edd.
1459 1909 1581 1968 spir.
1598 1911 1743 1955 Rhen.
1771 1911 1963 1969 (elsua.)
2048 1900 2050 1902 ’

1068 1982 1262 2068 5143—-
1303 1969 1804 2070 1χᾶνοᾸιίοίυ3ἕάἀ.ῒΡυὲ
1827 1971 1965 2071 Nil?

1068 2084 1178 2126 Mox
1195 2042 1296 2126 egi-a
1313 2083 1431 2141 Spir.
1453 2042 1569 2126 cneii
1592 2043 1720 2126 gigi-
1739 2044 1804 2126 gd
1829 2043 1964 2127 cexe-

1071 2145 1305 2198 quendum
1341 2142 1434 2182 vim
1469 2145 1644 2184 deesse.
1713 2140 1798 2186 MS
1832 2142 1960 2187 Flor.

1069 2199 1223 2243 scribit
1252 2199 1588 2254 exenquendti.

1127 2289 1305 2337 quanta
1349 2282 1617 2336 pervicacza
1659 2286 1710 2325 in
1761 2285 1963 2335 hostem,

1069 2346 1205 2381 tanta
1220 2347 1309 2382 etc.
1369 2338 1434 2380 Ex
1455 2339 1631 2385 emend.
1655 2340 1828 2383 Μυιεῐί
1857 2341 1959 2384 edd.

1067 2395 1189 2455 Lips.
1218 2412 1315 2454 sqq.
1345 2421 1404 2431 —-
1458 2395 1572 2438 Edd.
1606 2396 1709 2440 Put.
1739 2397 1807 2439 M.
1841 2398 1962 2442 etV

1067 2452 1277 2497 Beroald.
1307 2453 1408 2498 Alc.
1439 2452 1642 2497 Rhenan.
1676 2456 1961 2510 quantalibet

1063 2512 1329 2563 pervi'cacza
1355 2513 1404 2552 in
1432 2513 1515 2552 hoc
1542 2517 1750 2555 tentata.-
1789 2513 1957 2579 benefi-

1067 2568 1239 2610 centia
1299 2567 1384 2611 Ed.
1403 2568 1520 2625 Spir.
1545 2575 1723 2624 quanta
1740 2570 1958 2624 perui-ca

1066 2625 1142 2666 cia
1180 2626 1229 2666 in
1275 2628 1364 2668 hoc
1410 2631 1596 2668 tentata
1633 2628 1959 2694 beneficentza.

1068 2680 1298 2724 Victorius
1325 2682 1387 2724 nil
1413 2689 1568 2734 mutat,
1598 2682 1684 2726 nisi
1712 2684 1833 2750 quod
1851 2698 1958 2739 per-

1066 2739 1253 2782 viffcatza
1267 2739 1337 2782 ed.
1360 2739 1568 2783 Beroald.
1594 2741 1778 2800 corrigit
1800 2756 1957 2797 pervl-

1066 2797 1209 2844 ca0i‚a
1228 2796 1524 2851 beneficentia
1549 2813 1669 2841 corr.
1695 2799 1958 2867 beneficien-

1067 2854 1150 2896 ti.a
1204 2854 1304 2895 MS.
1320 2852 1468 2896 Guelf.
1489 2857 1779 2910 quantalibet
1795 2871 1957 2911 perut-

1066 2914 1189 2953 catn'a
1238 2912 1288 2952 in
1340 2913 1427 2952 hoc
1480 2918 1669 2954 tentata
1722 2913 1956 2970 benefitia.

1021 3003 1024 3012 ,
1067 2969 1168 3011 MS.
1183 2969 1299 3010 Bud.
1326 2975 1502 3023 quanta
1522 2971 1848 3022 pervicaciam
1869 2973 1959 3014 hoc

1065 3034 1245 3080 tempta
1277 3025 1426 3080 benef.
1484 3025 1651 3068 Eadem
1680 3027 1774 3070 fere
1795 3028 1955 3071 Brote-

1063 3084 1156 3126 rius
1180 3084 1225 3126 in
1239 3083 1375 3126 MSS.
1398 3081 1470 3124 vid
1475 3082 1556 3125 isse
1575 3084 1766 3127 videtur.
1807 3085 1954 3129 Kiess-

1065 3140 1229 3197 lingius
1266 3139 1506 3197 legendum
1537 3151 1713 3185 censet:
1752 3150 1955 3198 quanta-

1064 3199 1172 3240 libet
1193 3198 1461 3252 peruicacia
1485 3198 1537 3239 in
1557 3199 1764 3253 hostem,
1800 3206 1854 3242 at
1875 3201 1953 3243 be-

1064 3255 1163 3311 nef.
1197 3265 1284 3298 ete.
1592 3275 1596 3278 ⁴

1122 3341 1314 3395 acquin.
1403 3337 1481 3383 Sic
1519 3337 1620 3382 MS.
1659 3339 1784 3387 Flor.
1836 3340 1952 3395 (test.

1066 3395 1183 3438 Viet.
1247 3396 1316 3439 ed.
1347 3394 1378 3440 S
1412 3396 1468 3439 ir.
1502 3423 1561 3434 --
1628 3401 1721 3453 adq
1725 3398 1821 3439 uiri
1849 3397 1950 3441 edd.

1065 3453 1168 3496 Put.
1285 3412 1409 3499 etVKi
1439 3453 1649 3500 Beroald.
1677 3454 1780 3499 Ale.
1809 3454 1953 3517 Rhen.

1066 3526 1168 3568 sqq.

1500 3579 1512 3603 Χ
