2164 3990
202 288 252 324 A.
265 286 318 322 U.
331 285 415 320 8¹⁶.

198 335 251 367 A.
271 330 314 366 ε,
353 329 414 365 02,
585 287 757 349 LIB.
789 286 953 348 xlv.
1037 283 1232 346 CAP.
1261 286 1362 348 30.
1394 288 1495 348 31.
1838 292 1966 354 275

112 441 242 478 aras
293 431 354 478 εἰ
403 415 717 477 hominum
773 414 938 472 fibris
986 416 1293 473 consulere
1334 416 1475 495 deos
1517 417 1604 475 fas
1646 414 1966 488 habehant.

110 505 272 563 Haec
334 505 530 580 agenti
585 502 870 562 Suetonio
937 502 1245 577 repentina
1282 507 1287 515 ”
1315 501 1562 560 defectio
1626 507 1967 582 provinciae

109 591 436 650 nuntiatur.

276 687 502 748 XXXI.
564 685 695 745 Rex
731 683 1043 742 Icenorum
1068 682 1420 758 Prasutagus
1451 684 1626 759 longa
1661 690 1965 763 opulentia

109 777 300 833 clarus
323 773 631 833 Caesarem
657 767 968 827 haeredem
998 770 1259 846 duasque
1298 770 1447 827 filias
1482 771 1818 846 scripserat,
1860 778 1968 835 tali

46 931 47 934 Ἴ
107 860 391 938 obsequio
418 871 579 916 ratus
604 876 966 932 regnumque
993 866 1050 912 et
1082 856 1325 911 domum
1360 874 1526 912 suam
1558 859 1766 931 procul
1805 860 1968 919 iniu-

107 946 197 1002 ria
220 946 374 1003 fore:
421 945 582 1022 quod
607 953 810 999 contra
842 940 1045 1009 vertit,
1088 940 1235 995 adeo
1260 945 1327 996 u‘t
1352 960 1598 1014 regnum
1623 963 1731 1017 per
1756 958 1965 1004 centu..

105 1031 332 1100 rioneS‚
374 1030 586 1087 domus
620 1048 727 1103 per
761 1047 957 1083 servos
984 1024 1147 1081 velut
1171 1034 1337 1099 capta
1361 1037 1748 1089 vastarentur.
1836 1029 1964 1092 Iam

104 1115 364 1190 primum
402 1135 552 1171 uxor
589 1113 713 1169 eius
744 1109 1042 1168 Boudicea
1075 1109 1420 1165 verberibus
1452 1111 1676 1170 adfecta
1716 1125 1773 1172 et
1804 1116 1962 1174 filiae

107 1211 308 1275 stupro
332 1200 585 1257 violatae
610 1210 764 1258 sunt.
839 1193 1141 1271 praecipui
1167 1194 1385 1270 quique
1410 1192 1750 1269 Icenorum,
1793 1202 1964 1277 quasi

105 1297 376 1348 cunctam
440 1285 739 1358 regionem
805 1279 1041 1336 muneri
1103 1279 1487 1353 accepissent,
1554 1282 1725 1339 avitis
1786 1284 1962 1344 honis

105 1382 399 1426 exuuntur
448 1381 503 1426 et
547 1366 872 1443 propinqui
921 1365 1073 1437 regis
1119 1364 1274 1420 inter
1319 1365 1613 1441 mancipia
1659 1362 1963 1428 habeban-

102 1467 215 1515 tur.
328 1453 463 1526 Qua
512 1452 866 1509 contumelia
919 1462 974 1506 et
1017 1460 1178 1505 metu
1216 1449 1555 1521 graviorum
1590 1447 1856 1530 (quando
1892 1457 1959 1514 in

1069 1705 1121 1714 ....
1145 1677 1396 1720 Boudncca
1410 1677 1510 1721 MS.
1523 1677 1622 1723 Vat.
1642 1682 1763 1727 1863.
1822 1684 1957 1728 Bon-

1064 1738 1206 1776 dacco
1244 1734 1342 1777 MS.
1387 1735 1485 1778 Vat.
1524 1738 1645 1780 1864.
1722 1741 1959 1787 Boudicca

1063 1791 1164 1834 MS.
1199 1790 1342 1834 Vatic.
1384 1792 1507 1835 1958.
1589 1795 1824 1840 Bondicia
1853 1799 1959 1844 MS.

1064 1850 1169 1904 Agr.
1244 1849 1436 1891 Booicia
1477 1850 1579 1894 MS.
1625 1851 1776 1898 Guelf.
1865 1856 1956 1901 Sed

1061 1905 1165 1948 libri
1189 1922 1279 1947 non
1305 1915 1511 1949 constant
1537 1908 1635 1952 sibi.
1709 1911 1821 1954 Nam
1849 1912 1954 1957 infr.

1060 1979 1100 2006 c.
1130 1962 1202 2005 35.
1234 1963 1334 2006 MS.
1368 1963 1492 2007 Flor.
1529 1968 1659 2020 (test.
1686 1966 1838 2026 Vict.)
1879 1971 1955 2014 dat

1060 2021 1343 2071 Bouaucea;
1401 2021 1472 2063 ed.
1524 2021 1642 2080 Spir.
1695 2026 1957 2080 Bouducag

1059 2076 1193 2119 MSS.
1232 2075 1353 2120 Harl.
1393 2078 1476 2120 les.
1512 2078 1663 2123 Guelf.
1710 2083 1813 2128 edd.
1847 2085 1951 2129 Put.

1057 2133 1124 2174 M.
1149 2131 1260 2176 etV.
1276 2134 1375 2176 Ber.
1400 2135 1500 2177 Alc.
1522 2136 1663 2180 Rhen.
1694 2155 1791 2197 sqq.
1827 2143 1951 2185 Bou-

1055 2192 1214 2243 dicem
1246 2207 1285 2234 c.
1311 2191 1365 2234 35
1390 2201 1430 2235 et
1450 2191 1519 2235 37.
1550 2194 1649 2238 MS.
1664 2195 1794 2240 Bodl.
1818 2200 1949 2242 Boo-

159 1683 271 1727 CAP.
302 1683 372 1726 51.
449 1683 711 1725 Icenorum.
784 1680 858 1723 Sic
890 1678 990 1723 edd.

100 1741 302 1784 Rbenan.
326 1756 421 1798 sqq.
454 1739 511 1783 cf.
534 1739 598 1789 12,
620 1737 690 1781 31.
714 1746 756 1780 et
778 1737 848 1779 82.
905 1736 991 1778 Hic

102 1797 236 1841 MSS.
269 1797 385 1849 Bud.
421 1795 572 1840 Guelf.
608 1795 706 1838 edd.
730 1795 832 1837 Put.
855 1795 922 1836 M.
950 1800 991 1836 et

101 1854 156 1898 V.
191 1855 397 1898 Beroald.
436 1856 492 1907 (c.
531 1853 675 1894 silent.
713 1852 851 1907 Viet.)
886 1852 988 1894 Alc.

98 1912 365 1967 Jgenorum.
424 1912 506 1954 Ed.
534 1911 652 1967 Spir.
681 1910 990 1976 ‘Tigen-orurse,

98 1971 220 2070 3332}
239 1968 769 2084 Lssfississiisetifife⁰sffi¹ffr
782 1973 987 2064 ⁶¹¹³i¹1¹1s12

96 2084 198 2127 MS.
220 2082 366 2127 Guelf.
390 2086 676 2138 igemtorum.

154 2169 460 2223 Prasutogus.
549 2167 625 2209 Sic
676 2164 812 2208 MSS.
871 2163 985 2207 Bud.

96 2226 248 2270 Guelf.
275 2227 370 2268 edd.
399 2225 503 2267 Put.
530 2224 597 2268 Μ.
619 2231 666 2265 et
691 2221 751 2265 V.
773 2221 982 2265 Beroald.

98 2287 158 2339 (c.
181 2285 326 2327 silent.
353 2282 492 2336 Viet.)
517 2281 614 2324 Alc.
638 2279 781 2323 Rhen.
804 2295 900 2337 sqq.
929 2303 986 2311 —

89 2345 416 2398 phrasuragus
461 2338 564 2381 MS.
606 2337 715 2395 Reg.
756 2338 827 2380 ed.
867 2337 984 2396 Spir.

91 2400 423 2452 Plzrasucagus
441 2396 540 2439 MS.
565 2395 701 2439 Corb.

148 2487 307 2536 longa.
367 2481 422 2523 H.
447 2496 483 2522 e.
512 2477 744 2528 diuturna,
784 2476 980 2531 antiqua.

92 2540 262 2600 Lipsius
283 2539 447 2582 frustra
471 2535 665 2580 coniecit
687 2537 836 2589 longe.

94 2619 100 2622 ”
147 2637 433 2679 regnumque
449 2629 491 2662 et
502 2624 708 2662 domum.
759 2619 832 2662 Sic
844 2618 982 2662 MSS.

89 2682 216 2784 {¹⁰3
242 2686 352 2781 (ἓξ
378 2678 528 2780 ἒῖἶῖῗιῗ
556 2675 835 2776 Ῑῗςῒαθῗὲἳ)
857 2676 982 2776 ἶῗὲ·

91 2756 415 2855 8ζὶι·..Ει·ιιὲ,ςῐ.
449 2767 546 2850 sqq.
580 2815 638 2824 —-
679 2750 900 2844 ‘regnum
937 2767 982 2833 ei

89 2858 284 2896 domum
307 2851 406 2894 edd.
427 2851 528 2893 Put.
547 2850 612 2893 M.
634 2858 676 2892 et
695 2849 746 2891 V.
773 2847 979 2891 Beroald.

92 2915 155 2968 (c.
182 2909 326 2954 silent.
352 2908 492 2962 Vict.)
518 2909 617 2951 Ale.
642 2906 786 2949 Rhen.
808 2922 907 2964 sqq.

147 3009 269 3036 uxor
291 2994 398 3034 eins.
457 2991 533 3034 Sic
551 2990 685 3033 MSS.
708 2990 831 3032 Flor.
861 2990 975 3044 (test.

91 3051 209 3095 Viet.
237 3067 273 3094 c.
297 3048 373 3103 al.)
397 3049 536 3102 Corb.
564 3048 662 3091 edd.
686 3047 805 3104 Spir.
839 3055 882 3089 et
910 3064 976 3089 re-

90 3108 326 3152 centiores.
386 3105 426 3149 A
451 3103 584 3148 MSS.
605 3104 725 3148 Harl.
744 3104 875 3147 Bodl.
894 3105 974 3147 les.

89 3165 206 3209 Bud.
238 3164 341 3207 edd.
375 3162 476 3205 Put.
511 3163 578 3205 M.
613 3170 654 3204 et
680 3162 731 3204 V.
764 3161 972 3204 Beroald-

90 3221 191 3266 Ale.
225 3222 369 3265 Rhen.
411 3221 532 3261 abest
576 3234 829 3277 pronomen
866 3221 976 3271 eius,

91 3279 210 3336 quod
239 3281 285 3322 in
311 3275 410 3319 MS.
440 3275 590 3319 Guelf.
624 3275 852 3319 recentior
882 3293 973 3320 ma·

91 3352 174 3379 nus
195 3334 377 3378 addidit.

147 3419 400 3466 Boudicca.
463 3417 688 3460 Boodicia
699 3414 833 3461 MSS.
846 3415 971 3462 Flor.

90 3477 205 3528 (test.
236 3475 354 3518 Viet.
393 3492 431 3519 c.
460 3475 534 3532 al.)
566 3473 680 3517 Bud.
715 3473 815 3517 edd.
848 3472 967 3531 Spir.

89 3531 193 3575 Put.
218 3532 283 3575 M.
305 3542 347 3576 et
371 3532 427 3576 V.
448 3533 550 3576 Ber.
573 3531 672 3577 Alc.
697 3530 841 3574 Rhen.
860 3531 968 3575 Ald.

80 3600 147 3626 '—-·
172 3589 393 3633 Booditia
420 3589 555 3634 MSS.
579 3587 705 3631 Harl.
728 3587 859 3633 Bodl.
885 3589 968 3633 les.

1056 2252 1200 2290 dicea.
1263 2248 1318 2290 Et
1341 2265 1436 2306 cap.
1467 2249 1532 2293 37.
1558 2252 1657 2294 MS.
1684 2253 1806 2297 Flor.
1833 2257 1948 2310 (test.

1058 2306 1201 2361 Vict.)
1236 2306 1505 2359 Bounimon,-
1556 2309 1627 2351 ed.
1660 2309 1780 2366 Spir.
1814 2314 1948 2355 Bon-

1056 2364 1199 2405 dicca.
1271 2362 1481 2420 Denique
1518 2366 1562 2407 in
1596 2366 1684 2409 vita
1713 2367 1951 2424 Agricolae

1057 2435 1097 2462 c.
1125 2419 1191 2460 16.
1226 2419 1326 2461 libri
1360 2421 1531 2463 variant
1560 2421 1674 2464 inter
1698 2425 1948 2477 Voadicca,

1056 2477 1307 2527 Vouducu,
1341 2477 1562 2522 Voadica.
1629 2479 1768 2523 Dioni
1801 2482 1870 2529 62.
1903 2486 1947 2534 Ξ,

1055 2533 1207 2574 eadem
1243 2532 1408 2575 femina
1440 2533 1607 2577 dieitur
1632 2539 1944 2599 Βουνδουΐκα,

1054 2588 1175 2632 nulla
1199 2589 1419 2632 librorum
1449 2593 1670 2637 varietate.
1731 2595 1782 2639 ln
1810 2614 1941 2642 num-

1053 2663 1127 2688 mo
1152 2646 1372 2704 quodam,
1409 2648 1536 2691 cuius
1560 2650 1607 2692 fit
1631 2653 1801 2696 mentio
1825 2655 1945 2713 apud

1053 2705 1306 2770 ῥ’ραηῖιενη.
1330 2705 1384 2746 de
1397 2703 1458 2770 U.
1473 2715 1513 2748 et
1529 2705 1602 2750 Pr.
1632 2707 1685 2751 N.
1705 2710 1747 2760 l,
1772 2727 1815 2768 p.
1833 2715 1944 2762 557..

1052 2769 1258 2818 mvema
1297 2769 1361 2803 est
1426 2763 1561 2805 lnscri
1597 2764 1659 2807 tio
1723 2771 1942 2815 Βοοτικα.

1053 2817 1182 2861 Alius
1216 2833 1428 2862 nummus
1464 2780 1593 2877 apudJ
1606 2822 1831 2870 Pellerin.
1856 2828 1942 2871 Re·

1052 2874 1165 2917 cueil
1201 2874 1254 2916 de
1288 2874 1411 2918 Med.
1447 2885 1532 2920 etc.
1579 2877 1614 2922 I.
1660 2896 1702 2937 p.
1736 2882 1808 2926 34.
1854 2886 1944 2929 fert

1050 2932 1288 2974 Pooctzka.
1380 2931 1432 2974 In
1467 2942 1589 2977 tanta
1620 2935 1841 2983 librorum
1877 2943 1942 2985 in·

1050 2990 1297 3032 constantia
1328 2988 1609 3048 aliorumque
1638 2996 1939 3041 monimento·

1047 3061 1150 3088 rum
1186 3048 1371 3103 penuria
1399 3047 1653 3105 adrogantis
1678 3061 1790 3094 esset
1822 3055 1935 3098 certi

1047 3103 1154 3160 quid
1186 3111 1393 3146 statuere.
1463 3103 1639 3161 Sequor
1666 3107 1799 3164 igitur
1827 3114 1936 3156 seri·
2002 3148 2004 3150 .

1046 3169 1223 3219 pturam
1238 3160 1284 3201 in
1302 3158 1524 3217 plerisque
1543 3162 1594 3204 ed
1604 3162 1646 3206 d.
1665 3175 1852 3211 reeentt.
1866 3185 1933 3212 re·

1044 3226 1216 3276 pertam
1229 3249 1241 3267 ,
1269 3232 1381 3274 quae
1397 3232 1542 3274 nuper
1559 3219 1688 3263 etiam
1703 3220 1932 3269 Walchio

1287 3273 1532 3317 Oberlinus
1555 3292 1657 3319 cum
1680 3277 1860 3338 Bipont.
1887 3293 1933 3329 et

1043 3275 1224 3389 {3¹:333
1241 3330 1286 3373 in
1309 3330 1422 3372 nist.
1440 3331 1573 3398 Angl.
1599 3332 1781 3380 dederat
1796 3339 1928 3383 Boa-

1043 3389 1213 3454 diem,-
1237 3387 1360 3444 quod
1393 3403 1417 3430 a
1446 3387 1570 3435 libris
1601 3391 1771 3438 nullam
1797 3394 1931 3444 habet

1043 3452 1369 3490 auetontatem.
1923 3448 1925 3451 ’

1075 3529 1336 3599 ’prqeci'pui
1350 3530 1531 3587 quique.
1589 3530 1671 3579 Ed.
1686 3532 1804 3595 Spir.
1823 3550 1928 3590 pre-

1042 3602 1161 3643 οιρω
1186 3599 1390 3641 quasque.

1208 3645 1333 3703 82
