2164 3990
197 244 238 288 A
262 251 316 287 U.
328 217 412 284 851.

197 293 311 333 mc.
349 293 412 328 48.
489 302 503 318 =

623 245 931 313 LIRXI.
1005 250 1200 314 CAP.
1229 253 1330 314 31.
1361 255 1461 315 32.
1814 246 1833 256 Χ
1887 255 1970 316 53

111 400 231 446 tam
256 385 530 443 arborem
561 382 873 438 connisum
899 380 1423 455 interrogantibuS,
1465 383 1611 460 quid
1643 386 1966 460 aspiceret?

109 469 472 546 respondisse
501 477 900 542 tempestatem
920 467 993 522 ab
1019 462 1190 525 Ostia
1223 467 1508 538 atrocem,
1551 469 1671 524 sive
1695 485 1962 546 coeperat

112 577 176 614 ea
202 554 447 632 specieS‚
491 572 595 608 seu
618 554 768 608 forte
799 552 959 626 lapsa
986 572 1101 608 vox
1123 550 1186 607 in
1211 554 1578 629 praesagium
1603 555 1798 614 vertit.

276 635 530 696 XXXII.
594 635 733 693 Non
770 657 978 694 rumor
1014 637 1267 707 interea,
1323 638 1426 693 sed
1460 638 1731 714 fundique
1761 642 1959 699 nuntii

108 726 422 792 incedunt,
465 721 568 797 qui
593 741 774 794 gnara
796 718 1046 797 Claudio
1075 734 1282 779 cuncta
1309 734 1365 779 et
1388 723 1592 779 venire
1618 737 1960 800 promptum

105 809 322 868 ultioni
340 809 653 866 adferrent.
740 804 928 880 Igitur
952 804 1293 880 Messallina
1317 806 1699 865 Lucullianos
1723 810 1785 865 in
1816 806 1957 867 hor-

104 908 224 964 ῐοε,
261 893 442 952 Silius
470 892 894 948 dissimulando
926 903 1090 947 metu
1113 893 1188 948 ad
1225 893 1429 948 munia
1459 894 1576 950 sori
1613 895 1958 968 digrediun-

104 992 222 1041 tur.
308 977 510 1036 ceteris
532 977 749 1052 passim
774 977 1173 1033 dilabentibus
1198 979 1436 1033 adfuere
1461 980 1833 1036 centuriones
1860 981 1954 1036 in-

102 1067 342 1140 ditaque
369 1074 506 1119 sunt
532 1062 723 1118 vincla
741 1107 758 1130 ,
799 1072 866 1117 ut
892 1060 1023 1136 quis
1048 1063 1450 1136 reperiebatur
1480 1064 1545 1119 in
1578 1065 1817 1140 publico
1854 1078 1954 1123 aut

101 1170 208 1226 per
239 1150 507 1205 latebras,
594 1145 935 1202 Messallina
974 1157 1200 1215 tamen,
1244 1168 1583 1224 quanquam
1616 1170 1709 1206 res
1744 1151 1955 1207 adver-

103 1254 196 1291 sae
232 1233 547 1309 consilium
579 1231 928 1299 eximerent,
971 1231 1056 1287 ire
1082 1232 1321 1288 obviam
1356 1244 1412 1289 et
1445 1234 1624 1308 aspici
1657 1248 1690 1292 a
1725 1237 1955 1306 marito,

101 1319 261 1396 quod
299 1337 466 1393 saepe
503 1316 832 1371 subsidium
861 1310 1187 1387 habue1·at‚·¹
1214 1313 1376 1374 haud
1411 1319 1664 1391 segniter
1697 1319 1953 1378 intendit

99 1404 413 1481 iussitque,
463 1413 531 1459 ut
551 1398 930 1458 Britannicus
961 1412 1017 1458 et
1055 1397 1306 1460 Octavia
1342 1403 1407 1459 in
1439 1405 1810 1480 complexum
1845 1427 1952 1483 pa—

882 1629 992 1673 Vid.
1063 1631 1184 1674 unde
1216 1632 1290 1676 ille
1318 1632 1485 1686 hausit,
1535 1650 1559 1678 e
1590 1633 1731 1677 Dion.
1771 1635 1840 1687 60,
1876 1635 1947 1679 31.

1062 1688 1125 1732 ef.
1149 1698 1247 1733 not.
1269 1692 1324 1734 ad
1350 1707 1392 1734 c.
1414 1693 1456 1735 1.

1116 1763 1291 1803 hortos.
1347 1760 1464 1804 Edd.
1489 1761 1616 1816 Spir.
1630 1761 1700 1804 M.
1727 1769 1770 1804 et
1781 1761 1838 1804 V.
1867 1763 1948 1804 Be-

1059 1817 1199 1860 roald.
1231 1822 1357 1872 (cum
1390 1817 1459 1860 sil.
1484 1818 1630 1872 Viet.)
1669 1818 1772 1862 Alc.
1802 1819 1947 1863 Rhen.

102 1633 314 1677 Vectium
361 1629 520 1686 scripsi
566 1630 795 1673 Vettium.

100 1699 197 1733 not.
221 1690 277 1732 ad
302 1687 366 1739 15,
386 1687 426 1730 3.

500 1743 585 1787 Ed.
628 1743 747 1801 Spir.
800 1759 840 1786 c.
885 1743 986 1787 MS.

156 1747 418 1796 connisum.

100 1802 252 1846 Guelf.
275 1803 381 1855 (sec.
406 1803 489 1856 m.)
528 1805 794 1843 conm'xum.
866 1800 985 1843 Edd.

100 1861 206 1904 Put.
230 1860 296 1901 M.
319 1867 362 1901 et
383 1857 439 1902 V.
469 1860 757 1899 conm‘ssmn.

155 1922 382 1970 coeperat.
465 1915 540 1959 Sic
579 1915 682 1956 edd.
723 1914 842 1968 Spir.
879 1911 985 1958 Put.

96 1975 168 2018 M.
190 1982 232 2016 et
244 1973 301 2015 V.
323 1972 533 2014 Beroald.
559 1975 619 2027 (e.
642 1969 864 2028 sil.Viet.)
882 1971 986 2015 Alc.

94 2031 243 2074 Rhen.
268 2039 311 2074 et
331 2029 468 2072 MSS.
492 2029 603 2084 Reg.
627 2028 709 2071 les.
770 2027 920 2086 Vulgo
946 2044 985 2070 c.

96 2089 195 2132 MS.
225 2086 373 2130 Guelf.
407 2086 542 2128 edunt
573 2094 754 2141 ceperat
783 2088 867 2140 (sc.
893 2085 984 2129 ani-

96 2151 242 2199 mum)
276 2143 428 2202 Lipsio
461 2151 657 2186 auctore.
739 2143 855 2187 Sane
885 2158 982 2199 per-

93 2211 324 2246 mutantur
350 2201 602 2257 saepissime
637 2201 683 2242 in
719 2208 823 2243 vett.
856 2199 982 2242 libris

94 2261 222 2314 coepi
241 2269 284 2302 et
303 2258 425 2313 cepi;
453 2257 557 2300 huic
577 2266 727 2300 tamen
749 2258 851 2300 loco
877 2271 982 2299 coe-

88 2324 230 2374 perat
256 2315 321 2374 (h.
343 2332 383 2358 e.
410 2314 652 2369 exstiterat)
681 2314 854 2373 egregie
875 2331 982 2359 eon-

93 2373 234 2419 venit.
437 2387 442 2396 ¹

152 2431 264 2475 CAP.
291 2429 360 2472 32.
419 2429 652 2471 incedunt.
722 2428 781 2470 H.
811 2444 854 2470 e.
884 2435 985 2470 tre-

12 2488 23 2501 ⁸
94 2497 173 2532 ten
206 2487 303 2544 auf.
362 2487 423 2530 cf.
462 2493 559 2529 not.
593 2486 647 2528 ad
682 2487 721 2537 1,
744 2477 818 2527 35.
878 2486 983 2528 Per-

93 2562 246 2605 peram
272 2543 479 2587 Heinsius
502 2544 709 2586 censebat
731 2542 983 2585 tollendum

92 2606 333 2651 incedunt,
392 2599 467 2644 vel
503 2601 686 2642 intendi
725 2599 981 2655 legendum.

93 2660 186 2704 Pro
227 2658 476 2715 adferrent
506 2657 611 2701 MS.
649 2656 803 2700 Guelf.
841 2658 977 2711 offer—

93 2725 217 2761 rent.

150 2787 317 2828 gnara.
393 2772 512 2816 Edd.
543 2770 718 2814 Puteol.
748 2771 817 2814 M.
851 2781 894 2815 et
921 2770 980 2814 V.

93 2845 459 2930 ‘Wlecclt-llt'cznos.
519 2884 656 2929 MSS.
694 2885 821 2929 Flor.
861 2885 979 2951 (test.

94 2944 214 2990 Vict.
251 2961 354 2987 cuni
384 2943 533 2998 Pich.)
565 2942 719 2986 Guelf.
758 2942 829 2985 ed.
862 2943 980 2999 Spnr.

93 3002 373 3044 Fucilianos.
463 3001 539 3043 Sic
588 3008 631 3043 et
671 2999 809 3043 MSS.
862 2999 978 3055 apud

93 3059 366 3102 Broterium.
433 3058 536 3100 MS.
572 3056 690 3101 Bud.
719 3055 977 3111 fulciano&

92 3115 230 3159 MSS.
271 3115 336 3158 Re
372 3119 384 3159 ὲ
429 3123 471 3156 et
505 3113 661 3171 Agric.
692 3113 978 3156 Lucilianos.

93 3171 206 3217 Infr.
243 3187 283 3216 c.
315 3129 385 3215 ἓξ.
419 3171 555 3214 MSS.
581 3172 707 3214 Flor.
730 3171 840 3239 Reg.
863 3170 978 3227 Agr.

95 3228 165 3272 ed.
195 3229 312 3286 Spir.
341 3228 614 3279 Lucilianis,
643 3254 702 3262 —-
729 3228 832 3270 MS.
857 3227 978 3270 Bud.

93 3283 324 3329 Luciam's.
381 3284 592 3342 Utroque
615 3284 717 3327 loeo
746 3284 848 3327 edd.
870 3284 978 3335 Put.

94 3341 165 3384 M.
187 3350 230 3386 et
248 3342 310 3386 V.
334 3341 576 3386 Lucillian.
632 3340 747 3384 Edd.
770 3340 977 3385 Beroald.

98 3395 201 3440 Ale.
246 3398 389 3446 Rhen.
426 3398 754 3449 Lucullianos,
811 3414 980 3455 eosque

96 3452 252 3498 hortos
276 3471 366 3499 esse
392 3455 708 3512 intelligendos
737 3454 840 3498 satis
873 3471 980 3498 con·

97 3518 180 3555 stat
202 3527 226 3554 e
244 3509 404 3560 Ioann.
425 3512 638 3558 Antioch.
673 3512 727 3556 ab
764 3512 980 3570 interpre-

100 3566 219 3613 tibus
270 3568 470 3620 laudato,
529 3578 625 3614 tum
683 3569 982 3629 potisdmum,

1057 1882 1197 1916 ortos.
1262 1875 1322 1918 cf.
1346 1883 1444 1917 not.
1466 1874 1519 1917 ad
1544 1892 1586 1919 c.
1611 1877 1653 1920 1.

1112 1945 1453 1987 ἀιὶςεῠηυῖαηάο
1495 1952 1641 1990 metu.

1720 1946 1797 1990 Sic.
1847 1947 1946 1990 edd.

1056 2001 1176 2059 Spir.
1202 2002 1306 2044 Put.
1336 2006 1400 2046 5³.
1424 2011 1466 2045 et
1488 2002 1548 2047 V.
1579 2003 1786 2047 Beroald.
1822 2004 1943 2059 (cum

1055 2058 1232 2102 silentio
1265 2059 1406 2115 Vict.)
1453 2059 1558 2104 Alc.
1598 2060 1801 2104 Rhenan.
1843 2077 1943 2118 sqq.

1053 2118 1392 2159 dissimulando
1416 2126 1597 2159 metum
1613 2119 1750 2162 MSS.
1765 2119 1887 2167 Bud„
1902 2128 1944 2161 et

1055 2174 1178 2216 Flor.
1205 2174 1320 2228 (test.
1350 2175 1440 2218 Iac.
1465 2174 1743 2227 Gronovio).
1804 2177 1944 2235 disse}-

1053 2235 1234 2273 mutato
1253 2231 1355 2275 MS.
1381 2230 1539 2275 Guelf.
1599 2233 1658 2276 cf.
1685 2234 1752 2282 15,
1772 2233 1843 2276 69.

1535 2316 1613 2360 Sic
1662 2317 1767 2360 MS.
1817 2317 1942 2360 Flor.

1055 2373 1174 2424 (test.
1198 2372 1318 2416 Viet.
1357 2389 1460 2416 cum
1491 2373 1642 2427 Pieh.)
1684 2373 1786 2415 edd.
1821 2373 1941 2431 Spir.

1052 2429 1183 2472 Pich.
1205 2446 1306 2488 sqq.
1385 2431 1643 2484 digreditur
1666 2430 1764 2473 MS.
1791 2429 1941 2473 Guelf.

1054 2486 1154 2529 edd.
1187 2487 1290 2531 Put.
1323 2487 1390 2532 M.
1421 2497 1463 2531 et
1500 2488 1552 2531 V.
1592 2488 1802 2531 Beroald.
1837 2487 1940 2531 Alc.

1053 2542 1201 2587 Rhen.
1222 2560 1325 2601 sqq.

1108 2616 1428 2658 dilabentibus.
1521 2616 1598 2660 Sic
1636 2616 1770 2660 MSS.
1814 2615 1940 2660 Flor.

1053 2672 1104 2723 (t.
1123 2671 1199 2723 V.)
1229 2670 1381 2715 Guelf.
1409 2673 1510 2716 edd.
1532 2674 1649 2731 Spir.
1677 2673 1818 2715 Rhen.
1844 2689 1942 2731 sqq.

1047 2757 1105 2764 -
1128 2728 1243 2771 Edd.
1266 2729 1451 2774 PunM.
1474 2740 1516 2773 et
1531 2729 1587 2773 V.
1608 2731 1814 2774 Beroald.
1837 2731 1940 2774 Alc.

1054 2788 1397 2830 dillabentibus.

1108 2856 1318 2911 adsuere.
1387 2855 1464 2900 Sic
1497 2855 1634 2901 MSS.
1667 2859 1790 2901 Flor.
1823 2861 1940 2910 (test.

1054 2914 1191 2969 vict.)
1215 2912 1364 2956 Guelf.
1398 2942 1456 2948 —
1511 2915 1684 2968 affuere
1707 2917 1806 2957 edd.
1835 2915 1938 2958 Put.

1051 2971 1117 3070 hili.
1133 2970 1242 3070 egV.
1256 2972 1357 3013 Ber.
1376 2971 1472 3013 Ale.
1485 2971 1629 3014 Rhen.
1683 2972 1941 3027 adfuerunt

1051 3044 1074 3070 ε
1109 3045 1277 3149 bg'nlcllct.
1352 3097 1430 3140 Sic
1460 3097 1598 3141 MSS.
1626 3098 1749 3143 Flor.
1789 3101 1838 3155 (t.
1857 3101 1940 3156 ,V.)

1053 3154 1201 3198 Guelf.
1274 3156 1460 3196 vincula
1482 3155 1583 3198 edd.
1609 3157 1723 3215 Spir.
1748 3158 1849 3201 Put.
1873 3160 1940 3203 M.

1052 3221 1093 3256 et
1110 3212 1163 3254 V.
1190 3211 1401 3255 Beroald.
1431 3212 1533 3256 Alc.
1557 3212 1702 3257 Rhen.
1729 3231 1828 3273 sqq.

1111 3284 1388 3324 eximerent.
1449 3282 1527 3325 Sic
1559 3283 1695 3328 MSS.
1731 3286 1852 3330 Flor.
1891 3290 1938 3331 (t.

1050 3338 1169 3382 vict.
1197 3357 1235 3382 c.
1258 3339 1335 3393 21.)
1372 3339 1483 3382 uua.
1515 3340 1624 3398 Agr.
1654 3342 1803 3386 Guelf.
1823 3333 1935 3401 neg.

1050 3398 1185 3440 Bodl.
1213 3397 1311 3439 edd.
1337 3397 1366 3439 S
1400 3397 1452 3441 ir.
1474 3396 1650 3442 Ernest.
1673 3416 1740 3457 sq(
1757 3431 1767 3442 .
1829 3403 1934 3443 adi-

1052 3460 1228 3496 merent
1250 3453 1350 3496 edd.
1409 3462 1472 3498 ut.
1498 3458 1565 3499 M.
1592 3465 1634 3499 et
1649 3456 1703 3501 V.
1734 3417 1939 3502 beroam.

1051 3511 1153 3554 Alc.
1190 3510 1335 3555 Rhen.
1371 3528 1469 3569 sqq.
1538 3512 1615 3559 Sic
1655 3517 1693 3567 l,
1727 3514 1799 3559 32.
1832 3517 1936 3559 exi—

1055 3583 1185 3612 mere
1208 3572 1541 3614 constantiam.

1110 2316 1446 2370 digrediuntur.
