2164 3990
202 231 253 268 A.
271 230 322 266 U.
340 230 428 266 812.

202 276 255 312 A.
271 274 317 310 C.
366 274 427 308 59.

587 229 760 290 LIB.
790 227 959 288 XIII.
1031 226 1224 290 CAP.
1258 220 1360 291 52.
1382 230 1484 293 53.
1838 233 1964 295 217

284 361 418 423 LII.
489 358 650 419 Reos
684 357 1092 434 exprovincia
1121 355 1375 430 Africa,
1403 361 1510 438 qui
1547 368 1966 438 proconsulare

119 448 437 527 imperium
482 446 612 501 illic
662 439 1031 514 habuerunt,
1099 444 1431 521 Sulpicium
1471 443 1856 510 Camerinum
1913 468 1971 515 et

117 533 516 611 Pomponium
539 529 851 588 Silvanum
883 529 1134 586 absolvit
1156 528 1400 600 Caesar,
1442 530 1826 595 Camerinum
1861 542 1971 597 ad..

117 640 319 680 versus
341 619 603 695 privatos
630 626 686 672 et
706 634 921 690 paucos
946 615 1218 673 saevitiae
1243 617 1428 690 magis
1454 639 1631 695 quam
1665 633 1970 697 captarum

118 706 502 784 pecuniarum
551 701 799 758 crimina
836 700 1193 760 obiicienteS.
1290 701 1600 761 Silvanum
1616 724 1845 781 ¹magna
1878 711 1971 768 vis

117 801 521 850 accusatorum
549 787 1007 844 circumsteterat
1030 787 1420 863 poscebatque
1452 800 1681 865 tempus
1717 813 1973 852 evocan-

117 879 333 935 dorum
357 875 618 932 testium:
661 891 795 929 reus
823 872 983 928 illico
1012 872 1249 928 defendi
1272 874 1630 948 postulabat,
1668 879 1974 958 valuitque

116 962 435 1039 pecuniosa
468 959 719 1016 orbitate
756 968 812 1013 et
848 967 1103 1025 senecta,
1148 978 1326 1032 quam
1362 960 1519 1017 ultra
1547 962 1730 1034 vitam
1764 984 1970 1025 eorum

118 1047 429 1124 produxit,
472 1064 727 1122 quorum
754 1042 981 1099 ambitu
1014 1054 1291 1103 evaserat.

286 1143 449 1205 LIII.
515 1142 766 1216 Quietae
791 1142 866 1198 ad
902 1141 966 1196 id
1003 1151 1232 1216 tempus
1267 1161 1360 1198 res
1397 1142 1463 1198 in
1487 1141 1807 1205 Germania
1840 1149 1973 1208 fue-

118 1244 255 1295 rant
286 1230 525 1305 :ingenio
565 1229 810 1296 ducum,
863 1226 969 1302 qui
999 1227 1357 1301 pervulgatis
1393 1227 1684 1306 triumphi
1718 1231 1973 1310 insigni-

119 1319 232 1375 bus
266 1317 457 1373 maius
493 1334 559 1370 ex
588 1333 656 1368 eo
683 1314 860 1369 decus
886 1312 1226 1386 sperabant,
1270 1313 1321 1368 si
1342 1334 1543 1388 pacem
1567 1317 1973 1379 continuavis-

119 1413 264 1462 sent.
362 1399 672 1457 Paullinus
712 1396 1030 1473 Pompeius
1085 1409 1142 1455 et
1181 1396 1252 1457 L.
1296 1395 1483 1457 Vetus
1525 1421 1591 1458 ea
1634 1413 1974 1481 tempestate

117 1653 264 1689 terum
281 1641 426 1698 cogita
443 1639 497 1682 de
518 1637 735 1706 frumenti
757 1620 1007 1705 subvectio·
1079 1641 1350 1698 transtulit3
1388 1641 1430 1692 6,
1452 1641 1522 1686 32.
1544 1643 1628 1686 sub
1651 1660 1692 1689 v,
1711 1647 1944 1705 ⁴imposuit
1962 1671 1972 1680 .

119 1717 203 1752 ne,
232 1715 346 1758 quae
370 1715 393 1742 e
422 1698 664 1755 provinciis
697 1704 1007 1740 transmarinis
1079 1699 1147 1746 12,
1172 1698 1242 1741 31.
1276 1698 1357 1742 sub
1392 1716 1432 1743 v.
1462 1702 1751 1749 restiterunt:
1822 1688 1971 1754 Restiss

119 1758 254 1802 fiebat
289 1757 507 1805 Romam,
565 1770 713 1810 neque
753 1754 807 1797 de
836 1752 910 1796 illa
941 1767 1004 1804 re,

120 1831 233 1874 quae
258 1812 402 1871 agitur
423 1813 531 1869 Agr.
559 1828 598 1855 c.
619 1812 687 1855 19.
746 1811 863 1854 Nam
892 1812 1004 1854 sub-

117 1873 264 1916 vectio
287 1869 519 1930 proprium
545 1877 612 1912 est
633 1869 820 1912 verbum
853 1868 907 1910 de
933 1884 1009 1913 ve-

119 1938 247 1976 ctura
297 1935 631 1970 commeatuum
678 1934 721 1969 et
758 1926 1008 1968 frumento·

117 2003 221 2030 rum
253 1985 479 2040 (Zusuhr,
518 1985 825 2039 Transport)‚
875 1991 917 2026 et
951 1982 1006 2024 de

117 2041 358 2089 frumentis
377 2041 571 2084 Romam
591 2039 893 2086 subvehendis
918 2054 1007 2082 ser·

115 2116 302 2154 monem
327 2115 421 2142 esse
436 2107 554 2157 patet
575 2114 598 2141 e
613 2097 834 2142 vocabulo
855 2105 1007 2139 trans·

117 2159 416 2202 marinarum
432 2155 784 2214 provinciarum.
824 2154 871 2197 Si
887 2154 1008 2197 enim

116 2205 383 2274 temp'eratio
430 2213 506 2258 illa
555 2213 691 2256 fuerit
736 2211 1008 2256 beneficium

117 2274 172 2318 ad
188 2273 444 2332 provincias
457 2272 503 2314 in
519 2271 777 2313 universum
791 2278 1010 2327 spectans,

116 2339 167 2375 ut
197 2329 380 2374 abolitio
425 2328 785 2387 quadragesimae
822 2335 864 2370 et
898 2341 1010 2383 quae

117 2397 221 2434 ante
254 2386 371 2430 dieta
398 2395 526 2433 sunt,
558 2385 709 2441 quaeri
740 2384 896 2434 debet,
928 2398 1010 2431 our

117 2444 336 2489 frumenti
382 2442 613 2487 subvectio
661 2449 904 2498 temperata
954 2441 1011 2483 sit

117 2511 292 2547 tantum
347 2500 467 2560 apud
511 2499 868 2543 transmarinas
908 2513 1012 2555 pro-

118 2560 304 2611 vincias,
333 2556 574 2603 nec'simul
590 2557 706 2615 apud
730 2571 886 2602 omnes
908 2569 1010 2612 pro-

119 2617 304 2664 vincias.
349 2614 554 2659 Verbum
575 2621 722 2658 autem
745 2618 1009 2667 temperata

120 2675 308 2719 minime
341 2672 655 2731 accipiendum
689 2680 755 2715 est
788 2670 842 2712 de
869 2668 1009 2712 demi-

121 2733 332 2783 nutione,
366 2731 446 2782 ‚sed
473 2731 526 2773 de
547 2729 722 2772 ratione
746 2727 802 2773 ad
833 2735 1008 2771 certum

122 2789 311 2834 modum
341 2787 572 2845 redigendi
598 2803 713 2830 rem.
773 2775 931 2842 Cogita
954 2784 1010 2826 de

122 2845 305 2892 sublatis
344 2854 549 2888 vecturae
589 2852 632 2886 et
675 2842 913 2899 emptionis
944 2841 1011 2888 in'-

125 2901 397 2953 commodis,
448 2917 559 2959 quae
593 2899 824 2958 publicani
870 2914 1011 2942 creas-

124 2969 235 3005 sent.
296 2959 411 3002 Nam
443 2968 535 3001 arte
563 2958 671 3001 haec
696 2973 803 3002 cum
828 2972 1013 3013 sequen·

124 3019 241 3061 tibus
291 3016 554 3067 cohaerent,
613 3015 806 3072 ideoque
852 3013 1012 3056 sustuli

124 3074 300 3133 plenam
335 3072 668 3116 distinctionem
711 3080 814 3130 post
846 3073 1010 3116 subve-

99 3148 107 3154 ³
125 3132 231 3181 ctio.
292 3130 363 3173 De
389 3130 758 3184 negotiatoribus
790 3128 851 3174 cf.
875 3128 918 3182 2,
939 3127 1011 3190 87.

127 3188 196 3242 14,
219 3187 290 3232 33.

182 3271 293 3316 CAP.
315 3272 384 3315 52.
442 3273 726 3314 habuerunt.
785 3269 861 3316 Sic
879 3269 1014 3315 MSS..

128 3336 171 3373 et
191 3338 294 3373 vett.
321 3329 423 3373 edd.
483 3328 725 3371 Rhenanus
752 3343 801 3370 ex
831 3326 1014 3386 ingenio

129 3386 249 3430 dedit
261 3389 531 3435 habuerant,
548 3385 669 3444 quod
683 3383 842 3429 deinde
855 3401 1011 3433 omnes

129 3443 383 3501 vulgavere.
442 3444 553 3487 Sed
595 3441 817 3502 ἀορίστως
846 3442 1013 3486 Noster

129 3499 315 3602 {cg-ipsi}²
333 3503 611 3600 habueruntt.
671 3499 730 3600 {f-
744 3508 858 3603 61120t.
894 3499 950 3602 ἷά
975 3500 1012 3551 1,

190 3587 201 3600 .
235 3574 284 3601 su
350 3575 393 3605 v.
424 3573 586 3613 εονιρει
619 3576 633 3610 ,·
705 3588 718 3607 ,
806 3589 817 3602 .
852 3573 903 3603 su
965 3573 1011 3603 v.

1075 1756 1141 1798 tui
1169 1765 1362 1801 veterem
1387 1756 1687 1816 scripturan13
1725 1779 1831 1807 nam
1862 1773 1974 1812 tem.

1078 1829 1163 1872 pus
1204 1813 1436 1872 relativum
1470 1817 1607 1866 etiam,
1649 1819 1704 1861 ab
1736 1818 1830 1866 vhoc
1865 1821 1972 1869 loeo

1081 1870 1276 1913 alienum
1300 1879 1376 1922 est,
1408 1881 1451 1915 et
1473 1888 1554 1930 per
1572 1869 1971 1927 <se⁴constai1ive1½

1078 1927 1159 1970 bat
1191 1929 1272 1984 qui
1291 1960 1303 1972 .
1319 1960 1330 1971 .
1345 1960 1357 1971 .
1383 1929 1663 1976 habuerunt.
1727 1938 1729 1940 “
1912 1941 1914 1944 ’

1099 2020 1108 2024 ·
1137 1999 1407 2051 Sulpicium..
1459 1999 1546 2044 Ed.
1563 1999 1680 2060 Spir.
1699 2004 1972 2061 suplicium.

1076 2055 1188 2100 Mox
1200 2057 1306 2102 MS.
1321 2056 1471 2103 Guelf.
1486 2060 1796 2113 pecuniarum
1815 2062 1975 2124 copta..

1078 2128 1202 2158 rum.

1079 2186 1761 2307 M}?'v“2‘t‘.⁷“1⁶8'64.‘.{2³¹2¹21¹.³sss?5
1786 2195 1917 2243 ³¹³&
1947 2215 1974 2244 ³

1137 2329 1264 2385 ultra
1297 2329 1448 2372 vitam
1481 2346 1668 2376 eorum.
1729 2335 1805 2381 Sic
1834 2338 1974 2386 MSS.

1079 2383 1204 2427 Flor.
1229 2386 1338 2438 (sec.
1366 2387 1513 2431 collat.
1530 2388 1565 2431 Γ.
1582 2387 1813 2448 Gronov.)
1836 2395 1976 2444 Corb.

1083 2441 1185 2484 edd.
1219 2441 1340 2500 Spir.
1373 2444 1552 2488 Ernest.
1589 2463 1608 2489 s
1644 2463 1686 2505 q.
1728 2464 1807 2486 —-‘
1844 2457 1974 2502 ultra

1083 2513 1246 2540 eorum
1270 2501 1415 2542 vitam
1438 2501 1574 2546 MSS.
1599 2463 1972 2557 lfiarhssodhres.

1083 2553 1235 2600 Guelf.
1264 2556 1365 2600 edd.
1395 2556 1498 2601 Put.
1517 2560 1585 2604 M.
1612 2560 1740 2608 et'V.
1757 2558 1974 2616 Beroald.

1082 2616 1206 2666 (eum
1232 2613 1376 2658 silent.
1398 2613 1536 2672 Viot.)
1552 2617 1671 2664 ¹Alc.
1701 2614 1972 2690 Rhen.'sqq2

1077 2668 1182 2736 Pro,
1207 2673 1390 2714 ambitu
1406 2672 1617 2720 Beroald.
1648 2670 1761 2723 vitio
1792 2690 1973 2744 typogr.

1081 2727 1202 2795 dedit
1232 2730 1487 2782 ambitum,
1517 2731 1642 2789 qnod
1668 2736 1975 2793 Alciatus‘r‘eg-

1079 2792 1237 2827 tinuit:
1284 2786 1527 2832 Rhenanus
1564 2794 1745 2836 ambitu
1778 2798 1978 2846 restituit

1083 2858 1107 2885 e
1129 2842 1233 2886 MS.
1254 2838 1386 2888 Bud.v
1600 2849 1602 2851 ’

1142 2914 1253 2969 CAi’.
1276 2926 1347 2970 53.
1419 2931 1601 2985 quietae
1631 2937 1699 2977 ad
1729 2937 1851 2984 id't.
1869 2919 1972 2990 res.

1081 2983 1166 3027 Ed.
1189 2984 1309 3043 Spir.
1339 2984 1536 3044 Quietae
1554 3004 1636 3034 ,res
1659 2996 1724 3037 ad
1743 2995 1794 3038 id
1817 3004 1863 3040 t..

1126 3058 1437 3125 pervulgqtis.
1489 3059 1589 3115 MS.
1603 3060 1756 3109 Guelf.
1771 3067 1841 3112 ed.
1855 3069 1972 3131 Spir.

1078 3115 1364 3168 pervulgatl.

1115 3241 1124 3252 ⁸
1141 3184 1553 3233 continuavissent.
1607 3189 1692 3235 Ed‘.
1718 3192 1838 3255 Spir.
1862 3208 1974 3244 con-

1085 3247 1364 3285 tmuassent.
1909 3281 1912 3286 -

1132 3333 1190 3368 ‘et
1218 3326 1273 3369 L.
1301 3328 1461 3375 Vetus.
1519 3328 1606 3375 Ed.
1622 3333 1748 3392 *Spin
1777 3347 1824 3385 ot
1845 3340 1973 3387 Lue-

1083 3390 1172 3426 tus.
1242 3384 1357 3427 Edd.
1386 3385 1582 3434 PlutM.
1605 3399 1648 3435 et
1672 3393 1726 3437 V2.
1758 3395 1958 3446 Beroal'd

1081 3442 1143 3495 (c.
1164 3440 1383 3510 sil.Viet.)
1400 3443 1504 3489 Alc.
1519 3445 1662 3493 Rhea.
1687 3434 1972 3519 sqq-L.Ve:

1083 3507 1181 3549 tus,
1223 3513 1391 3544 omlsso
1424 3509 1492 3552 et,
1519 3506 1648 3562 quod
1682 3518 1816 3556 etum
1848 3516 1972 3561 abest

1082 3572 1107 3600 a
1147 3554 1284 3600 MSS.
1327 3557 1452 3604 Harl.
1494 3561 1628 3608 Bodl.
1678 3566 1964 3619 les.'Guelf.
