2164 3990
1725 196 1958 280 &58:⁸⁵2
2043 239 2045 241 ·

194 187 331 263 172
856 195 1363 261 ANNAmUM

189 327 354 388 ronis
373 329 583 386 amitae
607 328 822 398 liberto
846 327 1134 402 aperiunt.
1222 330 1327 406 qui
1348 331 1534 403 laetus
1558 332 1771 391 oblatis
1795 332 2042 412 (quippe

189 415 346 474 inter
368 410 756 491 Agrippinam
791 425 846 470 et
866 411 1195 469 Domitiam
1222 414 1450 472 infensa
1474 418 1787 475 aemulatio
1811 440 2042 477 exerce-

188 498 398 579 batur).
415 499 692 556 Paridem
727 495 1078 555 histrionem
1113 498 1393 563 libertum
1432 513 1487 558 et
1527 502 1722 576 ipsum
1747 501 2042 571 Domitiae

188 584 429 661 impulit
453 586 538 641 ire
565 603 814 662 propere
838 582 1178 658 crimenque
1205 586 1478 642 atrociter
1503 588 1747 648 deferre.

358 719 493 781 XX.
533 718 818 777 Provecta
854 739 972 774 nox
1009 731 1133 776 erat
1171 731 1229 776 et
1251 717 1476 778 Neroni
1513 744 1619 799 per
1652 724 2040 781 vinolentiam

189 802 560 875 trahebatur,
599 824 733 860 cum
755 804 1084 877 ingreditur
1097 803 1265 860 Paris
1289 806 1494 864 solitus
1516 809 1784 886 alioquin
1807 810 1869 866 id
1895 821 2044 867 tem-

190 891 353 967 poris
377 893 549 963 luxus
575 889 860 965 principis
888 889 1226 959 intendere,
1271 891 1372 946 sed
1409 902 1549 948 tunc
1585 894 1941 971 compositus
1969 896 2044 950 ad

192 977 572 1044 maestitiam,
637 974 1015 1051 expositoque
1062 974 1271 1031 indicii
1324 977 1533 1032 ordine
1578 978 1658 1034 ita
1707 979 2043 1037 audientem

190 1074 467 1130 exterret,
508 1071 576 1116 ut
609 1079 737 1115 non
761 1071 1258 1118 tantum-matrem
1282 1058 1677 1138 Plautumque
1704 1063 2044 1133 interficere,

191 1149 295 1204 sed
319 1146 580 1204 Burrum
612 1146 788 1202 etiam
817 1145 1126 1201 demovere
1160 1147 1522 1220 praefectura
1563 1147 1882 1204 destinaret
1911 1159 2045 1204 tan-

191 1253 370 1310 quam
393 1227 754 1305 Agrippinae
784 1231 968 1304 gratia
1001 1242 1347 1306 provectum
1380 1244 1434 1289 et
1468 1233 1655 1288 vicem
1684 1235 2046 1293 reddentem.

190 1316 412 1380 Fabius
454 1314 735 1373 Rusticus
783 1328 987 1372 auctor
1035 1327 1118 1372 est
1158 1317 1401 1392 scriptos
1449 1338 1569 1373 esse
1617 1319 1692 1374 ad
1733 1316 2047 1376 Caecinam

191 1400 453 1459 Tuscum
491 1402 794 1459 codicillos
836 1401 1111 1457 mandata
1152 1402 1207 1457 ei
1241 1403 1670 1476 praetoriarum
1710 1399 2045 1460 cohortium

192 1509 332 1545 cura
348 1510 366 1548 ε,
433 1488 535 1543 sed
582 1507 692 1562 ope
737 1486 993 1544 Senecae
1040 1487 1442 1560 dignationem
1493 1486 1687 1544 Burro
1740 1500 2045 1549 retentam.

190 1572 427 1630 Plinius
455 1584 511 1630 et
535 1570 783 1630 Cluvius
807 1568 960 1627 nihil
987 1572 1323 1628 dubitatum
1354 1573 1426 1628 de
1453 1573 1567 1628 fide
1589 1574 1868 1647 praefecti
1894 1575 2047 1630 refe—

189 1671 351 1719 runt.
451 1658 608 1717 Sane
643 1656 865 1715 Fabius
899 1656 1146 1714 inclinat
1188 1658 1264 1714 ad
1307 1657 1509 1714 laudes
1543 1657 1827 1730 Senecae,
1882 1658 2048 1716 euius

192 1877 338 1923 etiam
352 1884 507 1933 pacto.
554 1873 951 1922 1:‚c.Gronovius:
983 1891 1086 1920 con·

190 1939 399 1993 iugioque
434 1937 530 1977 eius
565 1936 688 1976 clam
715 1935 880 1988 petito.
939 1934 1086 1978 Hine--

191 2010 294 2040 rus:
342 1992 644 2047 coniugioque
679 1992 779 2033 eius
813 1994 957 2035 etiam
994 1993 1088 2034 im-

184 2053 370 2110 perium
398 2051 541 2103 potiri
557 2064 614 2091 ac
636 2064 678 2092 r.
702 2049 793 2093 inv.
855 2048 1090 2093 lleinsiusz

190 2109 403 2164 coniugio
426 2106 616 2163 fretam
649 2114 694 2149 et
722 2114 907 2149 suetam
940 2110 1088 2162 impe-

192 2172 280 2212 rio.
341 2165 427 2210 Sed
453 2166 486 2208 l.
507 2165 582 2208 Fr.
605 2163 864 2207 Gronovius
883 2173 1003 2208 recte
1023 2166 1087 2210 vi-

193 2226 260 2270 dit
299 2224 460 2268 salvam
506 2238 601 2265 esse
642 2229 843 2265 veterem
888 2221 1085 2279 scriptu-

191 2300 288 2327 ram
354 2278 540 2325 articula
573 2279 716 2321 etiam
750 2278 931 2323 diducta
962 2278 1010 2322 in
1041 2288 1086 2323 et

1156 1877 1335 1923 videtur
1367 1875 1650 1935 KiesslingiO.
1720 1875 1960 1919 Rhenanus
1999 1891 2049 1918 ex

1157 1936 1342 1991 ingenio
1368 1935 1548 1977 dederat
1580 1937 1737 1984 lusus,
1808 1932 1897 1975 uod
1937 1932 2046 1975 sub-

1159 1991 1298 2035 latum
1327 2009 1350 2035 a
1375 1991 1569 2034 Pichena
1603 1991 1774 2034 restitui
1818 1989 2048 2033 Ernestius

1158 2058 1201 2092 et
1234 2066 1378 2108 nuper
1408 2048 1718 2106 Kiesslingius.
1787 2045 1954 2090 Melius
1987 2054 2050 2089 ta·

1158 2123 1263 2150 men
1305 2106 1405 2164 ssip.
1450 2104 1608 2150 Oberl.
1652 2122 1749 2163 sqq.
1803 2103 2050 2162 repetivere

1157 2172 1358 2210 veterem
1390 2162 1676 2220 scripturam.
1748 2162 1916 2219 Luxus
1946 2168 2051 2204 sunt

1157 2221 1620 2277 Ausscloeweifimgen,
1667 2219 2049 2274 Schwelgereien.

1158 2277 1221 2323 cf.
1245 2278 1285 2330 4,
1305 2278 1374 2322 67.
1398 2286 1529 2320 tanto
1554 2279 1776 2321 occultior
1795 2281 1843 2319 in
1866 2279 2024 2322 luxus,

192 2344 290 2385 iam
357 2372 367 2383 .
391 2355 429 2386 e.
461 2338 539 2381 καὶ
571 2332 654 2391 δή,
698 2339 799 2378 und
829 2352 948 2385 nun,
989 2341 1085 2379 und

190 2399 358 2455 sofiJt-t.
407 2420 464 2429 —-
532 2395 732 2450 imperio
777 2410 839 2437 sc.
885 2394 1086 2437 Rubellii

192 2455 370 2506 Plauti,
399 2455 649 2501 invadere,
681 2449 879 2510 intellige
901 2451 1088 2495 destina-

188 2514 320 2556 visse.
378 2512 443 2558 At
467 2526 608 2570 nuper
630 2507 830 2553 Kritzius
867 2510 1089 2563 (Allgem.

191 2570 376 2614 Schulz.
419 2568 545 2612 1830.
589 2584 662 2611 nr.
694 2567 778 2622 17.)
814 2567 988 2609 censuit
1019 2567 1088 2610 le-

193 2628 393 2689 gendum
447 2625 701 2678 imperium
749 2626 822 2666 rei
866 2626 1087 2678 publicae,

194 2686 316 2746 quod
346 2687 412 2729 vix
446 2683 648 2734 habebit,
690 2682 761 2725 cui
794 2681 974 2739 placeat.
1036 2683 1087 2725 ld

191 2753 368 2789 tantum
408 2749 564 2786 contra
595 2739 725 2783 illum
763 2739 905 2787 addo,
953 2740 1086 2782 inva-

193 2807 304 2846 dere
327 2816 433 2844 rem
452 2816 500 2855 p.
525 2814 620 2842 non
646 2813 738 2840 esse
761 2813 919 2841 vexare
935 2827 946 2845 ‚
978 2798 1088 2841 lace·

194 2875 295 2903 rare
317 2875 412 2902 rem
437 2875 511 2917 p..
553 2855 627 2898 sed
653 2870 757 2898 cum
794 2855 836 2897 vi
871 2855 1008 2912 potiri
1041 2870 1089 2896 re

194 2916 390 2976 publiea.
460 2912 520 2958 cf.
552 2912 643 2957 An.
681 2915 721 2962 1,
759 2914 824 2955 10.
869 2913 1090 2955 invaserit

183 2977 343 3033 fasces
366 2981 410 3027 et
428 2973 500 3016 ius
519 2969 773 3027 praetoris.

255 3059 371 3104 CAP.
400 3058 471 3100 20.
529 3049 645 3097 nox.
711 3052 797 3096 Ed.
827 3052 945 3112 Spir.
979 3066 1088 3108 vox,

196 3115 370 3173 vulgari
397 3111 680 3158 confusione.

255 3185 578 3237 vinolentiam.
636 3181 773 3226 MSS.
803 3178 952 3222 Guelf.
980 3179 1091 3236 Reg-

198 3243 284 3287 les.
315 3244 382 3286 ed.
410 3244 509 3286 Put.
536 3239 591 3285 V.
623 3241 912 3282 violentiam.
975 3235 1091 3278 Vul-

230 3309 349 3343 atum
382 3307 564 3341 tuentur
596 3297 699 3340 edd.
736 3297 854 3355 Spir.
887 3295 991 3337 Put.
1022 3292 1091 3336 M.

197 3317 412 3401 {eroahh
449 3361 571 3408 (cum
607 3353 784 3397 silentio
815 3352 956 3409 vict.)
986 3350 1089 3396 Ale.

201 3415 340 3459 Rheni
371 3427 469 3470 sqq.

258 3486 413 3527 luxus.

493 3481 570 3524 Sic
599 3482 733 3526 MSS.
771 3490 814 3525 et
853 3479 957 3524 edd.
992 3486 1094 3522 vett.

1215 2363 1383 2406 indicii.
1454 2361 1536 2404 Ed.
1569 2359 1687 2418 Spir.
1725 2359 1895 2406 iudicii.
1960 2357 2050 2401 Ea-

1162 2420 1264 2463 dem
1285 2434 1502 2462 amovere
1525 2433 1610 2477 pro
1636 2422 1901 2461 demovere.
1951 2415 2052 2459 MS.

1163 2477 1315 2521 Guelf.
1339 2477 1437 2520 edd.
1455 2477 1553 2518 put.
1569 2491 1667 2534 sqq.
1693 2493 1732 2519 c.
1749 2476 1797 2517 Li
1832 2492 1868 2518 s.
1889 2473 2051 2532 prima.

1159 2538 1419 2578 dimwere.
1484 2533 1621 2592 Lipsii
1654 2541 1768 2592 post.
1837 2531 1922 2576 ich.
1956 2545 2052 2588 sqq.

1160 2598 1422 2636 demovere.

1218 2664 1264 2706 F
1261 2665 1390 2704 absus
1422 2662 1654 2703 Rusticus.
1715 2659 1774 2705 cs.
1804 2659 1891 2702 An.
1918 2657 1984 2710 14,
2008 2658 2051 2700 2.

1162 2723 1226 2770 15,
1261 2721 1330 2763 61.
1404 2718 1516 2773 Agr.
1557 2734 1599 2760 c.
1634 2720 1702 2762 10.
1775 2716 1878 2761 Vid.
1908 2715 2051 2758 Herr-

1159 2794 1301 2895 {papgi
1334 2779 1478 2820 Iustus
1510 2778 1567 2817 de
1587 2777 1690 2832 fide
1719 2774 1882 2818 Taciti.
1926 2773 2051 2822 1827.

1216 2906 1556 2961 dignationem.
1618 2902 1678 2947 cf.
1707 2910 1804 2948 not.
1826 2902 1880 2946 ad
1903 2899 2024 2954 1,84.

1225 2989 1426 3031 Cluuius.
1516 2988 1585 3030 M.
1643 2986 1830 3031 Cluvius
1893 2985 2051 3028 Rufus.

1164 3047 1275 3091 Hist.
1314 3049 1350 3098 1,
1383 3049 1424 3089 8.
1458 3045 1527 3087 76.
1569 3046 1610 3096 9,
1637 3045 1704 3088 58.
1730 3044 1801 3087 65.
1837 3042 1878 3096 3,
1902 3043 1973 3086 65.
2013 3043 2054 3093 4,

1162 3103 1347 3150 39.·43.
1408 3102 1498 3146 An.
1535 3103 1601 3154 14,
1637 3103 1680 3145 2.
1739 3101 1853 3144 Ptin.
1884 3116 1907 3143 e
1942 3116 1983 3158 p.
2012 3099 2055 3147 9,

1166 3164 1235 3206 19.
1295 3161 1482 3204 Sueton.
1508 3158 1610 3203 Ner.
1635 3175 1674 3203 c.
1694 3161 1764 3204 21.
1826 3159 1885 3201 cf.
1909 3116 2054 3200 iustus

1164 3221 1194 3264 l.
1223 3219 1253 3262 l.
1315 3217 1521 3261 Ceterum
1563 3217 1749 3259 Cluvius
1782 3222 1848 3258 est
1874 3215 1922 3257 in
1954 3212 2056 3256 MS.

1162 3278 1284 3322 Flor.
1328 3279 1446 3330 (test.
1480 3273 1620 3327 Viet.)
1665 3274 1766 3316 edd.
1801 3271 1921 3330 Lips.
1954 3287 2052 3329 sqq.

1165 3335 1338 3379 Clivius
1359 3334 1461 3377 MS.
1486 3331 1635 3374 Guelf.
1662 3330 1762 3374 edd.
1785 3337 1894 3374 vett.

1221 3418 1431 3461 inclinat.
1501 3415 1603 3458 MS.
1634 3412 1782 3458 Guelf.
1817 3413 2053 3454 inclinata.

1165 3474 1450 3533 superfluam
1481 3473 1673 3521 litteram
1705 3468 1876 3517 traxita
1900 3469 2055 3518 vocula

201 3543 305 3595 Non
330 3538 465 3603 igitur
485 3537 682 3588 Piehena
699 3539 809 3584 illud
831 3536 1023 3588 induxit,
1047 3544 1097 3584 ut
1166 3532 1383 3591 sequenti.
