2164 3990
1730 190 1780 230 A.
1800 194 1854 231 U<
1875 195 1959 228 820.

1730 242 1782 272 A.
1807 237 1852 274 C.
1899 240 1957 272 07.

190 200 316 258 440
859 195 1374 289 ANNALl--UM

364 326 562 388 XVII.
603 327 829 386 Paucos
857 329 1074 404 quippe
1102 327 1258 382 intra
1281 328 1408 383 dies
1432 327 1636 383 eodem
1659 329 1891 400 agmine
1915 326 2067 386 An-.

200 433 382 470 naeus
415 411 631 484 Mella,
686 412 933 470 Cerialis
969 409 1243 481 AniciuS,
1295 409 1506 470 Rufius
1536 410 1847 487 Crispinus
1882 434 1948 471 ac
1979 413 2046 474 C.

198 498 516 556 Petronius
553 499 842 556 cecidere:
898 496 1086 554 Mella
1121 508 1178 553 et
1203 494 1514 571 Crispinus
1539 498 1762 574 equites
1787 495 2050 557 Romani

200 585 485 658 dignitate
501 584 808 669 senatoria.
833 604 973 639 nam
990 578 1088 638 hic
1107 582 1405 658 quondam
1427 584 1750 657 praefectus
1770 585 2051 658 praetorii

201 682 258 726 et
278 670 687 727 consularibus
709 669 1041 742 insignibus
1064 669 1316 724 donatus
1340 686 1406 722 ac
1430 687 1620 742 nuper
1639 668 1888 725 crimine
1909 690 2052 726 con-

202 755 515 812 iurationis
564 755 629 809 in
667 754 1003 812 Sardiniam
1049 763 1279 808 exactus
1329 763 1585 827 accepto·
1611 753 1798 810 iussae
1845 755 2054 813 mortis

202 841 415 898 nuntio
453 851 632 897 semet
666 839 973 898 interfecit.
1061 836 1249 894 Mella
1284 837 1500 913 quibus
1527 833 1726 894 Gallio
1755 851 1812 896 et
1832 839 2054 897 Seneca

149 960 153 967 ‹
202 925 548 1000 parentibus
577 936 750 981 natus
771 925 1055 999 petitione
1083 919 1381 978 honorum
1408 923 1770 980 abstinuerat
1793 945 1899 999 per
1929 937 2056 982 am-

204 1002 492 1068 bitionem
521 1022 982 1085 praeposteram,
1025 1020 1092 1065 ut
1116 1027 1291 1084 eques
1316 1005 1626 1065 Romanus
1650 1009 2058 1068 consularibus

202 1097 467 1171 potentia
502 1106 866 1171 aequaretur.
956 1095 1132 1150 simul
1169 1093 1559 1169 acquirendae
1598 1095 1884 1168 pecuniae
1922 1096 2058 1152 bre-

205 1181 339 1238 vius
363 1180 474 1236 iter
499 1182 771 1237 credebat
793 1201 900 1256 per
919 1179 1361 1254 procurationes
1385 1179 1866 1236 administrandis
1891 1181 2061 1256 prin-

206 1267 354 1341 cipis
408 1266 676 1340 negotiis,
806 1264 973 1322 Idem
1027 1260 1343 1320 Annaeum
1397 1263 1708 1321 Lucanum
1764 1279 2062 1338 genuerat,

205 1352 429 1425 grande
478 1352 890 1408 adiumentum
934 1350 1321 1408 claritudinis,
1410 1370 1526 1425 quo
1566 1350 1873 1409 interfecto
1919 1353 2064 1408 dum

208 1457 334 1493 rem
356 1436 709 1492 familiarem
736 1437 859 1494 eius
886 1437 1098 1492 acriter
1123 1435 1400 1510 requirit,
1445 1447 1839 1491 accusatorem
1865 1436 2065 1493 conci-

207 1522 296 1578 vit
319 1520 572 1578 Fabium
597 1520 943 1580 Romanum
971 1542 1038 1576 ex
1065 1519 1290 1576 intimis
1315 1519 1544 1576 Lucani
1567 1520 1787 1579 amicis,
1872 1520 2065 1578 Mixta

212 1607 368 1663 inter
392 1619 618 1682 patrem
641 1608 949 1682 filiumque
975 1605 1400 1662 coniurationis
1428 1605 1670 1662 scientia
1696 1606 1938 1679 fingitur
1962 1607 2067 1662 ad-

212 1693 483 1758 similatis
517 1692 746 1750 Lucani
786 1692 1013 1751 litteris.
1113 1709 1256 1766 quas
1299 1691 1588 1764 inspectas
1623 1690 1779 1747 Nero
1816 1692 1962 1747 ferri
1994 1693 2070 1748 ad

213 1798 347 1834 eum
386 1778 555 1834 iussit
598 1779 811 1853 opibus
854 1777 977 1832 eius
1016 1772 1275 1833 inhians,
1377 1772 1458 1831 At
1489 1773 1703 1845 Mella,
1756 1796 1905 1853 quae
1942 1789 2071 1834 tum

212 1863 651 1940 promptissima
685 1862 892 1919 mortis
931 1863 1058 1931 via,
1108 1861 1353 1917 exsolvit
1388 1880 1594 1930 venaS,
1643 1861 1873 1942 scriptis
1907 1862 2073 1920 codi—

215 1948 396 2017 cillis,
453 1949 670 2025 quibus
717 1950 999 2022 grandem
1040 1947 1354 2021 pecuniam
1393 1946 1457 2000 in
1493 1945 1859 2019 Tigellinum
1896 1967 2074 2022 gene-

216 2142 502 2189 Vocabulum
525 2149 762 2200 sepultura
784 2147 906 2188 abest
932 2163 956 2190 a
981 2146 1116 2189 MSS.

216 2202 342 2245 Harl.
370 2203 496 2244 ssodl.
527 2205 632 2254 les„
674 2203 874 2246 additum
899 2205 944 2246 in
970 2218 1112 2257 marg.

213 2258 352 2302 Bodl.
379 2268 421 2302 et
447 2259 597 2307 Guelf.
666 2261 874 2305 Ceterum
897 2261 1031 2303 iidem
1065 2259 1115 2302 li·

216 2317 286 2363 bri
322 2316 487 2360 habent
519 2334 550 2359 a
578 2318 865 2379 promiscua.
924 2318 1013 2360 Pro
1038 2331 1115 2360 se-

212 2384 457 2430 parantur
481 2376 550 2419 ed.
573 2376 691 2434 Spir.
713 2382 1011 2430 seperantur.

279 2430 394 2478 CAP.
443 2434 512 2479 17.
581 2438 823 2477 Annaeus.
894 2432 971 2475 Sic
1013 2431 1117 2481 edd.

218 2489 341 2548 Lips.
363 2505 461 2548 sqq.
522 2492 714 2533 Anneus
727 2490 829 2534 MS.
845 2488 998 2533 Guelf.
1018 2488 1118 2532 edd.

221 2548 340 2605 Spir.
354 2546 502 2591 Rhen.
527 2557 568 2591 et
582 2549 683 2591 MS.
699 2548 824 2591 Flor.
849 2549 963 2603 (test.
979 2547 1117 2603 Vict.)

220 2607 433 2650 Anneius
452 2605 552 2649 edd.
566 2606 671 2649 Put.
685 2606 788 2649 Ber.
809 2605 905 2648 Alc.
919 2633 978 2640 —-
1009 2604 1119 2646 Mox

222 2664 350 2706 Mela
363 2662 499 2709 MSS.
518 2664 642 2708 Flor.
666 2664 713 2718 (t.
731 2663 832 2706 Vict
853 2662 998 2717 >Bud.
1016 2661 1117 2704 edd.

223 2720 341 2780 Spir.
380 2722 559 2764 Brote1·.
640 2721 784 2763 Mella
825 2720 927 2763 MS.
965 2717 1121 2763 Guelf.

224 2779 328 2822 edd.
362 2778 463 2822 Put.
505 2779 573 2825 M.
610 2788 654 2821 et
685 2778 742 2820 V.
777 2777 983 2822 Beroald.
1021 2777 1120 2823 Alc.

221 2835 369 2938 Phen.
383 2853 480 2895 sqq.
495 2846 598 2881 aute
616 2836 868 2879 Broterium
892 2843 935 2878 et
956 2843 1057 2894 post
1071 2833 1123 2877 il·

243 2909 336 2937 um.

283 2951 491 2998 Anicius,
564 2950 640 2995 Sic
682 2952 784 2996 MS.
827 2950 953 2995 Flor.
1008 2957 1126 3004 (test.

227 3008 369 3064 Vict.)
397 3009 497 3055 edd.
525 3009 643 3066 Spir.
671 3009 817 3053 Rhen.
842 3025 941 3065 sqq.
1002 3007 1126 3051 Ani-

228 3069 320 3111 tius
339 3066 438 3109 edd.
453 3067 558 3111 Put.
578 3068 638 3110 Μ.
657 3076 699 3111 et
712 3066 767 3110 V.
779 3067 882 3111 Ber.
897 3066 997 3110 Alc.
1022 3081 1127 3108 cum

230 3125 334 3167 cod.
367 3122 519 3168 Guelf.

286 3183 464 3238 Rufius.
525 3184 600 3226 Sic
635 3182 743 3233 edd.
772 3180 916 3241 Ryek,
944 3180 1124 3224 Ernest.

230 3254 327 3341 {i}
354 3239 944 3354 {323⁰{L13dslffi'1-4i3mflii
961 3239 1035 3338 ’Ξῖ
1046 3251 1126 3335 v“⁸·

229 3354 386 3409 Rufus
410 3355 514 3398 MS.
541 3354 691 3397 Guelf.
717 3354 815 3397 edd.
840 3354 941 3397 Ber.
979 3355 1038 3409 (c.
1064 3352 1129 3395 si-

233 3413 342 3460 lent.
367 3412 503 3467 vict.)
527 3412 627 3455 Alc.
656 3411 800 3456 Rhen.
825 3429 875 3470 sq
915 3443 923 3452 .

290 3485 344 3511 ac
369 3469 416 3513 C.
441 3470 702 3513 Petronius.
763 3464 839 3513 Sic
864 3485 902 3512 e(
921 3467 964 3510 d.
989 3467 1131 3512 Rhen.

233 3543 332 3588 sqq.
376 3527 436 3583 (εἰ
470 3528 534 3572 sic
566 3528 638 3572 ine
678 3529 747 3574 vir
785 3525 950 3572 dicitur
987 3544 1025 3571 c.
1068 3526 1133 3570 18.

1187 2145 1392 2187 omnium
1413 2144 1631 2187 librorum
1649 2147 2008 2204 auctoritate).—
2022 2165 2078 2194 ac

1187 2202 1432 2244 Petronius
1475 2202 1579 2245 MS.
1615 2201 1766 2248 Guelf.
1811 2202 1924 2248 edd.
1956 2207 2078 2266 Spir-

1187 2260 1291 2302 Put.
1329 2260 1396 2302 M.
1437 2267 1479 2301 et
1511 2258 1565 2302 V.
1598 2259 1806 2304 Beroald.
1836 2263 1896 2316 (e.
1929 2263 2078 2321 silent.

1188 2316 1324 2375 Vict.)
1358 2317 1457 2359 Ale.
1490 2318 1656 2360 omisso
1687 2321 1980 2376 praenomine
2018 2322 2082 2373 C..

1189 2375 1311 2431 quod
1347 2375 1608 2432 absorptum
1642 2385 1706 2419 est
1739 2391 1763 2419 a
1801 2378 2082 2435 praecedenti

1188 2448 1258 2475 ac.
1318 2431 1427 2474 Mox
1452 2431 1522 2474 ed.
1545 2431 1665 2491 Spir.
1690 2435 1739 2476 in
1758 2435 1976 2480 sardinia
1997 2452 2082 2498 pro

1189 2490 1240 2531 in
1265 2488 1557 2534 Sardiniam.

1247 2560 1395 2602 Mella
1425 2561 1585 2615 quibus
1621 2559 1776 2605 Gallio
1814 2571 1860 2607 et
1889 2562 1940 2609 S.
2000 2565 2086 2613 Ed.

1191 2615 1310 2675 Spir.
1364 2617 1493 2660 Mela
1534 2619 1720 2674 quidem
1757 2619 1915 2664 Gallia
1955 2630 2001 2665 et
2031 2621 2084 2667 S.

1191 2675 1363 2718 Eadem
1417 2690 1520 2717 mox
1575 2685 1677 2733 post
1723 2689 2088 2732 praeposteram

1195 2732 1360 2800 omittit
1391 2733 1551 2778 verbaz
1595 2742 1648 2776 ut
1687 2748 1822 2791 eques
1852 2751 1895 2780 r.
1929 2754 1967 2782 ⁶.
1995 2754 2086 2795 po-

1197 2797 1361 2834 tentia.

1243 2861 1460 2919 fingitur.
1533 2859 1610 2904 Sic
1641 2862 1742 2908 edd.
1767 2863 1873 2910 Put.
1903 2881 2002 2925 sqq.
2033 2890 2091 2902 --

1198 2918 1334 2962 MSS.
1369 2917 1405 2960 F
1409 2919 1491 2963 lor.
1528 2923 1641 2973 (test.
1680 2921 1819 2979 vict.)
1863 2932 1906 2967 et
1937 2924 2088 2972 Guelf.

1185 2977 1454 3033 finguntur.
1545 2976 1629 3021 Ed.
1690 2979 1809 3035 Spir.
1877 2983 2098 3026 scientia.

1200 3035 1463 3087 Finguntur
1483 3036 1673 3078 litterae
1693 3039 1983 3083 assimulatis
2002 3049 2090 3087 etc.

1255 3103 1561 3146 adsimilatis.
1650 3104 1727 3150 Sic
1777 3108 1897 3152 MSS
1905 3142 1914 3153 .
1966 3108 2091 3153 Flor-

1201 3161 1318 3227 (test.
1341 3159 1481 3229 Viet.)
1504 3160 1657 3206 Guelf.
1690 3163 1749 3207 cf.
1771 3173 1866 3209 not.
1888 3167 1945 3210 ad
1972 3170 2008 3218 1,
2019 3166 2091 3211 28.

1197 3220 1494 3261 assimulans
1520 3219 1618 3262 edd.
1645 3229 1753 3266 vett.

1256 3290 1386 3331 Nero
1405 3289 1542 3343 ferri
1569 3294 1635 3333 ad
1663 3306 1770 3333 eum
1796 3293 1948 3336 iussit.
2005 3293 2094 3342 Ed.

1203 3346 1319 3403 Spir.
1363 3350 1430 3388 ad
1469 3362 1578 3389 eum
1616 3349 1748 3405 ferri
1782 3350 1912 3393 Nero
1954 3353 2094 3396 iussit.

1205 3403 1370 3446 Eadem
1393 3420 1498 3447 mox
1524 3406 1862 3462 Consusianum
1881 3424 1964 3466 pro
1991 3409 2096 3452 Cos-

1206 3462 1460 3504 sutianum.
1523 3463 1623 3510 MS.
1659 3462 1811 3509 Guelf.
1849 3466 2098 3513 Consutiaq

1207 3533 1339 3563 num.
