2164 3990
163 261 210 297 A.
229 259 283 295 11.
301 260 384 293 849.

163 305 213 341 A.
235 303 283 339 G.
323 301 385 335 66.

631 256 799 337 ΜΒ.
837 252 999 319 x'vl.
1068 246 1281 320 'CAR
1321 262 1386 317 a

77 397 222 455 teria
247 397 314 450 in
338 392 578 449 laudem
601 389 885 464 principis
910 390 1216 464 adsumpta
1244 399 1345 447 est.

1802 256 1926 315 425

1433 407 1555 444 non
1591 388 1751 443 enim
1789 389 1931 444 soli-

78 496 166 540 tas
185 468 418 538 tanturn
450 478 678 548 fruges,
721 493 828 529 nec
865 475 1174 531 confusum
1213 472 1464 529 metallis
1501 492 1713 529 aurum
1747 474 1955 547 gigni,-

79 569 178 631 sed
223 585 376 621 nova
414 562 676 623 ubertate
712 560 1027 633 provenire
1048 570 1281 629 ¹'terram
1321 569 1375 614 et
1409 557 1613 615 obvias
1650 579 1789 633 opes
1827 559 1933 615 de·-

81 782 258 824 toribus
282 776 638 830 oratoribusque
663 781 749 817 etc.
810 773 899 816 Sed
924 790 972 816 ex

80 839 155 882 tali
205 834 492 879 distinctione
542 831 659 875 male
713 847 758 874 se
811 831 973 874 habent

81 897 212 941 huius
245 893 333 936 loci
366 899 526 949 parteS.
604 889 716 932 Nam
751 904 862 945 quae
898 904 972 930 se-

81 959 283 1011 quuntur
317 957 419 1007 post
454 949 795 997 celebrabatur,
846 946 973 989 omni

82 1007 269 1056 vinculo
305 1015 484 1054 carent,
535 1019 626 1063 quo
662 1019 764 1047 cum
797 1019 974 1103 Eraece-

83 1065 293 1112 dentibus
329 1063 607 1108 cohaereant.
666 1060 795 1104 Debe
829 1069 871 1103 at
905 1060 977 1104 ad-

86 1125 154 1168 di:
186 1139 278 1180 qua
310 1120 550 1163 occasione
583 1119 656 1164 vel
684 1118 828 1162 simile
852 1118 978 1176 quid.

85 1178 344 1225 parenthesi
397 1178 541 1236 posita
592 1184 753 1219 cuncta
803 1175 979 1233 egregie

118 1237 356 1283 recedunt.
418 1234 543 1277 Solet
567 1241 714 1278 autem
736 1233 901 1276 Noster
933 1233 980 1275 in

118 1312 208 1340 unc
242 1294 430 1338 modum
459 1292 686 1340 exhibere,
718 1307 831 1349 quae
858 1305 979 1344 παρ-

87 1358 231 1412 έργως
263 1350 409 1401 addit,
446 1358 489 1391 et
521 1356 626 1391 sunt
651 1347 850 1405 exempla
875 1363 978 1404 pas-

86 1414 172 1456 sim
208 1409 357 1453 obvia.
420 1406 478 1451 cf.
511 1407 577 1456 13,
609 1404 681 1447 59.
713 1405 781 1453 14,
808 1407 872 1447 10.
908 1405 979 1447 59.

92 1470 158 1517 15,
180 1467 247 1510 12.
284 1465 356 1508 36.
429 1463 606 1506 Auctor
638 1461 837 1505 dicebat:
875 1461 979 1504 Non

88 1525 209 1570 aliud
239 1539 318 1581 per
351 1521 449 1563 illos
481 1520 574 1562 dies
606 1519 827 1576 populum
860 1519 1000 1562 sama*

89 1584 264 1629 tulisse,
294 1594 347 1623 ac
373 1578 658 1635 praecipuam
681 1579 910 1619 materiam
935 1577 979 1618 in

90 1640 265 1685 laudem
321 1635 535 1694 principis
590 1649 614 1675 a
677 1634 983 1677 narratoribus

92 1694 439 1752 oratoribusque
492 1691 598 1734 inde
653 1707 747 1734 esse
798 1693 982 1734 adsum-

93 1764 232 1815 ptam.
289 1751 408 1800 lam,
439 1750 502 1792 uti
536 1748 747 1796 debebat,
781 1765 868 1806 qua
894 1764 982 1807 po-

92 1811 314 1857 tissimum
353 1807 591 1850 occasione
630 1806 675 1848 id
709 1806 877 1850 factum
913 1806 984 1854 sit,

93 1868 216 1915 addit
241 1865 387 1911 verbis
413 1862 704 1919 interpositis.
762 1863 915 1906 Restat
937 1872 987 1906 ut

88 1927 297 1972 dicamus
346 1923 401 1967 de
452 1923 575 1966 varia
618 1929 722 1964 vett.
762 1922 985 1964 librorum

93 1984 330 2042 scriptura.
420 1979 694 2021 Celebratur
747 1978 919 2021 restitui
961 1993 985 2019 e

93 2042 198 2085 MS.
224 2040 347 2083 Flor.
372 2039 493 2093 (test.
509 2036 645 2090 Vict.)
673 2035 743 2079 ed.
764 2035 880 2093 Spir.
901 2051 986 2093 pro

98 2099 440 2145 celebrabatur,
484 2092 606 2150 quod
640 2101 774 2135 exstat
807 2094 853 2135 in
887 2092 989 2136 edd.

97 2157 200 2199 Put.
245 2169 344 2211 sqq.
450 2151 553 2194 MS.
595 2147 746 2192 Guelf.
786 2151 986 2192 celebre-

95 2215 248 2256 batur.
335 2208 405 2251 De
438 2206 543 2250 'aliis
585 2207 720 2249 MSS.
762 2206 989 2250 silentium

98 2279 246 2314 est.-——
279 2265 450 2309 Verba}
477 2280 510 2306 a
527 2266 856 2306 narratoribus
878 2279 992 2307 ora-

99 2327 359 2380 toribusque
402 2323 448 2365 in
483 2322 604 2364 hunc
636 2321 823 2363 modum
859 2339 883 2363 a
916 2322 991 2364 Bi-

133 2393 225 2428 ont.
257 2391 300 2425 et
329 2378 554 2424 Oberlino
593 2379 795 2420 restituta
831 2388 934 2421 sunt
968 2394 990 2419 e

157 2440 204 2484 S.
233 2439 357 2482 Flor.
391 2435 467 2495 qui
501 2435 609 2478 ferta
651 2436 993 2478 (muratoribus

102 2499 456 2552 oratoribusque
481 2497 600 2549 (test.
625 2491 746 2535 Viet.
771 2509 808 2536 c.
833 2492 989 2549 Picb.).

105 2554 374 2612 Quaeritur,
405 2552 479 2610 qui
504 2550 592 2593 sint
616 2557 895 2593 narratores
919 2552 991 2592 in-

103 2611 350 2669 telligendi.
448 2607 678 2666 Bipontini
736 2607 994 2664 intelligunt

105 2679 280 2729 poetas,
311 2666 473 2725 quibus
494 2664 771 2708 narrationes
794 2665 993 2709 tribuun-

106 2739 178 2772 tur
211 2725 326 2785 apud
360 2721 558 2779 Quintil.
593 2723 633 2774 9,
659 2722 703 2765 4.
743 2725 779 2773 1,
804 2723 845 2766 9.
909 2721 994 2766 Ve-

106 2799 207 2828 rum
249 2789 486 2841 propterea
529 2789 685 2839 poetae
726 2779 772 2821 in
812 2780 993 2823 univer·

109 2852 210 2884 sum
245 2855 337 2882 non
374 2844 584 2894 poterant
613 2846 867 2881 narratores
893 2837 998 2880 (lici.

109 2897 277 2941 Lucem
317 2893 472 2937 adsero
516 2895 711 2937 tenebris
754 2910 776 2937 e
808 2896 996 2938 Sueton-

112 2954 164 2998 de
190 2950 386 2996 cLRhet.
414 2954 479 3001 1.,
515 2950 592 2993 ubi
622 2952 676 2994 de
698 2953 871 2995 ratione
900 2952 999 2994 rhe-

111 3021 279 3061 torum,
309 3008 384 3067 qui
407 3008 576 3051 Romae
595 3007 829 3057 florebant,
863 3009 1001 3052 refert

112 3067 242 3111 haec:
282 3065 375 3108 Sed
405 3066 529 3108 ratio
559 3066 758 3107 docendi
783 3081 868 3110 neo
902 3081 1001 3109 una

114 3125 351 3174 omnibus,
377 3138 456 3171 ηερ
474 3123 673 3175 singulis
699 3127 860 3166 eadem
883 3139 1001 3167 sem-

109 3197 198 3238 per
207 3181 322 3237 suit,
353 3184 542 3236 quando
568 3181 700 3222 vario
721 3186 859 3223 modo
882 3183 1002 3239 quis-

116 3254 203 3296 que
225 3239 470 3291 discipulos
498 3248 824 3283 exercuerunt.
885 3254 1003 3281 nam

110 3305 161 3340 ‚et
184 3298 308 3338 dicta
328 3295 570 3347 praeclare
590 3308 676 3348 per
699 3310 865 3338 omnes
877 3298 1003 3354 figu-

117 3368 221 3404 ras,
257 3367 345 3407 per
370 3366 501 3394 casus
535 3359 578 3394 et
611 3355 832 3405 apologos
863 3355 1004 3395 aliter

119 3417 256 3465 atque
281 3410 418 3451 aliter
441 3422 675 3463 eoeponere
699 3418 743 3451 et
782 3425 1003 3454 narra-

124 3469 317 3510 tiones
363 3473 463 3507 tum
505 3467 703 3509 breviter
750 3473 794 3507 et
828 3482 1006 3519 presse,

123 3533 223 3574 tum
264 3524 409 3566 latius
456 3532 498 3565 et
526 3525 728 3567 .uberius
769 3525 1007 3580 explicare

124 3587 413 3624 consuerunt.
454 3589 538 3624 etc.
631 3581 768 3638 igitur
807 3596 1007 3627 narrare

1046 782 1108 817 est
1131 772 1504 816 declamatorum.
1555 771 1672 816 Hinc
1694 772 1814 816 idem
1839 789 1933 815 ver-
1998 790 2003 795 ’

1045 834 1152 874 bum
1187 829 1351 873 dieitur
1386 829 1439 873 (le
1473 828 1672 888 prologis
1703 827 1934 875 ludorum.

1046 889 1110 932 cf.
1130 889 1311 931 Terent.
1330 889 1473 932 Andr.
1497 889 1611 946 prol.
1638 887 1664 930 5
1683 903 1781 946 sqq.
1805 889 1934 930 Nam

1046 948 1092 988 in
1147 946 1357 1001 prologis
1420 946 1686 987 scribundis
1738 959 1935 1000 operam

1047 1004 1279 1051 abutitur,
1339 1017 1433 1044 non
1475 1003 1557 1058 qui
1603 1010 1937 1055 argumentum

1047 1068 1234 1108 narret,
1283 1064 1365 1103 sed
1397 1062 1476 1115 qui
1512 1061 1732 1103 malevoli
1766 1063 1938 1107 veteris

1044 1126 1209 1174 poetae
1228 1119 1494 1159 maledictis
1512 1120 1805 1170 respondeat.
1849 1117 1937 1161 De·

1049 1176 1183 1234 nique
1214 1174 1326 1217 illud
1361 1175 1550 1219 verbum
1599 1176 1834 1232 proprium
1875 1178 1940 1219 est

1052 1236 1105 1276 de
1170 1231 1421 1275 tabularum
1479 1233 1789 1289 scriptoribus.
1879 1234 1938 1278 cf.
1988 1255 1992 1260 ·

1051 1290 1239 1333 Phaedr.
1279 1291 1314 1338 l,
1345 1291 1387 1340 6,
1416 1290 1457 1332 ἓ.
1499 1289 1540 1337 5,
1570 1290 1613 1341 2,
1642 1289 1709 1332 14.
1745 1299 1788 1333 et
1819 1290 1939 1336 alibi.

1051 1350 1338 1390 Narratores
1365 1346 1502 1404 igitur
1533 1346 1729 1407 intellige
1757 1348 1944 1404 quodvis

1053 1404 1398 1448 declamantium
1423 1412 1466 1446 et
1494 1403 1540 1446 in
1566 1406 1821 1448 narratione
1841 1422 1946 1453 ver-

1053 1464 1250 1506 santium
1286 1478 1453 1518 genus,
1492 1461 1752 1515 rhetorum,
1791 1463 1944 1521 prolo-

1054 1536 1240 1577 gorum,
1287 1527 1547 1575 poetarum,
1599 1535 1711 1575 quos
1752 1536 1775 1561 e
1816 1537 1945 1564 com-

1054 1578 1181 1620 muni
1204 1592 1365 1633 genere
1396 1577 1631 1619 communi
1659 1586 1945 1621 narratorum

1055 1634 1284 1678 vocabulo
1307 1641 1466 1677 auctor
1489 1633 1706 1691 designat.
1736 1634 1943 1679 Pretium

1056 1701 1123 1734 est
1159 1706 1345 1734 noscere
1379 1700 1580 1733 monstra
1612 1691 1859 1749 scripturae
1897 1693 1945 1736 in

1057 1749 1153 1792 aliis
1188 1747 1315 1790 libris
1343 1748 1551 1792 inventa:
1593 1750 1653 1790 ab
1678 1752 1951 1794 aratoribus·

1057 1807 1417 1861 oratoribusque
1458 1805 1592 1849 MSS.
1628 1806 1772 1850 Vatic.
1824 1806 1949 1851 Harl.

1057 1863 1187 1906 Bodl.
1219 1865 1300 1905 les.
1340 1862 1492 1906 Guelf.
1529 1863 1665 1906 Corb.
1699 1864 1816 1908 Bud.
1848 1866 1951 1909 edd.

1059 1920 1178 1978 Spir.
1209 1920 1414 1963 Beroald.
1440 1919 1545 1963 Alc.
1578 1948 1637 1955 -—
1692 1923 1753 1963 ab
1784 1930 1955 1965 orato-

1058 1981 1189 2020 ribus
1223 1980 1574 2033 oratoribusque
1608 1977 1708 2021 edd.
1742 1978 1845 2023 Put.
1878 1980 1949 2024 M.

1059 2044 1102 2077 et
1139 2033 1196 2077 V.
1231 2058 1285 2067 -
1354 2036 1413 2075 ab
1442 2037 1709 2077 auctoribus
1737 2040 1952 2080 oratori-—

1057 2094 1233 2147 busque
1277 2091 1380 2134 MS.
1421 2084 1545 2148 Agrf
1581 2107 1632 2134 ex
1679 2096 1950 2140 emendandi

1060 2151 1224 2192 studio.
1256 2177 1315 2184 --
1374 2150 1751 2205 oratoribusque,
1805 2153 1951 2197 deleto

1062 2207 1214 2265 priore
1244 2206 1498 2258 vocabulo,
1540 2207 1640 2250 edd.
1677 2208 1818 2252 Rhen.
1849 2227 1953 2270 sqq.

1064 2280 1203 2321 usque
1237 2263 1292 2306 ad
1327 2263 1414 2307 lac.
1441 2262 1752 2317 Gronovium,
1796 2268 1875 2324 qui
1906 2285 1969 2319 ex,

1063 2338 1144 2364 suo
1179 2319 1359 2378 ingenio
1398 2321 1561 2364 edidit:
1622 2324 1681 2364 ab
1723 2327 1956 2369 actoribus

1064 2379 1433 2432 oratoribusque.
1513 2379 1746 2422 Broterius
1780 2397 1804 2424 e
1838 2399 1954 2430 con-

1062 2435 1235 2478 iectura
1277 2433 1413 2491 Lipsii
1458 2435 1641 2479 maluit:
1695 2455 1727 2480 a
1774 2441 1957 2485 vatibus

1063 2492 1433 2548 oratoribusque.
1497 2493 1672 2551 Lipsius
1698 2503 1845 2540 tamen
1867 2514 1956 2546 ..vo-

1064 2550 1232 2592 luerat:
1277 2563 1335 2590 ac
1367 2553 1629 2593 rhetoribus
1659 2554 1959 2600 oratoribus-

1067 2622 1156 2662 que
1181 2605 1254 2650 vel
1292 2622 1347 2648 ac
1378 2609 1564 2651 vatibus
1589 2605 1957 2671 oratoribusque.

1065 2664 1282 2708 Piehena:
1315 2667 1644 2708 adulatoribus
1670 2667 1958 2716 oratoribus-

1068 2737 1172 2778 que.

1125 2783 1391 2835 adsumpta.
1454 2781 1530 2825 Sic
1563 2782 1664 2826 MS.
1696 2782 1821 2830 Flor.
1857 2794 1959 2833 test.

1070 2836 1111 2876 V
1115 2835 1189 2879 ict.
1216 2862 1272 2869 -—
1323 2847 1571 2894 assumpta
1594 2840 1695 2884 edd.
1719 2851 1828 2888 vett.
1852 2861 1959 2890 eum

1071 2895 1174 2938 cod.
1200 2893 1353 2938 Guels.

1127 2955 1286 2994 solitas
1311 2959 1519 2996 tantum.
1577 2951 1655 2999 Sic
1677 2955 1778 3001 MS.
1803 2957 1962 3006 Guelf.

1072 3009 1176 3052 edd.
1201 3009 1320 3068 Spir.
1343 3008 1447 3052 Put.
1472 3011 1540 3054 M.
1565 3019 1608 3054 et
1626 3013 1684 3058 V.
1706 3015 1809 3059 Ber.
1837 3017 1962 3072 (cum
2037 3030 2039 3034 “

1071 3066 1219 3110 silent.
1246 3067 1375 3122 Vict.)
1400 3066 1503 3111 Alc.
1576 3069 1701 3115 Male
1720 3072 1963 3120 Rhenanus
2020 3118 2026 3126 ,

1073 3140 1174 3183 sqq.
1211 3131 1403 3167 tantum
1428 3127 1616 3179 solitas,
1646 3125 1772 3187 lapsu
1798 3147 1965 3190 opera-

1074 3198 1201 3236 rum,
1234 3191 1283 3225 ut
1305 3180 1411 3222 mihi
1435 3178 1627 3228 videtur.
1696 3187 1817 3231 ldem
1855 3192 1967 3235 arti-

1074 3240 1144 3281 fex
1182 3256 1283 3281 mox
1318 3238 1437 3282 dedit
1475 3244 1680 3286 metallis
1719 3246 1967 3302 confusum

1073 3310 1246 3339 aurum
1271 3310 1356 3354 pro
1380 3299 1629 3357 confusum
1655 3306 1860 3349 metallis
1875 3322 1968 3349 au-

1075 3367 1208 3402 rum,
1252 3354 1313 3395 uti
1350 3353 1514 3399 habent
1547 3356 1648 3400 MS.
1678 3357 1830 3406 Guels.
1862 3364 1964 3408 edd.

1078 3413 1195 3468 Spir,
1223 3412 1323 3454 Put.
1347 3411 1415 3455 M.
1443 3422 1485 3456 et
1509 3411 1563 3456 V.
1586 3415 1690 3459 Ber.
1722 3418 1783 3472 (c.
1815 3420 1964 3466 silent.

1080 3469 1213 3525 Vidi.)
1237 3468 1340 3511 Alc.
1502 3491 1507 3496 ·

1132 3528 1383 3580 provenire
1427 3536 1622 3572 terram.
1709 3531 1788 3576 Sic
1829 3534 1967 3583 MSS.

1082 3583 1204 3628 Flor.
1243 3584 1358 3638 (test.
1384 3584 1502 3630 Vici.
1539 3602 1580 3632 c.
1611 3588 1822 3650 piebem>
1855 3593 1965 3654 Reg,
