2164 3990
212 194 437 279 2:21⁸&
607 195 780 257 LIB.
813 196 980 258 XIV.
1035 193 1228 259 CAP.
1266 194 1366 258 51.
1404 194 1507 258 52.
1852 201 1980 262 299

131 316 350 411 quidne
399 326 613 387 Caesar
637 327 641 330 ’
664 326 814 383 duos
863 326 1172 400 praetoriis
1216 320 1560 383 cohortibus
1605 327 1984 404 imposuerat,

131 416 385 480 Panium
406 411 635 474 Rufum
658 430 727 468 ex
747 410 912 485 vulgi
934 411 1162 480 favore,
1203 411 1343 491 quia
1378 431 1506 468 rem
1536 412 1990 474 frumentariam,

131 503 260 562 sine
295 509 542 577 quaestu
577 496 862 555 tractabat
872 541 893 575 „
930 494 1245 554 Sofonium
1283 495 1648 571 Tigellinum
1663 543 1680 569 ‚
1725 513 1992 560 veterem:

132 584 562 662 impudicitiam
588 593 764 658 atque
800 581 1107 638 infamiam
1131 582 1196 638 in
1224 602 1293 639 eo
1332 594 1578 647 secutus,
1665 579 1864 662 Atque
1892 588 1986 644 illi

131 692 241 749 pro
268 669 515 744 cogn-itis
535 668 804 724 moribus
825 667 1016 737 fuere,
1056 667 1314 724 validior
1336 667 1668 742 Tigelh'nus
1691 670 1758 725 in
1785 672 1991 731 animo

133 756 420 833 princ-ipis
444 765 501 811 et
524 752 751 809 intimis
774 752 1129 809 libidinibus
1162 754 1535 829 adsumptus,
1572 756 1853 830 prospera
1878 778 1991 833 po-

133 842 264 917 puli
283 853 339 898 et
361 840 621 897 militum
642 839 798 894 fama
821 836 1046 908 Rufus,
1087 839 1249 915 quod
1275 840 1433 914 apud
1456 838 1755 899 Neronem
1780 832 1993 906 adserss

137 947 270 984 sum
291 925 715 1001 experiebatur.
1986 930 1990 936 “

307 1023 440 1084 LII.
503 1022 672 1080 Mors
693 1020 876 1079 Burri
909 1019 1148 1094 infregit
1172 1020 1425 1078 Senecae
1451 1024 1806 1097 potentiam,
1852 1027 1993 1104 quia'

135 1131 244 1168 nec
290 1110 468 1167 bonis
514 1109 739 1165 artibus
789 1108 948 1163 idem
991 1107 1213 1163 virium
1251 1118 1374 1163 erat
1416 1109 1599 1165 altero
1633 1110 1794 1167 velut
1846 1112 1995 1169 duce

145 1208 341 1254 amoto
360 1241 377 1266 ‚
421 1207 477 1251 et
502 1192 659 1250 Nero
688 1194 764 1248 ad
788 1192 1106 1248 deteriores
1130 1192 1474 1253 inclinabat.
1559 1192 1644 1250 Hi
1663 1195 1845 1252 variis
1878 1199 1997 1254 cri-

139 1281 566 1338 minationibus
591 1277 874 1335 Senecam
897 1277 1282 1347 adoriuntur‚
1323 1288 1606 1355 tanquam
1641 1279 1905 1355 ingentes
1940 1295 1999 1341 et
2089 1302 2093 1310 ’

139 1367 436 1444 privatum
491 1383 685 1438 supra·
721 1362 968 1419 modum
1028 1373 1254 1420 evectas
1307 1383 1449 1439 opes
1503 1361 1700 1423 adhuc
1743 1380 1998 1442 augeret3

141 1607 237 1653 Nisi
271 1618 378 1650 vero
406 1603 551 1648 voluit
596 1605 746 1662 generi
784 1603 902 1647 hanc
937 1620 1035 1671 spe·
1107 1606 1168 1648 tis
1190 1605 1401 1648 moribus
1416 1605 1462 1661 fi
1521 1605 1737 1666 Edspir·
1761 1590 2008 1711 At'q‘aeNJ-IR

1957 1685 2001 1714 e-

145 1667 258 1709 ciem
283 1664 473 1718 addere,
504 1663 619 1705 utin
672 1677 775 1704 uam
801 1662 848 1720 in
877 1666 1036 1719 primis
1103 1663 1390 1717 praegenitis
1425 1665 1631 1708 moribus
1649 1665 1810 1722 suere.

143 1723 201 1766 ssa
235 1722 387 1766 itiosus
432 1719 594 1763 esset.”
709 1735 838 1762 erum
885 1718 1038 1761 distin-

145 1789 240 1839 guit
275 1779 438 1822 Noster
468 1776 663 1833 flagitia
706 1784 748 1819 et
783 1778 1037 1828 adulteria,

144 1847 196 1882 ut
225 1836 302 1879 illa
327 1834 635 1892 intelligantur
667 1833 892 1885 facinora,
924 1850 1037 1891 quae

145 1910 229 1940 nos
251 1893 441 1938 dicimus
457 1892 614 1949 feige‚
650 1892 1037 1945 niedertrdclztig.

147 1953 205 1997 cf.
234 1953 272 2003 1,
299 1952 366 1995 18.
388 1950 460 1996 27.
483 1950 556 1994 69.

202 2020 452 2079 Sofonium
474 2018 770 2073 Tigellinum.
831 2018 908 2061 Sic
932 2017 1037 2063 edd.

145 2078 263 2148 Lies.
287 2094 387 2138 sqq.
451 2077 690 2132 Offom‘um
716 2076 936 2130 Tigilium
966 2077 1035 2121 ed.

144 2136 264 2196 Splr.
286 2165 346 2173 -—
389 2133 618 2191 Ofom'um
643 2133 915 2189 Tigillinum
935 2133 1038 2178 MS.

146 2194 302 2240 Guelf.
329 2193 436 2237 edd.
460 2192 564 2236 Put.
589 2191 656 2233 M.
679 2199 720 2234 et
743 2190 799 2234 V.
827 2190 1037 2235 Beroald.

149 2255 275 2309 (cum
296 2251 439 2295 silent.
465 2249 606 2305 vict.)
631 2247 731 2292 Alc.
764 2249 909 2293 Rhen.
935 2247 1040 2294 Ald.

147 2311 226 2354 Sic
260 2319 304 2353 et
333 2307 436 2351 MS.
468 2303 582 2354 Bu‘d.
644 2306 735 2350 Sed
757 2305 849 2350 Dio
878 2307 949 2360 59,
968 2305 1039 2348 23.

150 2365 174 2413 ὁ
205 2367 469 2424 Τιγελλῖνος
499 2361 522 2408 ὃ
548 2358 811 2420 Σωφόνιος.
872 2363 944 2406 De
971 2380 1045 2405 vo.

150 2425 313 2474 cabulo
336 2423 593 2478 Tigellinus
619 2420 678 2465 cf.
704 2429 801 2465 not.
828 2420 884 2464 ad
907 2437 945 2464 c.
970 2419 1042 2468 48.

206 2504 345 2552 atque
379 2494 453 2536 illi
461 2511 464 2514 ·
474 2508 565 2547 pro
601 2492 800 2546 cognitis
835 2490 1046 2534 moribus

140 2555 188 2610 fi
269 2553 347 2596 Sic
379 2550 736 2595 MSS.-Farnes.
769 2547 908 2592 Corb.
945 2548 1046 2592 edd.

154 2610 340 2657 Pichen.
387 2609 626 2664 (suadente
665 2608 904 2664 Mereero)
942 2622 1044 2664 sqq.

152 2668 356 2714 Eandem
389 2666 659 2724 scripturam
686 2663 884 2708 Pichena
915 2663 1046 2708 inve-

156 2728 224 2770 nit
248 2726 298 2768 in
320 2724 463 2768 altero
487 2722 586 2766 MS.
608 2721 736 2765 Flor.
751 2755 764 2775 ,
793 2721 870 2779 qui
895 2730 961 2765 est
985 2721 1049 2764 di·

155 2799 314 2829 versus
350 2798 375 2824 a
396 2781 491 2825 Lan
525 2779 759 2825 ohardico.
821 2778 905 2822 Hic
936 2779 1046 2834 (sec.

160 2840 310 2883 collat.
355 2838 444 2882 Iac.
530 2839 718 2892 ronow)
766 2852 871 2879 cum
913 2834 1048 2878 MSS.

159 2895 276 2940 Bud.
299 2894 452 2938 Guelf.
476 2893 601 2937 Harl.
631 2893 762 2936 Bodl.
796 2895 877 2937 les.
909 2902 1048 2949 atque

161 2955 234 2998 illi
245 2967 333 3008 pro
356 2953 562 3007 cognatis
576 2953 788 2994 moribus
800 2950 848 3006 f.
895 2951 1049 2994 Victo-

159 3011 254 3054 rius
271 3019 418 3054 tamen
440 3008 615 3051 silentio
633 3009 845 3052 tramisitz
876 3016 920 3050 et
934 3023 1051 3064 quae

161 3067 235 3116 illi
248 3082 336 3119 pro
360 3065 532 3120 genitis
555 3082 618 3109 m.
630 3065 700 3121 f,
734 3081 846 3122 quae
870 3074 975 3109 sunt
1001 3064 1050 3111 in

164 3125 264 3168 edd.
285 3123 385 3166 Put.
406 3123 471 3166 M.
495 3131 537 3166 et
561 3122 616 3168 V.
634 3121 843 3167 Beroald.
865 3124 965 3166 Ale.
995 3150 1053 3160 --

161 3182 404 3227 Rhenanus
436 3196 541 3222 cum
565 3194 639 3234 seq
676 3211 686 3222 .
719 3194 769 3222 ex
803 3179 984 3239 ingenio
1011 3188 1054 3222 et

165 3239 280 3283 duce
300 3236 404 3284 MS.
430 3237 545 3288 Bud.
573 3236 643 3279 edi
678 3236 734 3283 it:
768 3253 822 3279 αο
847 3253 968 3294 quae
990 3238 1063 3279 illi

161 3311 252 3351 pro
274 3296 486 3362 cognatis
507 3310 571 3363 ιφ.
582 3294 627 3349 f.
687 3293 885 3362 Ryckius
909 3310 932 3337 e
955 3296 1056 3339 MS.

166 3354 656 3454 fflendgtaetaiiilenp'i?
686 3353 1058 3465 figissmMesmprC

171 3467 401 3520 ingenitis.
486 3466 525 3510 E
567 3464 704 3509 MSS.
758 3465 867 3523 Reg.
913 3466 1059 3513 Vatic.

168 3523 399 3573 Broterius
423 3523 567 3573 adfert
591 3531 731 3580 atque
752 3524 822 3570 illi
837 3527 1058 3582 progeni-

1108 1719 1196 1762 rito
1232 1721 1561 1778 acquiescimus
1597 1721 1645 1765 in
1677 1724 1898 1783 scriptura
1931 1743 2001 1771 re-

1110 1786 1260 1835 cepta,
1287 1793 1399 1835 quae
1422 1786 1464 1820 et
1489 1780 1706 1837 optimam
1728 1790 1770 1825 et
1790 1783 1998 1843 planissi.

1108 1851 1227 1878 mam
1251 1835 1527 1879 sententiam
1545 1836 1695 1881 efficit.
1769 1850 1774 1855 ⁴
1904 1851 1906 1853 ’
1982 1835 1986 1841 ’

1167 1899 1211 1934 et
1233 1893 1425 1935 intimis.
1487 1893 1564 1937 Sic
1579 1893 1712 1939 MSS.
1738 1896 1860 1941 Flor.
1887 1899 2003 1953 (test.

1108 1947 1229 1992 Vici.
1260 1965 1300 1992 c.
1327 1949 1418 1993 Iac.
1442 1950 1606 2008 Gron.)
1636 1952 1752 1997 Bud.
1787 1955 1887 1999 edd.
1912 1950 2001 2001 Iac.

1111 2005 1317 2053 Gronov.
1351 2005 1530 2051 Ernest.
1563 2023 1661 2078 sqq.
1750 2011 1829 2055 Sic
1871 2013 2005 2058 etiam

1108 2063 1352 2107 Rhenanus
1387 2066 1594 2110 voluerat
1615 2084 1675 2123 *m
1709 2070 2007 2128 castigationi-

1109 2122 1218 2172 bus;
1257 2120 1308 2163 in
1337 2131 1548 2169 contextu
1570 2132 1719 2169 tamen
1740 2128 1925 2172 retinuit
1945 2144 2011 2174 ex

1111 2179 1310 2229 intimis,
1361 2181 1485 2238 quod
1528 2191 1592 2229 est
1630 2183 1678 2226 in
1711 2182 1847 2228 MSS.
1872 2185 2004 2232 Harl.
2055 2223 2060 2229 ,

1112 2236 1248 2279 Bodl.
1284 2237 1367 2280 Ies.
1406 2236 1556 2283 Guelf.
1585 2239 1691 2284 edd.
1723 2240 1826 2286 Put.
1861 2243 1930 2286 M.
1965 2252 2010 2289 et

1114 2294 1173 2336 V.
1197 2294 1301 2337 Ber.
1329 2312 1428 2354 sqq.
1499 2296 1554 2340 In
1578 2296 1846 2358 MSS·.··Reg.
1870 2298 2009 2353 corb.

1114 2350 1262 2396 vatic.
1288 2353 1396 2409 Agr.
1421 2353 1488 2396 ed.
1506 2354 1623 2412 Spir.
1650 2362 1695 2397 et
1715 2356 1766 2397 in
1791 2358 1981 2408 intimis.

1174 2420 1286 2465 (ΞΜ).
1318 2421 1390 2465 52.
1459 2427 1525 2466 ad
1565 2428 1836 2473 deteriores.
1892 2425 2010 2474 [MS.

1116 2478 1234 2521 Bud.
1261 2483 1327 2520 ad
1349 2488 1575 2531 terrores,
1605 2483 1725 2526 unde
1743 2501 1830 2530 sec.
1849 2481 2011 2532 manus

1115 2536 1224 2580 fecit
1247 2540 1314 2578 ad
1334 2552 1530 2582 errores.
1561 2568 1620 2577 --
1680 2542 1791 2585 Mox
1815 2543 1885 2588 ed.
1910 2545 2012 2592 Ber.

1118 2610 1202 2693 gli-0
1223 2594 1393 2660 vir-”ium
1415 2595 1570 2640 vitiose
1595 2599 1668 2641 dat
1684 2600 1858 2655 virum,
1880 2600 2013 2660 ¹qnod

1164 2653 1350 2720 ictor-ius
1382 2669 1408 2697 e
1438 2653 1540 2699 MS.
1579 2656 1704 2703 Flor.
1738 2662 2017 2711 correxit'in

1120 2724 1314 2753 virtum.

1177 2780 1418 2835 privatum
1463 2795 1610 2837 supra
1646 2790 1857 2832 modum.
1939 2791 2017 2839 Sic

1121 2837 1256 2884 MSS.
1278 2837 1402 2882 Flor.
1425 2841 1547 2894 (test.
1565 2839 1704 2900 Vict.)
1730 2843 1880 2891 Guelf.
1899 2849 2017 2904 Bud-

1121 2897 1227 2950 (sec.
1251 2897 1331 2950 m.)
1365 2897 1464 2942 edd.
1489 2896 1690 2944 Rhenan.
1713 2901 1890 2949 Ernest.
1923 2924 1973 2966 sq
2008 2940 2022 2954 .

1122 2953 1214 2996 Pro
1246 2955 1488 3006 privatam
1523 2956 1624 3000 edd.
1655 2958 1760 3010 Put.
1796 2963 1863 3005 M.
1896 2973 1939 3008 et
1963 2925 2018 3011 ὃ.

1122 3009 1332 3054 Beroald.
1376 3012 1478 3055 Alc.
1531 3014 1739 3062 exhibent
1781 3022 2019 3075 privatim.

1122 3067 1260 3113 MSS.
1299 3067 1422 3113 Harl.
1461 3069 1595 3117 Bodl.
1644 3073 1727 3123 les.
1768 3076 1817 3119 in
1852 3072 2020 3137 supra

1123 3128 1318 3168 modum
1380 3129 1667 3186 conspirant3
1727 3142 1882 3178 utrum
1933 3137 2017 3182 ha*-

1124 3184 1258 3227 beant
1274 3185 1540 3238 privatum,
1572 3203 1628 3230 an
1648 3192 1899 3243 priuatim,
1923 3212 2020 3244 non

1126 3241 1287 3283 diserte
1323 3242 1545 3298 proditur.
1618 3246 1823 3293 Coniicio
1855 3250 1937 3297 hos
1969 3254 2021 3298 li.

1126 3299 1258 3348 bros,
1307 3298 1371 3341 uti
1411 3300 1583 3351 solent.
1623 3306 1884 3364 conspirare
1911 3326 2018 3356 cum

1114 3353 1284 3401 ·„Guelf.
1343 3355 1578 3402 Broterius
1609 3376 1688 3405 eos
1718 3378 1825 3414 cum
1853 3365 2020 3414 Putem

1128 3412 1234 3455 lano
1261 3411 1315 3455 ad
1341 3415 1528 3459 eandem
1552 3416 1799 3466 formulam
1820 3436 2003 3473 revocat

1127 3477 1341 3526 tanquam
1382 3470 1574 3520 habeant
1609 3478 1854 3533 privatum
1894 3462 2021 3530 ultrei

1129 3531 1345 3578 modum,
1405 3544 1546 3593 quum
1584 3535 1701 3598 apud
1740 3537 1920 3591 Puteol.
1963 3544 2022 3595 sit
