2164 3990
169 288 223 324 A.
234 285 287 322 U.
301 286 387 322 801.

167 335 220 369 A.
240 329 287 367 C.
322 331 385 367 48.

651 289 824 351 LIB.
860 280 971 350 le

1042 266 1234 350 CAP‘.
1274 247 1373 352 38.
1852 296 1928 352 61

86 425 235 504 eiu3,
277 442 410 480 cum
435 440 609 497 supra
636 418 965 493 Pallantem
989 432 1045 477 et
1065 417 1376 492 Callistum
1401 431 1612 495 ageret.
1689 417 1723 449 '¹²
1747 419 1934 481 hone.

35 570 38 574 ⁴
85 520 170 566 sta
195 509 465 584 quidem,
506 507 607 562 sed
631 525 697 561 ex
724 506 939 582 quibus
971 506 1282 562 deterrima
1312 506 1637 576 orirentur,
1677 508 1932 566 tristitiis

58 609 66 615 ’
85 593 306 659 multis„

84 767 349 825 Respondeo
393 767 514 812 aliud
555 783 648 810 esse
686 767 970 809 leuissimum

71 827 258 883 fastidii
305 827 402 869 eius
440 842 590 884 ‚quam
633 828 730 868 leve
761 825 969 880 fastidii.

85 883 196 926 Nam
215 883 465 938 fastidium
491 882 563 926 hic
587 883 675 926 dici
706 899 790 940 pro
824 885 968 924 adro-

82 941 272 995 gantia,
317 941 553 994 superbia,
594 939 723 983 facile
765 938 969 996 intelligi-

83 1007 170 1041 tur.
228 999 323 1042 lam
335 999 592 1054 faslidium
617 1006 679 1039 est
705 1013 879 1039 summa
902 1013 970 1038 re-

81 1071 210 1105 rum,
250 1057 346 1114 quis
380 1055 454 1098 ille
489 1054 793 1113 superbiebat,
825 1062 867 1095 et
899 1055 967 1095 le-

82 1113 328 1155 vissimum
355 1113 547 1167 fastidii
577 1114 673 1154 eius
704 1120 767 1154 est
800 1109 969 1154 levissi-

83 1187 209 1214 mum
241 1187 290 1214 ex
323 1171 400 1220 iis,
451 1186 563 1227 quae
600 1169 683 1212 sibi
725 1168 968 1224 adrogabat

82 1227 156 1272 vel
202 1225 421 1270 levissima
466 1241 566 1283 pars
609 1242 761 1269 earum
802 1241 968 1275 rerum,

83 1285 243 1342 quibus
272 1285 408 1326 fastus
444 1284 536 1326 eius
567 1283 793 1326 nitebatur
829 1281 967 1340 (geni-

80 1343 194 1384 tivus
228 1341 494 1399 partitivus).
555 1339 848 1383 Germanice:
885 1343 969 1381 der

77 1403 312 1453 gerz'ngste
325 1398 621 1454 Gegenstand
634 1400 733 1440 sein
740 1412 788 1440 es
803 1398 968 1439 Hebet-

80 1459 252 1500 mutle.
328 1456 405 1500 Sic
437 1457 503 1508 12,
532 1456 602 1499 28.
638 1456 825 1497 modica
851 1469 969 1510 pars

68 1515 242 1572 famae
265 1515 361 1556 eius
386 1517 511 1569 opud
525 1520 734 1567 posteros
753 1512 796 1557 h.
812 1528 850 1556 e.
874 1528 969 1554 mo-

83 1572 179 1614 dica
230 1587 330 1628 pars
368 1587 532 1615 rearum
574 1587 747 1621 rerum,
803 1569 968 1628 quibus

80 1631 198 1672 fama
221 1627 314 1670 eius
337 1628 561 1671 nitebatur
582 1627 701 1684 apud
722 1636 940 1685 posteros.

141 1699 300 1739 supra.
359 1685 437 1728 Sic,
464 1684 567 1728 MS.
597 1685 744 1735 Flor„
777 1699 868 1726 non
903 1691 968 1725 to-

84 1743 222 1787 tidem
257 1741 438 1792 litteris,
500 1741 576 1784 sed
622 1757 700 1799 per
757 1757 970 1799 compen-

87 1799 211 1844 dium
236 1802 356 1856 quod
376 1797 574 1856 Ryckius
599 1798 972 1856 interpretabatur

83 1870 248 1912 super,
283 1859 370 1901 Iac.
389 1856 648 1900 Gronovius
670 1871 826 1909 supra.
889 1855 968 1898 Di-

87 1921 195 1958 cunt
215 1914 399 1956 eandem
422 1921 575 1955 notam
608 1912 802 1956 inveniri
836 1928 874 1957 e.
897 1911 967 1956 28.

83 1971 132 2014 in
154 1972 292 2017 verbo
313 1978 564 2023 superesset
572 1984 586 2021 ‚·
617 1971 683 2021 12,
704 1971 749 2013 9.
795 1969 905 2013 Hist.
929 1974 968 2022 1,

86 2030 155 2073 51.
213 2027 440 2070 Victorius
464 2027 732 2085 scripturam
746 2027 971 2071 Beroaldi-
988 2043 992 2045 ·

82 2101 190 2130 nam
200 2084 380 2142 reliquit
395 2085 619 2135 intactam,
639 2100 799 2142 nempe
814 2100 969 2129 secun-

84 2148 220 2194 dum,
251 2143 373 2200 quod
396 2151 461 2184 est
480 2142 526 2183 in
540 2142 674 2186 MSS.
698 2142 819 2186 Harl.
837 2143 969 2187 Bodl.

84 2201 168 2245 les.
193 2199 345 2244 Guelf.
368 2200 469 2244 edd.
491 2199 608 2257 Spir.
634 2199 737 2243 Put.
758 2201 825 2244 Μ.
850 2200 891 2244 et
913 2200 970 2247 V.

84 2256 294 2301 Beroald.
318 2257 418 2302 Alc.
446 2255 587 2300 Rhen.
616 2273 713 2315 sqq.
742 2274 882 2315 usque
914 2258 970 2301 ad

83 2313 324 2372 Ryckium.
410 2314 480 2356 De
521 2315 656 2358 MSS.
700 2316 810 2372 Agr.
853 2316 967 2360 Bud.

13 2381 15 2383 ’
83 2373 142 2416 ita
163 2381 322 2422 tacent,
350 2380 400 2414 ut
421 2371 539 2414 idem
560 2373 702 2414 inesse
725 2374 938 2417 videatur.

141 2437 314 2482 ageret.
369 2428 450 2472 Ed.
472 2429 587 2485 Spir.
611 2437 774 2483 egeret.

141 2487 167 2513 ‘¹
187 2489 382 2527 honesta
433 2488 633 2541 quidem.
710 2485 829 2531 Vett.
869 2486 969 2531 edd.

83 2543 192 2586 haec
233 2541 387 2600 legunt
426 2543 518 2587 sic:
570 2552 731 2597 ageret
772 2547 970 2587 honesta

85 2599 268 2656 quidem
295 2608 377 2644 etc.
417 2599 518 2644 Put.
542 2601 607 2642 M.
630 2600 738 2644 etV.
762 2630 822 2637 --
860 2617 967 2656 ege-

84 2663 158 2700 ret
193 2661 387 2700 honesta
424 2660 608 2712 quidem
649 2658 716 2701 ed.
749 2658 865 2716 Spir.
913 2684 969 2695 -·-

87 2722 263 2768 ageret,
293 2717 489 2757 honesta
524 2717 707 2770 quidem
737 2716 836 2759 edd.
863 2715 968 2762 Alc.

86 2770 288 2815 Rbenan.
311 2787 416 2829 sqq.
467 2772 554 2815 Sed
577 2790 677 2816 cum
692 2774 830 2817 verbo
856 2790 967 2828 oge-

87 2835 157 2882 ,ἵει
180 2829 388 2890 coniungi
403 2830 596 2872 homst-a
613 2831 709 2888 quis
728 2830 800 2873 hie
820 2831 968 2875 fex-et?

1042 766 1108 810 Ut
1137 768 1334 809 honesta
1367 766 1533 810 referas
1569 767 1624 811 ad
1665 770 1934 824 quaestoria

1041 825 1240 876 insignia
1285 833 1327 869 et
1369 825 1627 882 interposita
1682 825 1932 882 parenthesi

1043 880 1320 933 circumdes,
1356 891 1590 940 propterea
1622 883 1823 939 ineptum
1848 891 1929 935 est,

1041 937 1143 996 quia
1174 955 1197 980 e
1229 939 1491 995 quaestoriis
1527 939 1777 998 insignibus
1810 948 1932 983 certe

1040 998 1297 1038 deterrima
1321 997 1396 1040 illa
1421 1013 1515 1039 non
1532 1008 1634 1039 sunt
1655 1007 1767 1040 orta.
1812 997 1932 1042 Hinc

1040 1051 1261 1109 Ryckius,
1318 1053 1551 1097 Ernestius
1593 1053 1755 1112 aliique
1794 1055 1932 1098 inter·

1039 1120 1270 1166 pungunt:
1320 1119 1507 1166 age-ret.-
1572 1112 1785 1155 Honesta
1825 1113 1929 1169 qui-

1039 1170 1147 1208 dem
1169 1176 1278 1216 etc.‚
1310 1178 1359 1212 ut
1384 1168 1562 1212 Tacitus
1584 1170 1711 1214 brevi
1730 1169 1819 1214 hoc
1838 1169 1932 1228 epi·

1040 1223 1315 1281 phonemate
1342 1226 1606 1271 sententiam
1637 1243 1762 1270 suam
1794 1243 1930 1286 super

1039 1280 1326 1325 Messallinae
1367 1283 1500 1326 caede
1535 1299 1558 1326 a
1588 1283 1794 1329 Narcisso
1828 1301 1931 1343 per-

1039 1346 1212 1396 petrata
1245 1341 1452 1397 proferre
1488 1341 1679 1385 voluisse
1714 1342 1931 1388 videatur.

1040 1396 1129 1441 Sed
1141 1395 1372 1440 Ernestius
1394 1397 1576 1456 insuper
1600 1399 1828 1451 existimat,
1859 1400 1933 1444 hic

1040 1455 1172 1496 verba
1224 1455 1444 1512 quaedam
1494 1456 1728 1510 excidisse,
1780 1456 1932 1502 velun

1038 1514 1154 1553 haec
1178 1520 1277 1555 tum
1298 1520 1404 1554 acta
1416 1512 1684 1569 flagt'cz'zlslif.
1708 1515 1929 1558 ulciscen-

1040 1570 1112 1613 dis
1145 1579 1219 1612 aut
1250 1569 1395 1612 simile
1422 1570 1545 1623 quid.
1604 1571 1663 1615 cf.
1686 1572 1778 1616 An.
1799 1571 1840 1624 3,
1861 1573 1932 1618 19.

1040 1636 1082 1670 et
1111 1627 1178 1675 11,
1201 1627 1270 1669 26.
1338 1627 1550 1672 Arbitror
1576 1627 1832 1673 Ernestium
1866 1629 1932 1679 vi-

1041 1683 1157 1727 disse.
1179 1700 1350 1727 verum.

1098 1755 1161 1782 ex
1183 1742 1358 1796 quibus,
1414 1739 1499 1786 Ed.
1522 1741 1641 1803 Spir.
1660 1758 1724 1786 ex
1746 1747 1862 1801 quis.

1098 1799 1353 1842 orirentur.
1446 1799 1546 1844 MS.
1606 1800 1730 1846 Flor.
1802 1807 1930 1856 (test.

1040 1853 1180 1906 Vict.)
1207 1862 1468 1899 orerentur.
1526 1857 1584 1902 cf.
1606 1867 1702 1902 not.
1724 1859 1777 1903 ad
1800 1860 1843 1912 3,
1860 1862 1933 1906 61.

1039 1911 1144 1956 MS.
1169 1911 1321 1956 Guelf.
1342 1915 1563 1958 orientur.

1097 1970 1297 2012 tm'stitiss
1331 1971 1506 2015 multis.
1565 1973 1640 2018 Sic
1662 1973 1936 2023 MSS->Pion

1046 2024 1182 2083 (ᾖν.)
1211 2026 1363 2070 Guelf.
1384 2027 1485 2072 edd.
1497 2028 1614 2090 Spir.
1641 2033 1769 2086 (haec
1792 2037 1937 2079 tristi-

1042 2088 1140 2139 ciis)
1169 2086 1344 2129 Ernest.
1367 2086 1539 2133 Broter.
1564 2090 1722 2135 Uberi.
1747 2108 1841 2151 sqq.
1874 2116 1935 2128 —

1042 2145 1143 2188 MS.
1169 2143 1283 2187 Bud.
1307 2145 1503 2188 tristities
1523 2148 1694 2193 inultis.
1713 2151 1773 2186 -”-
1810 2152 1932 2195 Flo-

1039 2204 1162 2256 gitiis
1185 2206 1343 2246 multis
1372 2203 1470 2247 edd.
1493 2203 1595 2251 Put.
1616 2206 1682 2250 Μ.
1705 2217 1748 2251 et
1760 2206 1818 2254 V.
1847 2209 1932 2253 Be-

1041 2259 1185 2306 roald.
1214 2260 1316 2305 Alc.
1352 2269 1396 2303 et
1426 2260 1560 2307 MSS.
1595 2264 1774 2321 quidam
1809 2268 1930 2325 apud

1039 2316 1313 2364 Broterium.
1345 2341 1403 2353 —-·
1434 2318 1635 2374 flagitiis
1654 2324 1815 2366 inultis
1827 2325 1929 2370 edd.

1038 2366 1240 2424 thnan.
1263 2392 1360 2435 sqq.
1385 2385 1427 2421 et
1457 2378 1592 2423 MSS.
1619 2378 1790 2424 Vaticc.
1818 2381 1932 2427 1863

1041 2439 1083 2474 et
1107 2433 1231 2477 1864.
1260 2462 1319 2471 --
1379 2435 1477 2493 Bip.
1505 2436 1693 2479 coniect.
1721 2437 1930 2486 tristitiis

1041 2491 1234 2532 mutatis
1271 2493 1300 2536 i.
1333 2508 1370 2534 e.
1404 2501 1452 2535 ut
1486 2493 1685 2536 tristibus
1729 2495 1926 2541 tristiora

1040 2547 1329 2592 succederent
1351 2550 1446 2604 (ἲ).
1521 2550 1677 2596 Hiller.
1713 2551 1821 2597 Rae.
1854 2553 1928 2600 35.

1038 2605 1222 2647 astutiis
1242 2609 1415 2651 multis.
1447 2607 1688 2665 Rupertius
1709 2609 1932 2655 tristitiae

1039 2659 1106 2703 vel
1155 2664 1421 2706 trisulca-ima
1470 2668 1643 2710 multis.
1727 2666 1819 2710 Sed
1871 2670 1928 2713 de

1040 2718 1328 2763 emendandis
1370 2722 1489 2765 hisce
1527 2723 1675 2768 verbis
1705 2732 1802 2768 tum
1843 2726 1929 2770 de-

1041 2788 1161 2817 mum
1202 2777 1524 2835 cogitabimus,
1573 2797 1678 2828 cuni
1709 2791 1829 2829 totus
1862 2783 1926 2829 lo·

1039 2848 1119 2878 eus
1142 2834 1225 2876 erit
1251 2834 1416 2881 salvus.
