2196 4004
201 230 255 266 A.
271 227 324 265 U.
343 225 432 264 Bm.

202 268 322 308 A0‘*C‹
366 271 429 304 47.

644 205 661 219 ’“
706 211 889 305 meg
919 228 1022 293 x1.
1089 183 1286 293 CAP..
1326 230 1385 292 9.
1896 234 1973 296 19

230 404 233 407 ι
285 360 389 422 ΙΧ.
436 360 608 419 Tunc
634 358 924 417 distractis
949 355 1218 418 Orientis
1245 361 1472 418 viribus
1496 371 1552 418 et
1579 380 1837 438 quonam
1874 364 1971 421 in·-

118 443 404 508 olinarent
446 444 685 503 incertis
731 463 896 501 casus
932 441 1273 502 Mithridati
1314 447 1484 503 datus
1524 457 1608 504 est
1642 450 1971 523 occupandi

113 529 461 591 Armeniam
499 532 562 587 vi
598 529 804 585 militis
835 527 1099 588 Romani
1131 531 1206 587 ad
1244 531 1559 587 excidenda
1596 533 1971 591 castellorum

116 619 332 687 ardua,
384 616 561 673 simul
599 613 772 671 Ibero
821 615 1079 672 exercitu
1127 636 1361 691 campos
1396 616 1774 690 persultante.
1861 639 1971 676 nec
1990 663 1996 671 .,

118 702 278 761 enim
314 703 582 776 resistere
618 696 920 768 Armenii,
975 701 1107 770 fuso
1147 701 1252 778 qui
1288 701 1580 776 proelium
1628 721 1804 759 ausus
1848 715 1972 762 erat

115 785 474 844 Demonacte
497 785 806 861 praefecto,
892 783 1209 842 Paululum
1234 779 1624 843 cunctationis
1649 787 1846 845 attulit
1871 809 1973 846 rex

115 872 363 929 minoris
388 867 706 929 Armeniae
729 868 938 947 Cotys,
989 870 1171 926 versis
1206 870 1348 927 illuc
1383 871 1738 948 quibusdam
1766 893 1974 948 proce-

115 978 277 1013 rum:
333 957 473 1014 dein
508 956 718 1013 litteris
746 953 1010 1012 Caesaris
1048 955 1364 1026 coercitu5‚
1419 968 1476 1014 et
1510 968 1717 1014 cuncta
1753 958 1821 1013 in
1847 957 1975 1015 Mi-

117 1038 433 1099 thridatem
472 1042 720 1110 fluxere,
773 1038 1118 1096 atrociorem
1147 1061 1324 1116 quam
1353 1061 1510 1098 novo
1537 1061 1720 1116 regno
1747 1044 1976 1100 condu-

119 1139 291 1186 ceret.
389 1122 472 1184 At
503 1122 711 1183 Parthi
750 1125 1160 1198 imperatoreS,
1210 1146 1349 1182 ,cum
1381 1146 1639 1202 pugnam
1678 1142 1973 1203 pararent,

115 1212 323 1269 foedus
372 1221 611 1285 repente
664 1209 913 1279 iaciunt,
991 1209 1239 1282 cognitis
1293 1211 1673 1286 popularium
1725 1212 1977 1284 insidiis,

174 1356 344 1402 CAP.9.
376 1356 563 1399 viribus.
607 1353 710 1398 MS.
723 1354 839 1399 Bud.
856 1355 1006 1410 copiis,

116 1432 167 1460 ex
201 1414 516 1458 emendatione
547 1412 668 1463 eius,
718 1412 794 1470 qui
828 1422 1007 1471 putaret

117 1473 294 1518 verbis:
336 1486 541 1530 quonam
565 1470 845 1521 inclinarent
867 1472 1008 1512 incer-

118 1531 197 1585 tis,
222 1545 318 1574 non
339 1530 440 1573 satis
463 1527 706 1573 convenire
731 1527 1008 1573 vocabulum

116 1588 307 1631 viribus.
366 1585 454 1629 Sed
488 1587 672 1631 incertis
700 1584 774 1629 hie
807 1600 901 1628 non
934 1585 1008 1627 in-

119 1644 409 1703 telligendum
433 1651 497 1686 est
515 1643 568 1686 de
583 1642 649 1694 iis,
671 1643 744 1700 qui
762 1643 1018 1695 nescirent>3

120 1703 195 1746 se'd
219 1702 367 1758 potius
391 1701 445 1743 de
468 1700 544 1748 iis,
576 1714 690 1757 quae
710 1699 1011 1742 nescirentur.

175 1760 225 1801 vi
244 1759 409 1800 militis
427 1758 484 1800 R.
543 1755 774 1799 Ernestius
799 1765 841 1798 et
857 1757 1011 1799 Kiess-

119 1815 283 1873 lingius
320 1814 559 1857 admittunt
603 1811 833 1867 σύλληψιν
873 1813 1008 1856 intel-

122 1873 240 1917 lecto
264 1885 517 1918 conversa,
578 1871 668 1913 uod
692 1870 848 1914 dicunt
870 1870 1010 1912 latere

118 1929 168 1972 in
183 1930 491 1983 persultante.
581 1927 714 1970 emini
737 1935 885 1970 tamen
907 1943 1012 1985 per-

120 1986 372 2030 suadebunt
415 1994 526 2029 tam,
556 2001 662 2042 vaga
702 1984 918 2028 Nostrum
966 1985 1014 2028 in

119 2043 209 2088 hoe
232 2058 393 2101 genere
416 2058 546 2086 usum
571 2058 664 2086 esse
686 2040 881 2086 lieentia.
921 2041 1015 2087 Ab-

120 2100 275 2144 lativus
309 2103 358 2143 υἱ
383 2099 650 2158 simpliciter
682 2099 848 2143 indicat
871 2099 1013 2142 ratio-
1075 2114 1077 2118 ’

122 2174 224 2201 nem
239 2190 251 2208 ,
275 2174 361 2218 qua
374 2157 658 2201 Mithridates
681 2156 915 2214 occupavit
929 2156 1014 2201 Ar·

123 2215 343 2267 moniam,
387 2223 437 2259 ut
465 2213 683 2273 intelligas
717 2213 845 2256 illum
881 2214 929 2256 in
966 2230 1014 2258 ea

124 2273 421 2330 occupatione
448 2285 589 2315 usum‘
606 2289 699 2315 esse
723 2271 763 2314 vi
787 2271 938 2314 militis
958 2271 1013 2315 R.

123 2329 179 2372 ad
202 2346 291 2375 exc.
316 2347 358 2374 e.
385 2329 535 2381 ardua,
557 2328 690 2373 simul
713 2337 798 2371 etc.
827 2328 1015 2372 Diversa

124 2385 264 2443 igitur
290 2396 353 2431 est
376 2386 607 2444 utriusque
634 2386 824 2429 membri
849 2386 979 2429 ratio.

187 2459 457 2505 excidenda.
473 2456 520 2496 M
529 2456 558 2498 S
566 2487 576 2498 .
584 2455 732 2498 Guelf.
750 2457 1014 2498 excitanda.

125 2519 202 2564 Sic
217 2515 401 2562 Curtius
415 2515 454 2564 7,
467 2513 508 2562 6,
519 2515 595 2567 26.
626 2516 831 2555 excitata
852 2514 1014 2554 muni-

124 2583 311 2623 menta3
339 2572 401 2616 id.
420 2572 458 2621 8,
471 2571 513 2621 2,
525 2572 596 2613 24.
625 2572 834 2613 excitata
855 2573 1014 2613 moles.

125 2633 212 2677 Sed
239 2633 307 2675 vis
326 2629 478 2672 militis
502 2628 556 2671 R.
579 2629 843 2670 excidendis
868 2628 1017 2684 potius

127 2706 257 2750 quam
288 2687 548 2730 excitandis
570 2684 758 2728 castellis
791 2686 1014 2728 convenit.

182 2747 492 2792 castellorum.
562 2742 643 2785 Ed.
675 2741 794 2801 Spir.
832 2749 1014 2784 castro-

126 2821 249 2849 rum.
307 2803 417 2846 Mox
431 2800 530 2843 MS.
546 2798 695 2843 Guelf.
714 2804 1018 2854 presulcante,

125 2861 345 2906 vocabulo
368 2873 555 2910 campos
575 2857 758 2902 omisso.

183 2921 411 2962 resistere.
492 2913 569 2957 Sic
613 2914 750 2958 MSS.
798 2915 918 2957 Flor.
967 2916 1017 2969 (t.

126 2978 266 3032 Viet.)
290 2974 402 3017 Bud.
429 2971 528 3014 edd.
553 2971 669 3028 Spir.
696 2971 798 3014 Put.
815 2972 881 3015 Μ.
905 2981 946 3014 et
959 2972 1016 3015 V.

126 3034 269 3077 Rhen.
284 3051 302 3075 s
337 3048 448 3090 q.-
468 3031 675 3071 restitere
694 3029 794 3072 edd.
809 3029 1017 3072 Beroald.

126 3093 228 3136 Alc.
252 3090 316 3131 M.
342 3122 351 3132 .
376 3086 527 3129 Guelf.
586 3086 835 3129 Infinitivus
859 3085 1018 3130 melius

128 3149 293 3192 Nostro
319 3143 543 3188 convenit.

181 3206 444 3258 paululum.
507 3200 586 3243 Ed.
612 3199 728 3257 Spir.
746 3202 959 3254 paulum.

187 3258 508 3304 cunctationis.
539 3257 612 3299 Sic
627 3258 696 3300 ed.
710 3258 826 3314 Spir.
842 3285 899 3292 —
910 3273 1021 3299 con-

130 3319 321 3360 tationis
345 3317 444 3358 edd.
467 3314 568 3356 Put.
596 3315 664 3363 Μ,
689 3324 732 3358 et
755 3315 811 3357 Vs
829 3341 888 3349 --
911 3330 1020 3357 con-

130 3376 343 3418 ctotiom's
366 3373 464 3416 edd.
482 3371 583 3416 Alc.
601 3370 743 3415 Rhen.
805 3371 891 3414 Sed
919 3371 1020 3415 libri

132 3433 212 3475 sibi
238 3447 331 3473 non
357 3436 564 3474 constant
593 3427 638 3470 in
669 3427 752 3471 hac
781 3428 1018 3485 scriptura.

130 3489 252 3532 Flor.
277 3487 538 3547 plerumque
560 3485 753 3542 praefert
774 3486 1018 3530 cunctatio.

132 3545 305 3603 Lipsius
327 3550 583 3590 constanter
605 3543 829 3586 concutio.

1137 1357 1307 1399 attulit.
1340 1354 1416 1400 Sic
1436 1355 1538 1400 libri
1563 1365 1670 1404 vett.
1692 1358 1782 1402 mei
1806 1375 1977 1413 omneS,

1081 1429 1175 1457 non
1200 1416 1386 1456 adtulit.

1141 1470 1292 1526 Cotys.
1361 1471 1443 1514 Ed.
1476 1470 1595 1529 Spir.
1640 1472 1809 1517 Chotis.
1872 1474 1976 1519 MS.

1086 1527 1237 1571 Guelf.
1266 1528 1403 1572 Cotis.
1461 1528 1532 1571 De
1556 1529 1644 1572 hoc
1666 1546 1770 1588 rege
1804 1530 1864 1576 cf.
1885 1531 1977 1576 Dio

1087 1585 1154 1633 59,
1189 1586 1258 1628 19.
1321 1586 1494 1642 loseph.
1520 1587 1584 1634 19,
1608 1588 1648 1630 8.

1142 1644 1263 1684 dein.
1322 1642 1400 1685 Sic
1415 1643 1548 1686 MSS.
1569 1644 1690 1687 Flor.
1719 1646 1839 1699 (test.
1858 1647 1979 1691 vict.

1086 1707 1127 1742 et
1139 1699 1283 1755 Pich.)
1296 1699 1411 1743 Bud.
1425 1700 1524 1742 edd.
1539 1701 1658 1758 spir.
1673 1702 1799 1746 Pich.
1813 1719 1911 1761 sqq.
1925 1729 1980 1740 -—

1084 1760 1252 1799 deinde
1284 1757 1386 1800 edd.
1418 1757 1596 1801 Puteol.
1627 1759 1696 1803 M.
1725 1769 1767 1803 et
1791 1760 1846 1802 V.
1871 1762 1977 1806 Ber.

1084 1814 1188 1857 Alc.
1212 1813 1413 1857 Rhenan.
1435 1830 1532 1871 sqq.
1558 1830 1661 1859 curn
1676 1817 1778 1860 MS.
1797 1816 1950 1862 Guelf.

1122 1884 1435 1926 ἀἰτοωόν-εηι.
1495 1884 1580 1928 Ed.
1613 1885 1732 1945 Spir.
1770 1877 1808 1948 ,ᾇ
1845 1897 1984 1934 atro-

1085 1955 1274 1984 ctorem.

1144 1999 1330 2042 iaciunt.
1390 1998 1467 2043 Sic
1499 1999 1638 2044 MSS.
1666 2001 1792 2047 Flor.
1828 2005 1877 2060 (t.
1908 2006 1982 2063 V.)

1087 2055 1322 2114 Bud.Reg.
1342 2056 1518 2115 aliique,
1543 2059 1643 2101 edd.
1661 2059 1778 2118 Spir.
1795 2069 1837 2104 et
1856 2071 1982 2107 eete-

1088 2130 1162 2158 rae
1181 2128 1423 2157 omnes.-
1445 2115 1583 2157 icz'unt
1596 2117 1839 2177 MS.Agr.‚
1859 2121 1983 2178 quod

1085 2178 1316 2227 receptum
1339 2186 1361 2213 a
1382 2171 1562 2230 Bipont.
1589 2183 1631 2218 et
1660 2174 1873 2221 oberlin.
1898 2177 1982 2222 ho-

1088 2230 1158 2273 die
1193 2227 1352 2271 editur.
1409 2229 1624 2276 Aurelius
1655 2231 1835 2277 volebat
1862 2250 1985 2278 san-

1085 2287 1242 2339 ciunt,
1294 2284 1366 2327 alii
1395 2287 1601 2342 faciunt.
1675 2288 1792 2332 Nam
1830 2292 1985 2337 z'czcere

1073 2344 1250 2401 foedus
1272 2358 1356 2400 pro
1381 2345 1502 2386 icere
1511 2346 1557 2400 f
1581 2346 1843 2391 inusitatum
1865 2350 1983 2395 vide·

1085 2403 1218 2444 batur
1258 2399 1370 2444 viris
1411 2402 1568 2446 doctis.
1633 2403 1863 2450 Concedo.
1921 2408 1985 2454 At

1087 2459 1176 2500 iam
1205 2456 1383 2511 foedus
1423 2469 1613 2513 repente
1648 2462 1827 2504 iaciunt
1860 2462 1985 2510 aliud

1087 2513 1307 2570 significat
1336 2530 1471 2571 quam
1492 2517 1649 2562 iciant.
1708 2517 1809 2571 Est,
1841 2522 1983 2569 verba

1089 2579 1272 2628 repente
1305 2571 1514 2617 iniiciunt
1553 2576 1608 2618 de
1653 2575 1836 2620 foedere
1873 2594 1981 2622 san-

1089 2627 1277 2680 ciendo,
1306 2644 1534 2674 sermones
1557 2632 1772 2691 spargunt
1796 2634 1852 2679 de
1881 2633 1984 2681 foe-

1090 2685 1195 2728 dere
1234 2684 1278 2727 h.
1309 2701 1353 2728 e.
1386 2703 1480 2729 non
1513 2687 1626 2731 alter
1657 2691 1986 2748 imperatorum

1088 2742 1213 2785 alteri
1234 2758 1391 2786 vocem
1414 2743 1467 2786 de
1488 2743 1675 2791 foedere
1696 2747 1857 2802 mittit,
1890 2752 1984 2806 sed,

1088 2808 1138 2842 ut
1161 2799 1231 2850 fit,
1261 2800 1315 2841 ab
1338 2815 1427 2842 una
1452 2801 1677 2862 alteraque
1700 2814 1826 2864 parte
1850 2810 1985 2854 verba

1090 2856 1334 2899 audiuntur
1365 2857 1419 2899 de
1456 2858 1647 2904 foedere.
1710 2861 1770 2907 cf.
1806 2864 1873 2916 15,
1908 2866 1980 2910 50.

1088 2916 1269 2956 scelera
1291 2914 1519 2969 principis
1549 2917 1736 2962 iaciunt.
1759 2933 1767 2943 ·
1806 2920 1984 2968 Similia

1090 2979 1192 3014 sunt
1213 2971 1255 3020 4,
1279 2972 1319 3014 7.
1343 2971 1412 3013 68.
1444 2971 1484 3023 3,
1504 2973 1575 3016 66.
1610 2977 1649 3027 1,
1673 2978 1741 3019 10.
1781 2977 1823 3029 6,
1841 2977 1884 3022 4.
1911 2979 1984 3026 31.

1088 3030 1184 3079 46.,
1215 3036 1263 3070 ut
1289 3028 1420 3087 plane
1440 3044 1534 3073 non
1559 3030 1830 3090 intelligam,
1865 3051 1982 3094 quo-

1089 3085 1227 3128 modo
1252 3085 1298 3127 in
1319 3085 1406 3129 hoc
1430 3085 1533 3129 loco
1556 3088 1641 3132 viri
1669 3090 1790 3134 docti
1852 3102 1984 3137 otue-

1088 3143 1182 3186 rint
1218 3142 1413 3185 haerere.
1484 3143 1664 3198 Icz'unt,
1705 3163 1797 3206 quo

1091 3200 1252 3249 edunt,
1304 3207 1561 3242 contortam
1596 3204 1806 3248 narrandi
1842 3209 1982 3252 ratio-

1095 3273 1199 3299 nem
1220 3255 1375 3299 Tacito
1400 3257 1615 3301 obtrudit.
1673 3259 1857 3308 Scilicet
1884 3266 1983 3324 pri·
2033 3262 2036 3264 ’

1093 3329 1219 3355 mum
1240 3313 1415 3367 foedus
1443 3324 1631 3370 repente
1665 3319 1830 3376 iciant,
1885 3331 1982 3366 tum

1094 3370 1320 3427 congressi
1344 3380 1636 3424 cunctantur,
1668 3375 1828 3420 deinde
1851 3394 1984 3422 com-

1094 3427 1207 3485 plexi
1242 3434 1344 3468 sunt
1379 3426 1576 3486 dextras,
1631 3431 1824 3490 denique
1866 3436 1983 3495 apud

1092 3483 1244 3526 altaria
1266 3483 1555 3542 pepigerunt,
1585 3496 1634 3530 ut
1655 3488 1740 3541 ita,
1763 3493 1884 3548 quod
1907 3492 1984 3536 ul-

1091 3541 1251 3583 timum
1274 3548 1391 3592 erat,
1423 3543 1572 3600 primo
1597 3545 1700 3589 loeo
1719 3557 1927 3606 ponatur.

1345 3601 1478 3661 ΒΞ

1861 3167 1986 3196 nunc
2031 3200 2033 3202 ,
