2196 4004
151 227 314 284 ’ΞΟ

125 1634 133 1643 .
219 1619 260 1648 c.
288 1601 376 1644 Iac.
398 1598 562 1655 Gron.)
591 1596 743 1640 Guelf.
770 1605 814 1640 et
834 1597 971 1640 MSS.
996 1597 1118 1640 Bro-

1778 221 1898 260 A.U.
1915 219 2003 261 80⁰0

1744 276 1748 280 ·
1780 265 1833 302 Δ.
1851 264 1900 303 (λ
1931 263 2004 302 ¹⁴71.

912 219 1429 286 ANNALI‘UM*

231 373 376 432 quas
393 348 676 410 Gotarzes
701 352 872 409 fratri
898 349 1185 428 patefecit.
1272 352 1686 429 congressique
1716 354 1911 430 primo
1940 377 2088 429 cunr

229 451 490 520 mantnt,
532 439 674 494 dein
710 437 1002 512 complexi
1037 436 1268 501 dextras
1302 438 1462 513 apud
1487 438 1694 495 altaria
1713 441 1901 505 d'eum,
1918 442 2091 520 pepi}
2164 432 2167 435 ’

230 545 364 600 gere
395 524 665 583 fraudem
699 523 1079 580 inimicorum
1105 520 1312 579 ulcisci
1335 533 1509 599 atque
1536 523 1651 598 ipsi
1676 524 1832 583 inter
1855 546 2088 593 seecun-

215 611 453 686 cedere,
539 608 854 685 potiorque
880 605 1182 662 Bardane‘s
1217 606 1376 663 visus
1410 608 1723 666 retinendo
1762 631 1971 686 regno:
2028 625 2094 677 at-

231 693 545 764 Gotarzes,
600 714 675 750 ne
725 693 870 770 quid
915 690 1343 753 aemulationis·
1371 693 1695 764 exsisteret,
1750 697 1989 771 penitus
2021 697 2095 759 in·

227 779 591 859 Hyrcaniam
620 779 784 837 abiit.
856 794 1234 852 regressoque
1256 774 1529 836 Bardane
1557 780 1793 837 deditur
1820 780 2088 843 Seleucia

227 867 475 941 septimo
511 876 645 940 post
681 861 1069 921 defectionem
1102 880 1260 918 anno
1303 882 1430 918 non
1461 863 1586 920 sine
1623 867 1908 925 dedecore
1938 866 2088 926 Par-

227 948 500 1018 thorum,
543 969 693 1026 quos
717 967 838 1004 una
863 946 1069 1003 civitas
1092 946 1319 1002 tamdiu
1341 946 1610 1009 eluserat.
1760 1010 1765 1017 ,

344 1108 353 1126 Ι
393 1035 469 1096 Χ.
512 1032 671 1091 Exin
695 1031 1087 1090 validissimas
1115 1032 1509 1108 praefecturas
1538 1033 1762 1096 invisit.
1847 1049 1905 1097 et
1934 1037 2085 1097 reci-
2162 1034 2165 1037 ’

268 1255 441 1314 fratri.
512 1251 814 1310 Ioseph.Ant.
843 1252 915 1301 20,
941 1251 982 1295 3.
1013 1251 1118 1296 Bar·
1245 1254 1499 1308 potiorque.
1589 1252 1692 1297 MS.
1736 1253 1852 1297 Bud.
1897 1261 1940 1298 et
1980 1254 2087 1299 inde

222 1317 382 1360 danem
409 1329 503 1356 non
529 1310 740 1362 fratrem,
771 1309 848 1352 sed
882 1311 1032 1352 fratris
1063 1310 1120 1352 fl-
1191 1312 1292 1354 edd.
1328 1310 1472 1352 Rhen.
1506 1308 1609 1353 Ald.
1651 1327 1751 1369 sqq.
1787 1314 1950 1365 potior
1989 1313 2087 1355 sine

224 1374 334 1417 lium
367 1367 708 1414 Gotarzifacit.
768 1367 923 1423 Quare
955 1368 1117 1412 Brute·
1192 1383 1303 1424 que,
1357 1367 1480 1425 quod
1521 1375 1671 1410 tamen
1711 1367 1874 1411 melius
1907 1369 2087 1413 additur

220 1432 315 1474 rius
359 1427 499 1471 edidit
526 1421 703 1481 fratris
729 1425 775 1480 f.
830 1440 915 1483 pro
949 1426 1119 1482 fratri.
1190 1426 1467 1482 habeturque
1508 1424 1558 1467 in
1594 1424 1734 1470 MSS.
1769 1425 1894 1481 Flor.
1930 1424 2084 1471 Guelf.

222 1487 309 1532 Sed
333 1486 420 1527 vid.
443 1492 538 1527 not.
566 1483 620 1525 ad
641 1483 682 1532 2,
707 1481 778 1526 38.
1190 1483 1293 1526 edd.
1326 1482 1448 1541 Spir.
1482 1483 1589 1525 Put.
1622 1482 1690 1526 M.
1717 1491 1761 1526 et
1784 1485 1841 1527 V.
1873 1483 2098 1528 Beroald-¹

271 1541 507 1600 patefecit.
565 1539 641 1594 Sic
671 1539 806 1583 MSS.
830 1539 953 1582 Flor.
987 1541 1035 1594 (t.
1055 1539 1115 1584 V.
1187 1542 1242 1584 Al
1278 1573 1290 1583 .
1324 1549 1367 1583 et
1390 1549 1583 1584 recentt.
1608 1540 1713 1584 inde
1736 1559 1759 1585 a
1783 1539 1998 1585 Pichena.
2042 1580 2045 1587 Ι

1244 1599 1516 1642 Bar-danes.
1602 1598 1687 1642 Ed.
1728 1598 1847 1659 Spir.
1889 1599 2086 1643 Varda-

1188 1670 1292 1700 nes-

219 1659 349 1707 terii,
382 1656 484 1700 edd.
496 1655 616 1713 Spir.
632 1653 811 1698 Puteol.
827 1654 895 1697 M.
910 1663 951 1697 et
966 1655 1020 1697 V.
1034 1654 1118 1697 Be-

1247 1712 1597 1756 aemulationis,
1633 1713 1747 1757 Edd.
1762 1713 2000 1772 Spir.‘Put.
2013 1715 2083 1760 Μ.

214 1716 360 1761 roald.
403 1713 507 1758 Alc.
558 1721 602 1756 et
643 1728 789 1771 nuper
828 1711 1021 1754 Bekkeri
1075 1719 1119 1754 et

217 1772 381 1818 Kiessl.
424 1795 481 1804 --
540 1770 783 1813 Rhenanus
817 1785 841 1812 e
872 1768 972 1812 MS.
998 1768 1114 1813 Bud.

218 1831 343 1876 dedit
374 1828 692 1885 patefecerat,
749 1826 870 1870 unde
910 1827 1028 1869 venit
1067 1826 1115 1869 in

217 1907 270 1948 sq
307 1918 319 1932 .
343 1887 443 1930 edd.
472 1885 732 1942 Perperam.
801 1882 1010 1926 Aoristus
1043 1883 1116 1926 hic

217 1963 290 1991 me
311 1945 379 1988 ius
405 1960 450 1987 se
481 1942 639 1993 habet,
678 1957 812 1998 quam
847 1942 1112 1999 plusquam-

216 2002 488 2064 perfectum.
546 1999 663 2043 Nam
689 1999 842 2042 verba:
885 2013 1004 2055 quas
1027 2028 1038 2041 .
1066 2030 1078 2041 .
1102 2029 1114 2040 .

213 2060 462 2118 patefecit,
501 2058 582 2126 'per
612 2073 659 2100 se
692 2063 899 2100 constant
931 2065 974 2099 et
1009 2056 1114 2100 sim-

213 2118 389 2178 pliciter
419 2115 625 2160 indicant
655 2130 752 2157 rem
776 2114 956 2158 factam.
1017 2113 1115 2156 Pa·-

212 2177 434 2232 tesecerat
457 2173 495 2217 si
513 2171 695 2222 scribis,
726 2179 821 2213 tum
848 2171 954 2215 haec
979 2171 1117 2228 adpo-

214 2242 413 2282 nuntur,
445 2239 496 2275 ut
519 2229 771 2275 accuratius
801 2228 1114 2272 describantur

213 2291 409 2335 insidiae
428 2284 757 2345 popularium,
791 2294 924 2345 atque
947 2285 1111 2337 distin-

214 2356 411 2408 guantur
434 2346 489 2390 ab
514 2343 623 2388 aliis
642 2342 839 2395 insidiis,
880 2359 989 2400 quas
1013 2343 1112 2386 Go-

213 2416 356 2451 tarzes
388 2404 517 2448 fratri
548 2417 642 2445 non
697 2401 958 2445 atesecisset.
1021 2401 1112 2446 Ce-

214 2474 364 2518 terum
390 2461 477 2505 vid.
499 2467 596 2504 not.
617 2475 641 2503 a
664 2506 668 2510 ‚
701 2461 738 2511 1,
758 2459 830 2502 53.

270 2526 564 2564 cunctantur.
654 2517 731 2560 Sic
782 2515 883 2560 edd.
934 2515 1111 2560 Ernest.

211 2595 264 2638 sq
297 2610 310 2621 .
332 2595 379 2621 ex
405 2574 615 2632 ed.,Spir.
637 2583 679 2618 et
692 2572 792 2617 MS.
807 2574 918 2632 Reg.
976 2574 1111 2617 Prius

211 2653 273 2683 vu
295 2635 480 2694 gabatur
500 2638 797 2681 cunctanter,
827 2631 950 2689 quod
976 2641 1040 2675 est
1063 2632 1109 2675 in

211 2691 348 2739 MSS.
374 2691 506 2735 Bodl.
528 2688 678 2733 Guelf.
705 2697 748 2731 et
771 2690 856 2732 les.
878 2689 979 2733 edd.
1004 2689 1108 2733 Put.

211 2751 283 2796 Μ.
308 2760 350 2794 et
372 2749 430 2792 V.
452 2748 574 2791 Ber.
589 2748 646 2800 (c.
664 2747 717 2789 sil
736 2747 875 2803 Vict.)
901 2747 1107 2790 Rhenan-

213 2824 311 2868 sqq.
346 2815 390 2850 et
418 2821 564 2864 nuper
586 2805 745 2848 Kiessl.
810 2804 960 2861 Quam
992 2804 1107 2848 scri-

212 2875 394 2926 pturam
420 2878 515 2906 non
538 2863 718 2905 damno.
777 2861 932 2919 Neque
955 2871 1106 2906 tamen

215 2923 443 2980 coniungo
498 2926 776 2963 cunctanter
839 2921 1108 2972 congressi,-

211 2981 288 3024 sed
311 2977 551 3036 intelligo:
597 2985 835 3034 postquam
876 2975 1104 3034 congressi

211 3046 364 3088 erant,
406 3036 554 3095 primo
587 3042 853 3077 cunctanter
882 3049 945 3077 sc.
970 3040 1107 3090 agunt

210 3094 283 3139 vel
306 3094 449 3137 simile
471 3093 595 3151 quid.
657 3091 734 3134 Sic
755 3091 905 3133 eadem
928 3099 1105 3134 senten-

212 3151 273 3196 tia
296 3151 472 3209 prodit,
504 3166 617 3206 quae
645 3157 710 3192 est
735 3148 782 3190 in
805 3155 1102 3190 cunctantur.

268 3208 377 3252 dein
413 3208 659 3260 complexi.
720 3206 797 3250 Sic
827 3205 956 3248 MSS.
978 3203 1102 3247 Flor-

215 3267 266 3320 (t.
292 3265 370 3317 V.)
397 3263 511 3310 Bud.
539 3263 606 3305 ed.
630 3264 660 3306 S
695 3264 744 3311 ir,
809 3261 977 3305 Contra
1001 3260 1102 3305 MS.

212 3322 363 3368 Guelf.
388 3321 490 3364 edd.
516 3319 616 3362 Put.
640 3321 673 3361 l*
696 3351 707 3362 .
744 3329 785 3363 et
808 3320 862 3363 V.
894 3320 1105 3363 Beroald.

211 3380 315 3424 Alc.
338 3379 539 3427 Rhenan.
566 3393 663 3444 sqq.
693 3379 878 3420 deinde.

265 3438 532 3480 concedere.
606 3434 701 3476 «lud.
752 3435 868 3491 Spir.
912 3444 956 3477 et.
999 3433 1102 3476 MS.

206 3495 316 3554 Reg.
339 3500 693 3542 comesset-unc,-
722 3491 822 3534 Mei.
848 3492 968 3535 Harl.
989 3507 1104 3535 con-

182 3539 189 3557 l
210 3567 404 3597 ceSsel'e·

1189 1779 1232 1814 et
1246 1771 1301 1814 V.
1326 1785 1431 1813 cum
1447 1771 1550 1814 MS.
1569 1769 1718 1814 Guelf.
1743 1770 2055 1816 emulationis.

1243 1828 1551 1883 Hyrcaniam.
1613 1827 1731 1871 Edd.
1753 1828 1869 1886 Spir.
1891 1828 1993 1873 Put.
2015 1829 2085 1874 M.

1187 1894 1231 1928 et
1251 1885 1310 1928 V.
1334 1899 1375 1928 e.
1403 1885 1504 1927 MS.
1528 1884 1680 1928 Guelf.
1703 1887 1984 1930 hircaniam.

1243 1955 1546 1998 regressoque
1558 1943 1809 1987 Bardone.
1855 1942 1932 1987 Sic
1944 1941 2081 1988 MSS.

1184 2000 1308 2043 Flor.
1332 1999 1448 2054 (test.
1475 2000 1560 2042 [ac.
1585 1998 1730 2043 Gron.
1748 2001 1805 2044 ad
1823 1992 1937 2045 Hist.
1963 2003 2001 2054 1,
2022 2002 2083 2058 7.)

1187 2056 1338 2100 Guelf.
1378 2057 1478 2100 edd.
1516 2057 1547 2100 S
1581 2058 1634 2101 ir.
1673 2057 1803 2112 (haec
1829 2059 2082 2117 Vardane)

1185 2115 1290 2158 Put.
1313 2113 1380 2159 M.
1404 2122 1446 2158 et
1463 2115 1516 2158 V.
1576 2130 1640 2159 er.
1665 2116 1722 2170 (c.
1745 2116 1798 2160 sit
1819 2115 1959 2172 Vict.)
1983 2115 2082 2161 Alc.

1185 2171 1389 2216 Rhenan.
1412 2171 1518 2216 Ald.
1546 2188 1644 2231 sqq.
1702 2173 1881 2218 Deinde
1907 2173 2082 2234 Lipsius

1186 2246 1285 2288 sqq.
1319 2229 1483 2272 dedere
1506 2230 1752 2283 Baream,
1789 2230 1886 2274 sine
1921 2234 2079 2276 neces-

1184 2288 1326 2331 sitate.
1416 2287 1534 2330 Nam
1573 2297 1752 2354 ternpus
1801 2289 1875 2332 hic
1923 2289 2080 2347 agitur,

1184 2360 1299 2446 qudo,
1327 2360 1475 2403 neque
1500 2345 1561 2398 is,
1592 2362 1665 2389 cui
1687 2344 1892 2390 Seleucia
1915 2362 1963 2390 se
1994 2346 2080 2390 de-

1217 2420 1226 2445 ι
1264 2411 1312 2445 n.

1238 2461 1424 2502 deditur
1454 2452 1685 2504 Seleucia.
1749 2459 1834 2505 Ed.
1860 2459 1995 2520 ‘Spir.
2035 2469 2080 2505 et
2164 2496 2168 2500 .

1181 2517 1284 2561 MS.
1305 2516 1450 2561 Vatic.
1471 2524 1571 2561 test.
1595 2517 1716 2576 Lips.
1739 2519 1868 2560 dedit
1893 2533 1942 2562 se
1971 2522 2078 2562 urbs

1181 2577 1414 2622 Seleucia.

1239 2632 1352 2675 (ΞΜ).
1388 2635 1455 2676 10.
1499 2632 1628 2675 exin.
1695 2630 1800 2676 MS.
1834 2631 1951 2676 Bud.
1983 2648 2074 2676 ea:-

1179 2690 1301 2732 inde.

1237 2747 1408 2789 maisit.
1464 2743 1542 2788 sic
1563 2746 2074 2807 MSS.F101·.<t.v501.)
2148 2737 2153 2742 ’

1180 2811 1223 2847 et
1246 2820 1270 2846 a
1296 2820 1387 2847 sec.
1413 2820 1474 2846 m.
1501 2803 1614 2846 Bud.
1640 2805 1709 2850 ed.
1734 2805 1854 2865 Spir.
1886 2835 1946 2844 --
1994 2809 2072 2850 in-

1180 2863 1302 2904 vasit
1328 2859 1430 2904 MS.
1458 2860 1575 2904 Bud.
1604 2877 1673 2919 pr.
1700 2880 1759 2906 m.
1786 2862 1939 2908 Guelf.
1969 2865 2071 2908 edd.

1177 2918 1278 2962 Put.
1310 2919 1378 2962 M.
1415 2927 1459 2962 et
1489 2918 1545 2963 V.
1579 2918 1789 2965 Beroald.
1819 2921 1921 2965 Alc.
1950 2921 2071 2969 Rhe-

1176 2991 1280 3019 nan.
1309 2992 1406 3033 sqq.
1465 2975 1554 3018 Sed
1580 2976 1668 3020 hoc
1687 2978 1834 3022 innuit
1858 2978 2074 3027 validissi-

1178 3049 1273 3076 mas
1294 3033 1592 3092 praefecturas
1615 3043 1710 3078 tum
1731 3035 1874 3080 adhuc
1895 3035 2069 3080 hostili.

1175 3100 1245 3133 ter
1277 3091 1416 3149 egisse
1450 3099 1608 3134 contra
1632 3091 1909 3141 Bardanem‚
1949 3095 2083 3150 quod·

1178 3164 1269 3190 non
1290 3156 1354 3190 est
1376 3147 1631 3192 verisimile.
1696 3150 1811 3192 Nam
1839 3150 1987 3194 Parthi
2010 3151 2068 3194 il-

1177 3205 1268 3247 lum
1294 3205 1342 3247 in
1361 3221 1550 3263 regnum
1573 3207 1845 3252 acciverant.
1906 3210 1964 3250 At
1987 3225 2069 3251 su-

1175 3263 1314 3320 specti
1367 3270 1490 3305 erant
1541 3264 1754 3320 praefecti
1801 3265 1982 3323 quidam
2025 3278 2068 3311 et

1178 3329 1448 3376 cognoverat
1488 3320 1541 3363 B.
1594 3337 1672 3379 per
1718 3322 1903 3365 fratrem
1954 3322 2065 3367 insi-

1176 3376 1269 3420 dias
1338 3377 1635 3435 popularium.
1738 3378 1855 3422 Hinc
1917 3382 2068 3425 invisit

1175 3433 1467 3478 validissimas
1542 3435 1843 3493 praefecturas
1923 3438 1965 3480 h.
2028 3456 2067 3482 e.

1176 3492 1480 3546 percucurrit,
1568 3499 1616 3534 ut
1673 3503 1966 3548 cognosceret
2023 3505 2065 3538 et

1173 3548 1401 3592 ordinaret
1443 3567 1535 3599 res,
1584 3565 1695 3607 quae
1726 3551 1821 3594 sine
1854 3567 1960 3594 cura
1994 3552 2064 3596 ha·
