2164 3990
254 132 259 138 f
289 99 317 141 Ι

203 214 257 252 Δ.
269 213 325 249 U.
345 212 428 255 814.

203 262 262 295 As·
279 255 326 293 C.
367 256 429 291 61.

612 165 786 275 ΜΒ.
818 212 979 275 xlv.
1060 213 1177 272 ΟΛ
1190 212 1276 275 Ρ.
1294 210 1400 273 24.
1437 188 1562 275 25(
1849 218 1976 286 2672

78 399 80 402 .
118 349 344 418 menii,
379 347 631 403 alterum
653 344 877 419 impetu
905 354 1167 418 captum:
1214 342 1317 420 qui
1341 343 1594 420 primam
1629 346 1753 401 vim
1790 347 1979 424 depu-

123 436 346 502 lerant,
399 430 709 488 obsidione
755 439 1064 503 coguntur.
1163 426 1337 486 Unde
1373 429 1438 485 in
1479 429 1780 503 regionem
1818 430 1984 489 Tau-

120 517 453 576 rannitium
498 527 890 588 transgressus
938 512 1327 589 improvisum
1373 514 1703 589 periculum
1758 513 1997 578 vitavit.

124 623 267 660 nam
303 598 463 659 haud
497 600 708 675 procul
740 599 996 657 tentorio
1043 598 1166 654 eius
1211 619 1335 654 non
1374 599 1654 672 ignobilis
1698 601 1985 659 barbarus

130 709 267 746 cum
313 687 430 744 telo
467 697 734 761 repertus
779 684 1050 741 ordinem
1090 683 1442 740 insidiarum
1476 705 1651 761 seque
1687 697 1986 743 auctorem

59 795 62 797 ’
129 786 188 831 et
209 772 396 830 socios
419 791 525 845 per
547 782 840 828 tormenta
866 770 1079 838 edidit,
1123 769 1493 846 convictique
1522 781 1578 827 et
1611 770 1811 846 puniti
1846 784 1984 830 sunt

129 859 234 936 qui
269 856 460 933 specie
499 855 790 912 amicitiae
827 855 1032 911 dolum
1066 854 1373 928 parabant.
1473 853 1594 912 Nec
1629 857 1818 913 multo
1852 869 1987 932 post

130 943 307 1017 legati
322 941 749 1014 Tigranocerta
771 940 937 996 missi
959 950 1157 1014 patere
1184 938 1419 995 moenia
1443 941 1744 1011 adferunt,
1764 942 1986 1000 ·inten-

130 1041 221 1086 tos
258 1027 561 1103 popularis
599 1027 673 1082 ad
710 1026 883 1083 iussa.

133 1134 274 1170 nam
309 1132 576 1181 auream,
617 1111 946 1168 tradebant.
1032 1107 1367 1185 accepitque
1402 1130 1533 1165 cum
1570 1107 1822 1175 honore:
1877 1132 1987 1170 nec

134 1198 460 1275 quidquam
497 1196 638 1253 urbi
675 1196 998 1251 detractum
1016 1239 1032 1262 ,
1097 1189 1216 1269 quo
1262 1195 1596 1270 promptius
1643 1197 1992 1276 obsequium

137 1283 353 1356 integri
375 1281 715 1339 retinerent.

305 1364 497 1424 XXV.
583 1361 666 1421 At
699 1363 1060 1439 praesidium
1089 1364 1345 1437 regium,
1389 1365 1550 1442 quod
1581 1365 1744 1422 ferox
1779 1367 1992 1426 iuven-

135 1463 231 1508 tus
257 1451 571 1520 clauserat,
617 1470 742 1506 non
766 1450 892 1504 sine
915 1450 1229 1505 certamine
1257 1461 1652 1526 expugnatum
1685 1463 1786 1511 est.
1851 1462 2014 1511 nam⁷

137 1549 196 1595 et
226 1536 522 1612 proelium
560 1556 667 1611 pro
705 1534 891 1591 muris
940 1534 1068 1591 ausi
1102 1547 1269 1594 erant
1313 1547 1368 1593 et
1403 1535 1562 1613 pulsi
1599 1535 1755 1594 intra
1793 1541 1994 1597 muni-

970 1023 1150 1080 simul
1194 1019 1483 1098 hospitale
1522 1027 1775 1096 donum,
1818 1048 1990 1085 coro-
2073 1066 2082 1076 ι

200 1770 373 1823 impetu
393 1775 596 1824 captum.
659 1765 736 1810 Sic
753 1765 888 1810 MSS.
905 1764 1033 1810 Flor.

147 1827 276 1876 (test.
318 1825 468 1881 Viet.)
506 1824 650 1868 Vatic.
683 1824 875 1882 (Lipsii)
919 1823 1030 1881 Reg.

144 1883 296 1927 Guelf.
335 1882 424 1937 (hie
449 1890 635 1937 captum
669 1882 801 1926 habet
833 1881 1033 1924 additum

143 1942 192 1984 in
226 1943 387 1998 marg.)
434 1940 570 1983 Corb.
613 1938 713 1982 edd.
750 1939 872 1995 Spir.
909 1939 1031 1996 Lips.

144 2014 263 2099 iig's
310 2001 466 2098 goiim
464 2005 583 2096 '’1185ss
617 1996 1036 2096 ⁰ffii⁵⁵inss⁰ixim⁷gi

142 2114 201 2156 V.
223 2112 325 2156 Ber.
350 2111 452 2156 Alc.
476 2112 621 2155 Rhen.
644 2110 750 2154 Ald.
813 2112 868 2154 In
892 2127 1034 2165 marg.

143 2169 247 2213 MS.
281 2169 404 2213 Harl.
438 2170 617 2213 additur
650 2176 854 2224 captum.
933 2168 1036 2213 MS.

145 2228 224 2271 les.
246 2226 414 2270 omittit
437 2230 613 2282 impetu
637 2235 842 2281 captum.

205 2285 583 2329 Tauraunitium.
643 2282 720 2326 Sic
743 2284 810 2328 ed.
833 2282 950 2340 Spir.
979 2311 1038 2319 -

147 2342 463 2385 tauranitium
486 2341 588 2384 MS.
612 2339 766 2387 Guelf.
802 2357 826 2383 a
858 2358 948 2385 sec.
973 2358 1036 2383 m.

150 2400 197 2442 T
190 2400 522 2441 aurannicium
562 2398 664 2440 MS.
706 2398 816 2456 Reg.
908 2398 954 2440 T
949 2415 1035 2440 au-

149 2458 406 2500 raunitium
461 2455 564 2499 MS.
612 2455 735 2498 Flor.
790 2455 893 2499 edd.
948 2456 1038 2498 Iac.

151 2513 357 2558 Gronov.
378 2513 552 2557 Ernest.

625 2511 710 2556 Hic
744 2520 895 2555 tamen
917 2521 1042 2555 reete

152 2572 404 2630 suspicatur
421 2571 641 2614 veriorem
662 2586 757 2613 esse
773 2571 1043 2628 scripturam

152 2630 221 2686 ed.
248 2628 368 2687 Spir.
392 2636 476 2671 etc.
538 2629 743 2686 Namque
764 2646 788 2671 a
814 2628 972 2670 Tauro
1001 2635 1044 2670 et

150 2701 295 2730 amne
327 2685 374 2729 id
407 2684 679 2729 vocabulum
716 2685 895 2730 videtur
931 2684 1044 2727 deri-

108 2744 117 2751 ’
152 2752 333 2794 vatum,
377 2752 420 2786 et
450 2743 640 2786 fortasse
675 2743 909 2789 verissime
941 2742 1043 2785 MS.

153 2801 262 2859 Agr.
284 2801 686 2852 Tauramnitium,
727 2802 848 2857 quod
874 2816 955 2858 per
982 2815 1046 2841 as-

154 2857 471 2903 similationem
503 2858 753 2901 litterarum
779 2858 907 2901 alteri
940 2856 1047 2900 seri·

123 2928 125 2931 ·
155 2926 311 2972 pturae
350 2915 568 2972 originem
610 2915 747 2958 dedit.
827 2915 966 2972 Quod
998 2914 1048 2956 in

156 2974 257 3017 MS.
275 2973 398 3015 Flor.
422 2973 692 3016 invenerunt
715 2989 746 3015 u
765 2989 848 3030 pro
869 2989 922 3023 n,
950 2987 1047 3028 par-

155 3030 204 3076 vi
227 3030 290 3073 est
311 3029 545 3078 momenti,
571 3029 673 3087 quia
695 3038 883 3088 utraque
903 3030 1049 3072 littera

157 3087 397 3132 sexcenties
439 3096 719 3144 permutatur
758 3096 800 3131 et
831 3100 962 3145 saepe
1000 3086 1049 3128 in

156 3145 296 3188 MSS.
330 3146 402 3189 vix
435 3145 626 3188 discerni
657 3153 818 3202 potest.
909 3142 1048 3188 MSS.

159 3203 279 3246 Harl.
304 3202 435 3245 Bodl.
461 3202 544 3244 les.
582 3202 681 3245 edd.
704 3202 804 3245 Put.
827 3202 896 3247 M.
925 3209 968 3244 et
989 3199 1049 3243 V.

159 3261 260 3304 Ber.
275 3259 373 3303 Ale.
398 3258 538 3302 Rhen.
562 3259 665 3303 Ald.
685 3259 1048 3308 Taurauntiam,

161 3326 207 3361 et
225 3316 291 3360 sic.
310 3316 495 3359 fortasse
516 3317 560 3359 in
576 3315 727 3359 Guelf.
747 3316 833 3360 fuit
856 3333 879 3359 a
931 3334 967 3360 r.
988 3333 1049 3359 m.

161 3397 220 3407 —
242 3373 359 3416 Edd.
374 3373 678 3431 Gryph.Lips.
693 3389 792 3431 sqq.
820 3381 863 3416 et
936 3374 1050 3418 berl.

163 3446 266 3531 {md
295 3431 640 3484 Taurantium,
683 3431 749 3474 uti
781 3439 846 3475 est
875 3431 924 3475 in
949 3430 1052 3475 MS.

207 3503 232 3530 u
268 3517 282 3533 .

221 3545 396 3590 vitavit.
457 3546 687 3593 Acidalius
712 3545 803 3590 vult
825 3546 907 3591 vix
927 3547 1049 3590 vita-

1103 1769 1192 1820 vit,
1223 1768 1484 1814 coniectura
1505 1769 1730 1829 speciosa,
1760 1786 1908 1830 neque
1931 1780 1994 1816 ta-

1105 1842 1211 1868 men
1235 1827 1498 1870 necessaria.
1550 1827 1621 1870 De
1642 1844 1691 1870 re
1713 1827 1776 1872 cf.
1786 1829 1994 1875 Frontin.

1102 1883 1145 1931 2,
1170 1883 1211 1926 9.
1236 1884 1356 1926 unde
1383 1885 1589 1928 noscitur
1615 1899 1714 1928 non
1746 1886 2016 1941 ignobilem'

1104 1940 1231 1982 illum
1253 1941 1495 1984 barbarum
1516 1942 1654 1987 fuisse
1668 1957 1824 1987 >unum
1851 1960 1875 1988 e
1894 1945 1993 1989 Me-

1105 1997 1365 2054 gistanibus.

1164 2055 1328 2108 specie.
1390 2054 1475 2098 Ed.
1501 2055 1618 2114 Spir.
1643 2057 1751 2112 spe,
1781 2059 1845 2103 uti
1869 2059 1999 2106 solet.

1106 2111 1275 2154 Eadem
1297 2129 1403 2155 mox
1420 2113 1782 2169 Tigranocreta‚
1813 2126 1855 2161 et
1877 2118 1998 2163 dein-

1109 2170 1164 2212 de
1188 2185 1462 2226 quanquam
1514 2187 1566 2214 ro
1592 2173 1862 2230 quidquam.

1159 2227 1422 2282 popularis.
1505 2245 1534 2270 n
1559 2227 1711 2273 Guelf.
1742 2247 1765 2274 e
1795 2236 2000 2288 popula-

1109 2285 1177 2327 ris
1198 2301 1287 2329 sec.
1309 2302 1396 2337 m.,
1425 2293 1474 2330 ut
1496 2302 1648 2346 saepe,
1675 2286 1783 2334 fecit
1797 2295 2000 2347 popula-

1109 2356 1202 2385 res.

1178 2399 1293 2442 CAP.
1326 2399 1399 2442 25.
1476 2408 1529 2442 at
1576 2404 1871 2454 praesidium
1921 2420 2003 2450 re-

1109 2456 1252 2509 gium.
1323 2455 1400 2500 Sic
1430 2456 1531 2500 edd.
1566 2457 1670 2502 Put.
1700 2461 1766 2503 M.
1791 2462 2004 2509 Beroald.

1112 2513 1213 2557 Alc.
1234 2512 1377 2555 Rhen.
1400 2529 1497 2571 sqq.
1555 2515 1647 2558 Pro
1668 2524 1720 2558 at
1740 2518 1811 2562 ed.
1833 2519 1936 2565 Put.
1948 2520 2004 2566 V.

1086 2627 1088 2630 y
1114 2570 1272 2613 vitiose
1293 2569 1423 2613 habet
1443 2575 1526 2615 ad.
1585 2571 1719 2616 MSS.
1737 2575 1860 2619 Flor.
1890 2579 2006 2634 (test.

1114 2626 1258 2684 Vict.)
1291 2626 1399 2683 Reg.
1432 2627 1554 2672 Harl.
1579 2630 1820 2682 Bodlules.
1845 2633 2003 2680 Guelf.

1114 2684 1233 2728 Bud.
1268 2683 1404 2727 Corb.
1438 2686 1506 2729 ed.
1537 2686 1655 2744 Spir.
1732 2706 1785 2733 ro
1823 2693 2005 2747 regium

1116 2741 1271 2785 ferunt
1299 2744 1502 2795 legerat,
1545 2743 1650 2788 MS.
1699 2763 1794 2805 ‘gr-
1829 2750 2004 2801 inerat,

1116 2800 1165 2900 {n
1189 2815 1278 2899 quo
1305 2798 1425 2842 aliud
1450 2798 1586 2844 latere
1616 2818 1748 2860 quam
1776 2808 1896 2864 quod
1920 2807 2008 2851 Pu.

1138 2873 1190 2900 eo

1213 2873 1324 2907 anns
1373 2857 1518 2909 dedit,
1571 2860 1668 2917 quis
1715 2862 2009 2909 infitiabitur?

1117 2914 1412 2958 Praesidium
1435 2915 1587 2974 accipe
1613 2917 1667 2960 de
1691 2935 1795 2964 arce
1817 2921 1912 2967 sive
1937 2940 2010 2969 ca·

1119 2971 1277 3023 stello,
1307 2979 1356 3013 ut
1376 2972 1461 3014 An.
1483 2971 1523 3023 3,
1543 2975 1616 3018 21.

1175 3032 1427 3073 clauserat.
1474 3029 1598 3075 Haec
1619 3033 1853 3092 scriptura,
1872 3052 2008 3096 quam

1118 3095 1229 3133 vett.
1251 3085 1354 3129 libri
1377 3102 1532 3131 omnes
1551 3087 1717 3140 ferunt,
1744 3095 1894 3138 neseio
1917 3111 2008 3154 quo

1120 3153 1252 3203 pacto
1286 3145 1471 3187 Mureto
1504 3153 1546 3188 et
1575 3146 1759 3191 Heinsio
1792 3153 2010 3198 mendosa

1119 3201 1263 3247 videri
1287 3202 1497 3258 potuerit.
1556 3203 1636 3247 Ille
1658 3209 1888 3253 emendat:
1918 3227 2009 3268 quo

1106 3260 1151 3317 s.
1177 3259 1206 3302 i.
1234 3262 1393 3302 clausa
1415 3267 1544 3312 erat;
1570 3260 1644 3306 hic
1667 3278 1757 3319 quo
1771 3266 1818 3323 f.
1837 3267 1868 3311 i.
1892 3283 1999 3311 eva·

1119 3324 1262 3361 serat.

1173 3388 1264 3427 pro
1300 3375 1461 3417 muris.
1539 3374 1603 3419 cf.
1646 3387 1742 3424 not.
1773 3380 1829 3425 ad
1858 3382 1900 3434 2,
1934 3384 2007 3429 81.

1121 3430 1206 3474 Hie
1228 3447 1323 3474 non
1342 3431 1530 3475 dubium
1553 3441 1618 3476 est
1649 3433 1891 3482 formulam
1921 3457 2010 3494 pro

1121 3490 1273 3531 muris
1299 3489 1500 3533 indicare
1530 3491 1682 3537 locum
1713 3503 1831 3543 extra
1861 3499 2007 3543 muni·

1122 3554 1271 3590 menta
1295 3554 1395 3591 ante
1420 3563 1589 3594 muros.
