2164 3990
108 1832 114 1837 ,
158 1805 285 1832 netre-

230 205 280 241 A.
292 204 348 240 U.
363 201 446 237 816.

231 247 282 286 A.
300 246 348 284 C.
385 240 450 290 6'3.

587 201 766 261 LIB.
807 197 976 262 XIV.
1059 197 1176 299 C'A
1191 198 1258 260 Ρ.·
1298 197 1401 259 54.
1444 196 1546 258 55.

1865 198 1990 262 305
2031 252 2033 254 .

147 337 324 411 „Hoc
374 351 609 412 quoque
664 330 730 386 in
771 341 944 401 ¹tuam
996 328 1253 402 gloriam
1298 327 1464 386 cedet
1507 346 1626 385 eos.
1647 328 1724 386 ad
1761 349 1990 388 summa

149 470 183 496 ,,
194 421 445 490 vexisse,
487 417 593 495 qui
620 426 676 473 et
690 413 932 471 ‘modica
959 411 1332 472 tolerarent.‘'

313 541 443 603 LV.
468 538 565 599 Ad
581 559 728 617 quae
740 536 899 596 Nero
926 537 1007 594 sic
1030 539 1213 595 ferme
1237 538 1567 613 respondit:
1611 584 1644 608 ‚‚
1661 536 1842 610 Quod
1866 562 1994 598 mea

149 630 408 706 „ditatae
443 625 700 683 orationi
731 635 864 680 tuae
891 623 1083 679 statim
1128 636 1471 692 occurram‚'
1514 622 1577 679 id
1608 624 1869 698 primum
1905 628 1996 684 tui

149 712 454 787 „muneris
478 708 666 768 habeo
681 755 696 780 ‚
720 709 824 786 qui
847 729 940 764 me
963 727 1088 764 non
1109 719 1339 765 tantum
1363 707 1655 783 praevisa,
1678 711 1778 766 sed
1804 710 1996 770 subita

150 933 364 990 quietem.
420 928 575 975 EMS.
598 924 776 976 Guelf.,
806 940 944 983 quum
960 923 1039 966 Er-

151 989 318 1033 nestius
344 985 604 1030 ›tradidisset
641 983 701 1026 ibi
749 999 842 1025 esse
879 984 1042 1037 quiete,

151 1042 493 1090 Strombeckius
531 1050 681 1099 postea
719 1040 866 1083 attulit
899 1039 1046 1095 quieti

153 1113 196 1147 et
219 1107 273 1147 αῖ
297 1105 340 1144 ei
355 1118 437 1160 pro
464 1101 618 1143 arm‘ci.
678 1098 848 1140 Verum
882 1097 1044 1154 legitur

154 1161 245 1203 ibi:
275 1158 326 1202 ἱὶῐ
347 1161 391 1201 ei
409 1161 572 1214 quiete.
633 1155 701 1198 De
715 1153 847 1198 MSS.
862 1152 1042 1196 Oxonn.

154 1218 385 1261 Broterius
411 1224 540 1258 tacet.
599 1212 687 1256 Sed
715 1213 817 1268 quia
838 1219 1043 1255 veterum

155 1275 374 1319 librorum
388 1272 605 1331 scriptura
623 1271 841 1336 plerisque
856 1268 1046 1310 obseura

155 1348 242 1376 nec
272 1332 374 1375 satis
402 1329 563 1372 idonea
591 1328 852 1375 videbatur,
892 1339 1048 1366 acces—

155 1401 251 1433 sere
268 1390 468 1433 virorum
487 1386 725 1428 doctorum
744 1383 1044 1426 coniecturae.

154 1446 394 1490 Rhenanus
408 1443 675 1498 :poscimus
690 1442 894 1483 seniores
909 1438 1053 1480 amici

155 1503 355 1560 quietem
383 1503 682 1552 respondere.
749 1497 948 1556 Lipsius:
995 1508 1045 1547 p.

155 1576 193 1604 s.
216 1577 260 1603 a.
289 1561 491 1616 quietem
525 1559 628 1599 iure
659 1559 900 1609 spondere.
958 1551 1040 1594 Er—

157 1617 353 1660 nestius:
388 1633 434 1668 p.
463 1631 500 1658 s.
525 1632 570 1657 o.
608 1616 807 1669 quietem
838 1620 1047 1664 repetere

158 1674 232 1719 vel
263 1686 510 1717 resumere.
569 1671 799 1713 Brotcrius
834 1685 936 1712 cum
962 1667 1042 1709 Pe-

159 1733 298 1775 tavio:
349 1730 589 1783 respicere.
663 1727 881 1769 Hillerus:
931 1724 1049 1767 reti·-

365 1787 454 1830 Alii
515 1785 612 1829 alia.
689 1786 832 1827 Fuere
886 1791 1049 1829 tamen,

161 1846 236 1904 qui
259 1853 456 1888 veterum
483 1843 702 1886 librorum
731 1841 879 1887 verbis
914 1837 1050 1896 expli-

160 1904 313 1948 candis
341 1917 520 1960 operam
555 1901 727 1942 darent.
796 1899 851 1940 Et
875 1897 1053 1954 Lipsius

161 1961 340 2019 quidem
361 1961 559 2016 quietem
581 1960 860 2011 respondere
882 1956 1050 2008 dictum

161 2027 286 2078 putat
324 2027 373 2060 ut
414 2015 530 2075 apud
565 2013 807 2072 Apuleium
842 2011 976 2070 Apol.
1009 2011 1051 2052 2.

160 2078 364 2121 Hascine
385 2076 567 2129 gratias
593 2075 742 2113 bonus
752 2072 888 2127 filius
909 2068 1060 2110 matri

159 2134 445 2188 respondes?
500 2129 680 2173 Rectius
704 2127 738 2169 l.
765 2128 801 2170 F
805 2143 840 2170 r.
866 2126 1053 2168 Grono-

161 2192 262 2238 vius
281 2191 326 2233 in
342 2189 528 2238 Obss.2,
541 2187 583 2229 4.
603 2188 753 2242 quiete
774 2188 1053 2238 respondere

162 2267 217 2294 eo
245 2248 404 2305 accipit
437 2261 593 2293 sensu,
638 2259 726 2299 quo
765 2245 1053 2297 respondere

165 2306 379 2350 (licuntur
404 2303 522 2348 citati
547 2303 600 2344 ad
628 2300 851 2343 delectum
884 2300 955 2343 vel
990 2299 1052 2340 iu·

163 2364 328 2408 dicium
344 2394 358 2412 ,
390 2363 463 2405 ubi
486 2362 766 2414 respondere
792 2365 854 2400 est
876 2364 1050 2414 praesto

165 2438 283 2472 esse,
315 2418 581 2464 satisfacere.
640 2415 735 2458 Cic.
776 2417 904 2455 Verr.
939 2416 976 2462 1,
1012 2415 1050 2453 l.

165 2481 369 2533 Verrem
401 2479 556 2518 altera
589 2474 767 2516 actione
797 2484 1053 2525 responsu-

163 2527 274 2581 runi
296 2550 387 2577 non
409 2548 524 2577 esse.
585 2529 703 2573 Gell.
735 2530 800 2576 11,
817 2530 854 2570 1.
881 2527 944 2570 M.
962 2527 1053 2579 Te-

163 2599 337 2639 rentius
358 2592 529 2633 citatus
549 2602 697 2644 neque
718 2586 955 2640 respondit
977 2600 1054 2626 ne·

165 2669 252 2710 que
290 2656 538 2694 excusatus
567 2652 649 2688 est.
722 2644 910 2685 Sueton.
946 2642 1051 2685 Ner.

167 2727 209 2755 c.
229 2710 299 2753 44.
329 2721 445 2750 mox
475 2706 623 2748 tribus
652 2704 861 2744 urbanas
885 2703 949 2742 od
973 2714 1054 2742 sa-

169 2773 460 2812 cramentum
492 2762 668 2811 citavit,
712 2775 766 2802 oc
799 2761 928 2799 nullo
956 2760 1057 2800 ido-

168 2842 253 2870 neo
303 2824 605 2878 respondente
658 2823 753 2859 etc.x
831 2817 898 2859 ld.
953 2815 1057 2858 Oct.

174 2901 212 2928 c.
248 2882 317 2924 38.
389 2876 577 2921 Phaedr.
611 2875 654 2921 4,
691 2875 756 2917 17.
798 2874 931 2916 citati
960 2886 1056 2914 non

173 2939 462 2992 respondent.
551 2931 662 2974 lam
728 2940 882 2974 nostro
950 2930 1054 2972 loco

173 3011 322 3042 sermo
352 3001 414 3036 est
445 2991 497 3033 de
531 2989 758 3055 principe,
800 2988 870 3030 cui
905 2985 1057 3030 citanti

174 3060 347 3114 praesto
381 3057 484 3092 sunt
519 3061 673 3111 amicto,
715 3054 762 3086 ut
791 3046 904 3088 iussa
942 3043 1058 3088 acci-

173 3113 294 3171 piant
320 3116 391 3150 aut
424 3105 662 3149 consultati
697 3103 955 3145 sententiani
990 3101 1058 3142 di-

174 3177 291 3213 cant.
361 3164 478 3206 Tum
521 3162 670 3216 quiete
707 3167 770 3201 est
801 3159 1058 3202 adverbium

173 3227 329 3269 eodem
363 3220 500 3264 modo
533 3217 726 3276 positum
763 3226 810 3258 ut
839 3229 1060 3269 prospere

175 3284 243 3331 15,
277 3281 345 3323 45.
415 3291 608 3324 aarum,
649 3277 771 3328 quod
808 3300 865 3309 --
907 3273 1062 3314 omnis

170 3339 329 3395 populi
365 3334 570 3379 Romani
607 3339 738 3372 oetas
772 3344 1059 3383 prospere

177 3404 259 3439 aut
283 3398 330 3436 in
356 3400 479 3435 metu
508 3396 792 3431 sacraverat.
854 3386 1060 3442 Namque

174 3466 395 3508 prospere
435 3449 493 3490 ibi
534 3455 598 3488 est
634 3463 712 3503 pro
756 3449 813 3499 in
835 3457 1058 3498 prospero

178 3517 329 3556 statu,
379 3508 436 3549 ita
480 3505 628 3561 quiete
670 3517 752 3561 pro
798 3501 844 3543 in
892 3500 1054 3555 quiete,

262 3575 505 3624 TAci'rrs
545 3568 614 3620 II.

1110 924 1401 967 Germanice:
1461 926 1547 968 wir
1583 927 1743 982 ἅζίεΓη
1784 928 2001 974 Freunde

1109 983 1294 1049 hormen
1336 997 1433 1023 nun
1478 983 1541 1024 im
1579 983 1880 1029 Ruhestande
1922 989 2000 1030 dir

1109 1043 1294 1082 dienen.
1367 1039 1547 1097 Quippe
1582 1056 1676 1083 non
1713 1057 1899 1086 omnem
1935 1061 2003 1088 re·

1114 1111 1268 1140 cusare
1323 1096 1512 1141 debebat
1572 1114 1754 1156 operam
1809 1100 2003 1168 principi

1113 1152 1452 1219 praestandam,
1519 1155 1593 1197 sed
1646 1157 2005 1214 tranquilliorem

1115 1218 1245 1251 vitam
1269 1211 1497 1266 poscebat.
1557 1211 1859 1258 praestantior
1887 1216 2006 1260 haud

1117 1266 1249 1332 dulpie
1279 1267 1389 1311 haec
1420 1268 1504 1310 loci
1530 1270 1759 1327 explicatio
1783 1282 1848 1318 est
1871 1290 2007 1332 quam

1118 1323 1288 1366 Heinsii
1327 1325 1608 1375 coniectura,
1658 1344 1793 1385 quam
1826 1331 2008 1389 adopta-

1118 1387 1226 1449 vere
1251 1381 1441 1448 ‘Biponn
1476 1383 1632 1427 Oberl.
1669 1401 1764 1443 sqq.
1838 1388 2009 1445 Legunt

1118 1445 1255 1494 quieta
1286 1445 1598 1493 respondere,
1638 1450 1688 1484 ut
1719 1446 1775 1485 sit
1799 1446 1898 1488 sich
1923 1449 2010 1488 der

1117 1497 1248 1540 Ruhe
1294 1498 1586 1550 ilberlossen,
1645 1499 1869 1554 formula,
1925 1495 2041 1560 qua'

1117 1569 1252 1597 nemo
1266 1553 1449 1598 Latinus
1472 1571 1669 1612 unquam
1695 1573 1798 1601 usus
1821 1568 1898 1604 est.
1935 1561 2012 1604 Sa·

1079 1650 1083 1654 .
1118 1611 1173 1653 tis
1191 1610 1324 1669 longe
1340 1612 1393 1653 ab
1410 1611 1541 1655 huius
1561 1613 1647 1656 loci
1668 1615 1839 1659 ratione
1853 1617 2020 1661 absunt⁴

1114 1670 1343 1725 exempla,
1397 1670 1495 1726 quis
1535 1671 1740 1715 Heinsius
1785 1677 2012 1718 coniectu·

1122 1741 1216 1768 ram
1246 1741 1372 1768 suam
1405 1726 1610 1770 illustrat.
1636 1729 1790 1774 Horat.
1813 1748 1883 1789 ep.
1906 1733 1948 1780 52,
1976 1735 2027 1783 1,’

1122 1783 1175 1850 9..
1205 1784 1352 1839 favor
1387 1799 1483 1827 non
1523 1790 1768 1839 respondet
1810 1791 2010 1833 meritis.

1125 1840 1219 1884 Cle.
1243 1841 1368 1883 Fam.
1391 1844 1432 1892 9,
1457 1843 1494 1884 l.
1524 1844 1912 1899 optatisfortuna
1934 1862 2011 1889 re-

1123 1901 1337 1966 spondet.
1407 1899 1698 1957 I<iesslingi11s
1733 1905 1874 1957 quieti
1903 1905 2016 1948 acci-

1123 1963 1188 2012 pli.
1244 1973 1292 1998 ro
1320 1956 1591 1999 nominativo
1619 1958 1850 2009 adiectivi,
1882 1970 1931 2003 ut
1956 1961 2014 2005 ita

1125 2028 1202 2070 exp
1225 2012 1355 2055 icatio
1378 2013 1469 2055 eius
1493 2014 1650 2056 eodem
1680 2017 1854 2070 redeat,
1897 2034 1950 2061 ac
1979 2019 2015 2062 si

1126 2071 1275 2127 quiete
1296 2087 1344 2113 ex
1369 2086 1467 2114 mea
1488 2072 1705 2115 sementia
1726 2075 1861 2132 legas,

1185 2156 1457 2196 tolerarent.
1518 2153 1595 2197 Sic
1606 2154 1743 2200 MSS.
1757 2158 1880 2201 Flor.
1898 2159 2014 2214 (test.

1123 2213 1262 2267 Vict.)
1287 2213 1403 2254 ssud.
1429 2211 1579 2255 Guelf.
1613 2214 1653 2267 (a
1679 2231 1768 2259 sec.
1789 2219 1869 2272 ni.)
1908 2219 2011 2261 edd.

1125 2271 1243 2326 Spir.
1306 2269 1507 2312 Rhenan.
1574 2286 1669 2328 sqq.
1751 2276 2015 2316 tolerarunt

1123 2328 1259 2371 MSS.
1282 2327 1399 2370 Harl.
1427 2326 1557 2369 Bodl.
1586 2328 1668 2370 les.
1693 2331 1791 2373 edd.
1819 2330 1922 2374 Put.
1947 2334 2014 2376 M.

1124 2395 1167 2429 et
1190 2385 1244 2427 V.
1278 2385 1380 2426 Ber.
1416 2384 1514 2426 Ale.
1579 2386 1616 2427 A
1651 2388 1847 2430 secunda
1876 2405 2012 2432 manu

1124 2443 1257 2485 etiam
1283 2443 1328 2484 iu
1355 2440 1454 2484 MS.
1474 2441 1600 2484 Harl.
1631 2451 1695 2485 est
1715 2448 1986 2490 tolerarent.

1184 2525 1295 2568 CAP.
1333 2524 1401 2567 55.
1461 2527 1540 2568 Ad
1578 2542 1712 2582 quae.
1770 2527 1852 2571 Ed.
1894 2527 2012 2588 Spir.

1123 2588 1188 2627 ad
1213 2598 1364 2638 quem.

1186 2669 1312 2724 quod*
1349 2667 1619 2709 meditatae.
1693 2666 1770 2711 Sic
1803 2669 1905 2713 edd.
1946 2686 2018 2714 re-

1130 2733 1268 2769 centt.
1310 2723 1415 2766 inde
1458 2740 1480 2766 a
1514 2723 1653 2782 Lipsii
1692 2724 1850 2793 prima.
1919 2728 2018 2771 MS.

1130 2781 1282 2825 Guelf.
1303 2781 1403 2824 edd.
1425 2788 1524 2823 vett.
1548 2798 1651 2825 cum
1677 2781 1852 2828 silentio
1867 2786 2020 2829 Victo-

1129 2840 1184 2883 rii
1213 2841 1276 2883 Et
1306 2841 1430 2894 quod
1460 2839 1718 2882 meditatae
1748 2848 1855 2894 etc.‚
1895 2844 2017 2900 quod

1130 2913 1224 2940 nou
1259 2895 1389 2955 plane
1425 2897 1741 2952 spernendum
1764 2914 1855 2943 esse
1887 2900 2017 2943 vide-

1128 2964 1215 2998 tur.
1288 2953 1402 2995 Nam
1438 2960 1483 2994 et
1518 2952 1708 2997 Neronis
1751 2972 2017 3014 responsum

1128 3019 1176 3054 ut
1213 3026 1304 3054 non
1339 3009 1599 3052 meditatum
1635 3019 1677 3055 et
1711 3013 1858 3057 statim
1889 3014 2023 3057 addi-

1130 3078 1225 3111 tum
1251 3066 1442 3110 orationi
1462 3066 1655 3110 Senecae
1678 3069 1911 3112 meditatae
1934 3072 2022 3118 ele-

1132 3133 1284 3183 ganter
1333 3123 1540 3166 adnectit.
1600 3125 1654 3168 cf.
1701 3125 1881 3169 Terent.
1925 3128 2021 3170 Eu-

1132 3181 1266 3226 nuch.
1292 3182 1330 3232 5,
1351 3181 1391 3231 6,
1414 3180 1457 3223 4.
1490 3180 1583 3224 Sed
1605 3190 1730 3224 estne
1754 3184 1831 3225 ille
1861 3195 2021 3229 noster

1132 3240 1368 3282 Parmeno
1383 3240 1407 3280 ,7
1460 3239 1521 3280 Et
1543 3248 1663 3281 certe
1687 3241 1813 3294 ipsus
1838 3250 1922 3286 est.

1191 3335 1451 3364 occurram.
1487 3322 1547 3369 cf.
1563 3321 1748 3366 Sueton.
1765 3322 1870 3368 Oct.
1896 3330 2019 3372 e.15.

1131 3395 1224 3422 una
1258 3392 1364 3419 voce
1398 3393 1668 3432 occurrens,
1720 3383 2017 3427 moriendum

1130 3444 1239 3479 esse.
1287 3434 1381 3479 Cic.
1406 3434 1460 3479 de
1481 3435 1576 3479 fato
1599 3453 1640 3481 c.
1657 3437 1722 3481 18.
1769 3438 1846 3484 Sic
1859 3440 2018 3487 Graeci

1131 3493 1357 3550 ἀπαντᾷν.
1713 3496 1717 3501 ’
1810 3515 1813 3517 ·

1457 3552 1512 3613 u
1577 3567 1582 3573 ·
1702 3568 1703 3573 Ν
1879 3568 1906 3600 x
