<?xml version="1.0" encoding="UTF-8"?>
<!DOCTYPE html PUBLIC "-//W3C//DTD XHTML 1.0 Transitional//EN"
    "http://www.w3.org/TR/xhtml1/DTD/xhtml1-transitional.dtd">
<html xmlns="http://www.w3.org/1999/xhtml" xml:lang="en" lang="en">
 <head>
  <title>
</title>
<meta http-equiv="Content-Type" content="text/html;charset=utf-8" />
  <meta name='ocr-system' content='tesseract 3.04.00' />
  <meta name='ocr-capabilities' content='ocr_page ocr_carea ocr_par ocr_line ocrx_word'/>
</head>
<body>
  <div class='ocr_page' id='page_1' title='image "./operarecensuitet02taciuoft/operarecensuitet02taciuoft_0101.png"; bbox 0 0 2164 3990; ppageno 0'>
   <div class='ocr_carea' id='block_1_1' title="bbox 153 230 382 328">
    <p class='ocr_par' dir='ltr' id='par_1_1' title="bbox 153 230 382 328">
     <span class='ocr_line' id='line_1_1' title="bbox 153 230 381 286; baseline -0.018 -4"><span class='ocrx_word' id='word_1_1' title='bbox 153 251 192 286; x_wconf 69' lang='lat' dir='ltr'>A</span> <span class='ocrx_word' id='word_1_2' title='bbox 222 230 381 282; x_wconf 47' lang='lat' dir='ltr'>usne.</span> 
     </span>
     <span class='ocr_line' id='line_1_2' title="bbox 154 288 382 328; baseline -0.022 0"><span class='ocrx_word' id='word_1_3' title='bbox 154 288 274 328; x_wconf 71' lang='lat' dir='ltr'>A.c.</span> <span class='ocrx_word' id='word_1_4' title='bbox 324 288 382 323; x_wconf 80' lang='lat'><strong>⁵1.</strong></span> 
     </span>
    </p>
   </div>
   <div class='ocr_carea' id='block_1_2' title="bbox 554 240 1448 310">
    <p class='ocr_par' dir='ltr' id='par_1_2' title="bbox 554 240 1448 310">
     <span class='ocr_line' id='line_1_3' title="bbox 554 240 1448 310; baseline -0.001 -5"><span class='ocrx_word' id='word_1_5' title='bbox 554 244 605 305; x_wconf 82' lang='lat' dir='ltr'>L</span> <span class='ocrx_word' id='word_1_6' title='bbox 624 244 732 310; x_wconf 90' lang='lat' dir='ltr'>IB.</span> <span class='ocrx_word' id='word_1_7' title='bbox 764 242 903 304; x_wconf 88' lang='lat' dir='ltr'><strong>XII.</strong></span> <span class='ocrx_word' id='word_1_8' title='bbox 977 240 1170 302; x_wconf 85' lang='lat' dir='ltr'>CAP.</span> <span class='ocrx_word' id='word_1_9' title='bbox 1212 244 1311 304; x_wconf 68' lang='lat'>26.</span> <span class='ocrx_word' id='word_1_10' title='bbox 1348 244 1448 304; x_wconf 70' lang='lat'><strong>27.</strong></span> 
     </span>
    </p>
   </div>
   <div class='ocr_carea' id='block_1_3' title="bbox 74 353 1406 447">
    <p class='ocr_par' dir='ltr' id='par_1_3' title="bbox 74 353 1406 447">
     <span class='ocr_line' id='line_1_4' title="bbox 74 353 1406 447; baseline -0.008 -6"><span class='ocrx_word' id='word_1_11' title='bbox 74 385 140 441; x_wconf 88' lang='lat' dir='ltr'>in</span> <span class='ocrx_word' id='word_1_12' title='bbox 201 378 463 438; x_wconf 87' lang='lat' dir='ltr'>ludibria</span> <span class='ocrx_word' id='word_1_13' title='bbox 525 353 789 432; x_wconf 82' lang='lat' dir='ltr'>vertebat</span> <span class='ocrx_word' id='word_1_14' title='bbox 854 372 1215 447; x_wconf 85' lang='lat' dir='ltr'>intelligens·</span> <span class='ocrx_word' id='word_1_15' title='bbox 1254 371 1406 432; x_wconf 83' lang='lat' dir='ltr'>falsi.</span> 
     </span>
    </p>
   </div>
   <div class='ocr_carea' id='block_1_4' title="bbox 1391 104 1397 125">
    <p class='ocr_par' dir='ltr' id='par_1_4' title="bbox 1391 104 1397 125">
     <span class='ocr_line' id='line_1_5' title="bbox 1391 104 1397 125; baseline 0 0"><span class='ocrx_word' id='word_1_16' title='bbox 1391 104 1397 125; x_wconf 81' lang='grc' dir='ltr'><strong><em>Ι</em></strong></span> 
     </span>
    </p>
   </div>
   <div class='ocr_carea' id='block_1_5' title="bbox 1851 236 1930 310">
    <p class='ocr_par' dir='ltr' id='par_1_5' title="bbox 1851 236 1930 310">
     <span class='ocr_line' id='line_1_6' title="bbox 1851 236 1930 310; baseline 0.025 -2"><span class='ocrx_word' id='word_1_17' title='bbox 1851 236 1930 310; x_wconf 59' lang='lat'>91</span> 
     </span>
    </p>
   </div>
   <div class='ocr_carea' id='block_1_6' title="bbox 1526 379 1935 451">
    <p class='ocr_par' dir='ltr' id='par_1_6' title="bbox 1526 379 1935 451">
     <span class='ocr_line' id='line_1_7' title="bbox 1526 379 1935 451; baseline 0.012 -22"><span class='ocrx_word' id='word_1_18' title='bbox 1526 393 1718 451; x_wconf 89' lang='lat' dir='ltr'>neque</span> <span class='ocrx_word' id='word_1_19' title='bbox 1777 379 1935 433; x_wconf 88' lang='lat' dir='ltr'>enim</span> 
     </span>
    </p>
   </div>
   <div class='ocr_carea' id='block_1_7' title="bbox 75 458 1943 886">
    <p class='ocr_par' dir='ltr' id='par_1_7' title="bbox 75 458 1936 619">
     <span class='ocr_line' id='line_1_8' title="bbox 75 458 1936 542; baseline -0.004 -16"><span class='ocrx_word' id='word_1_20' title='bbox 75 469 310 542; x_wconf 80' lang='lat' dir='ltr'><strong>segnem</strong></span> <span class='ocrx_word' id='word_1_21' title='bbox 335 464 391 520; x_wconf 90' lang='lat' dir='ltr'>ei</span> <span class='ocrx_word' id='word_1_22' title='bbox 412 460 592 519; x_wconf 91' lang='lat' dir='ltr'>fuisse</span> <span class='ocrx_word' id='word_1_23' title='bbox 618 460 882 515; x_wconf 86' lang='lat' dir='ltr'>indolem</span> <span class='ocrx_word' id='word_1_24' title='bbox 908 459 1135 527; x_wconf 85' lang='lat' dir='ltr'>ferunt,</span> <span class='ocrx_word' id='word_1_25' title='bbox 1179 458 1299 513; x_wconf 89' lang='lat' dir='ltr'>sive</span> <span class='ocrx_word' id='word_1_26' title='bbox 1325 478 1535 514; x_wconf 87' lang='lat' dir='ltr'>verum</span> <span class='ocrx_word' id='word_1_27' title='bbox 1571 479 1676 517; x_wconf 89' lang='lat' dir='ltr'>seu</span> <span class='ocrx_word' id='word_1_28' title='bbox 1701 463 1936 535; x_wconf 88' lang='lat' dir='ltr'>pericu-</span> 
     </span>
     <span class='ocr_line' id='line_1_9' title="bbox 75 543 1931 619; baseline -0.004 -8"><span class='ocrx_word' id='word_1_29' title='bbox 75 554 150 612; x_wconf 87' lang='lat' dir='ltr'>lis</span> <span class='ocrx_word' id='word_1_30' title='bbox 175 549 616 610; x_wconf 88' lang='lat' dir='ltr'>commendatus</span> <span class='ocrx_word' id='word_1_31' title='bbox 640 543 887 601; x_wconf 81' lang='lat' dir='ltr'>retinuit</span> <span class='ocrx_word' id='word_1_32' title='bbox 909 543 1127 599; x_wconf 87' lang='lat' dir='ltr'>famam</span> <span class='ocrx_word' id='word_1_33' title='bbox 1153 544 1279 600; x_wconf 90' lang='lat' dir='ltr'>sine</span> <span class='ocrx_word' id='word_1_34' title='bbox 1304 544 1721 619; x_wconf 79' lang='lat' dir='ltr'>experimento,</span> <span class='ocrx_word' id='word_1_35' title='bbox 1806 546 1823 614; x_wconf 61' lang='lat' dir='ltr'>J</span> <span class='ocrx_word' id='word_1_36' title='bbox 1929 553 1931 556; x_wconf 81' lang='grc'><strong>’</strong></span> 
     </span>
    </p>

    <p class='ocr_par' dir='ltr' id='par_1_8' title="bbox 80 624 1943 886">
     <span class='ocr_line' id='line_1_10' title="bbox 147 624 1939 708; baseline 0.001 -19"><span class='ocrx_word' id='word_1_37' title='bbox 147 640 149 642; x_wconf 74' lang='grc'><strong>’</strong></span> <span class='ocrx_word' id='word_1_38' title='bbox 176 639 179 641; x_wconf 70' lang='grc'><strong><em>’</em></strong></span> <span class='ocrx_word' id='word_1_39' title='bbox 246 630 502 693; x_wconf 91' lang='lat' dir='ltr'><strong>XXVII.</strong></span> <span class='ocrx_word' id='word_1_40' title='bbox 554 631 671 688; x_wconf 85' lang='lat' dir='ltr'>Sed</span> <span class='ocrx_word' id='word_1_41' title='bbox 697 624 1058 703; x_wconf 83' lang='lat' dir='ltr'>Agrippina,</span> <span class='ocrx_word' id='word_1_42' title='bbox 1103 628 1371 703; x_wconf 62' lang='lat' dir='ltr'>quo&#39;vim</span> <span class='ocrx_word' id='word_1_43' title='bbox 1395 649 1560 685; x_wconf 89' lang='lat' dir='ltr'>suam</span> <span class='ocrx_word' id='word_1_44' title='bbox 1590 630 1761 686; x_wconf 87' lang='lat' dir='ltr'>sociis</span> <span class='ocrx_word' id='word_1_45' title='bbox 1788 653 1939 708; x_wconf 87' lang='lat' dir='ltr'>quo-</span> 
     </span>
     <span class='ocr_line' id='line_1_11' title="bbox 80 713 1941 801; baseline -0.003 -22"><span class='ocrx_word' id='word_1_46' title='bbox 80 743 193 801; x_wconf 88' lang='lat' dir='ltr'>que</span> <span class='ocrx_word' id='word_1_47' title='bbox 237 718 580 776; x_wconf 84' lang='lat' dir='ltr'>nationibus</span> <span class='ocrx_word' id='word_1_48' title='bbox 625 724 971 783; x_wconf 82' lang='lat' dir='ltr'><strong>ostentaret,</strong></span> <span class='ocrx_word' id='word_1_49' title='bbox 1035 713 1102 768; x_wconf 91' lang='lat' dir='ltr'>in</span> <span class='ocrx_word' id='word_1_50' title='bbox 1154 713 1437 789; x_wconf 88' lang='lat' dir='ltr'>oppidum</span> <span class='ocrx_word' id='word_1_51' title='bbox 1485 713 1811 787; x_wconf 84' lang='lat' dir='ltr'><strong>Ubiorum,</strong></span> <span class='ocrx_word' id='word_1_52' title='bbox 1875 719 1941 774; x_wconf 93' lang='lat' dir='ltr'>in</span> 
     </span>
     <span class='ocr_line' id='line_1_12' title="bbox 80 798 1943 886; baseline -0.003 -21"><span class='ocrx_word' id='word_1_53' title='bbox 80 828 198 886; x_wconf 89' lang='lat' dir='ltr'>quo</span> <span class='ocrx_word' id='word_1_54' title='bbox 222 804 414 880; x_wconf 85' lang='lat' dir='ltr'>genita</span> <span class='ocrx_word' id='word_1_55' title='bbox 439 814 588 871; x_wconf 90' lang='lat' dir='ltr'>erat,</span> <span class='ocrx_word' id='word_1_56' title='bbox 630 812 938 857; x_wconf 84' lang='lat' dir='ltr'>veteranos</span> <span class='ocrx_word' id='word_1_57' title='bbox 965 798 1374 876; x_wconf 81' lang='lat' dir='ltr'>coloniamque</span> <span class='ocrx_word' id='word_1_58' title='bbox 1406 799 1617 855; x_wconf 90' lang='lat' dir='ltr'>deduci</span> <span class='ocrx_word' id='word_1_59' title='bbox 1650 800 1943 877; x_wconf 81' lang='lat' dir='ltr'><strong>impetrat,</strong></span> 
     </span>
    </p>
   </div>
   <div class='ocr_carea' id='block_1_8' title="bbox 83 882 1407 958">
    <p class='ocr_par' dir='ltr' id='par_1_9' title="bbox 83 882 1407 958">
     <span class='ocr_line' id='line_1_13' title="bbox 83 882 1407 958; baseline -0.005 -9"><span class='ocrx_word' id='word_1_60' title='bbox 83 892 180 950; x_wconf 89' lang='lat' dir='ltr'>cui</span> <span class='ocrx_word' id='word_1_61' title='bbox 224 909 445 946; x_wconf 89' lang='lat' dir='ltr'>nomen</span> <span class='ocrx_word' id='word_1_62' title='bbox 479 887 738 943; x_wconf 87' lang='lat' dir='ltr'>inditum</span> <span class='ocrx_word' id='word_1_63' title='bbox 775 905 843 940; x_wconf 83' lang='lat' dir='ltr'>ex</span> <span class='ocrx_word' id='word_1_64' title='bbox 876 882 1163 939; x_wconf 84' lang='lat' dir='ltr'>vocabulo</span> <span class='ocrx_word' id='word_1_65' title='bbox 1203 884 1407 958; x_wconf 80' lang='lat' dir='ltr'>ipsiuS.</span> 
     </span>
    </p>
   </div>
   <div class='ocr_carea' id='block_1_9' title="bbox 1506 886 1943 944">
    <p class='ocr_par' dir='ltr' id='par_1_10' title="bbox 1506 886 1943 944">
     <span class='ocr_line' id='line_1_14' title="bbox 1506 886 1943 944; baseline 0.007 -3"><span class='ocrx_word' id='word_1_66' title='bbox 1506 905 1572 941; x_wconf 93' lang='lat' dir='ltr'>ac</span> <span class='ocrx_word' id='word_1_67' title='bbox 1605 886 1756 943; x_wconf 88' lang='lat' dir='ltr'>forte</span> <span class='ocrx_word' id='word_1_68' title='bbox 1790 889 1943 944; x_wconf 87' lang='lat' dir='ltr'>acci-</span> 
     </span>
    </p>
   </div>
   <div class='ocr_carea' id='block_1_10' title="bbox 84 964 1946 1049">
    <p class='ocr_par' dir='ltr' id='par_1_11' title="bbox 84 964 1946 1049">
     <span class='ocr_line' id='line_1_15' title="bbox 84 964 1946 1049; baseline -0.004 -15"><span class='ocrx_word' id='word_1_69' title='bbox 84 979 279 1045; x_wconf 85' lang='lat' dir='ltr'>derat,</span> <span class='ocrx_word' id='word_1_70' title='bbox 319 985 387 1031; x_wconf 91' lang='lat' dir='ltr'>ut</span> <span class='ocrx_word' id='word_1_71' title='bbox 411 993 539 1030; x_wconf 88' lang='lat' dir='ltr'>eam</span> <span class='ocrx_word' id='word_1_72' title='bbox 563 980 793 1045; x_wconf 83' lang='lat' dir='ltr'><strong>gentem</strong></span> <span class='ocrx_word' id='word_1_73' title='bbox 814 964 1032 1026; x_wconf 84' lang='lat' dir='ltr'>Rheno</span> <span class='ocrx_word' id='word_1_74' title='bbox 1064 977 1485 1042; x_wconf 82' lang='lat' dir='ltr'>transgressam</span> <span class='ocrx_word' id='word_1_75' title='bbox 1514 990 1657 1026; x_wconf 86' lang='lat' dir='ltr'>avus</span> <span class='ocrx_word' id='word_1_76' title='bbox 1681 968 1946 1049; x_wconf 78' lang='lat' dir='ltr'>Agrippa</span> 
     </span>
    </p>
   </div>
   <div class='ocr_carea' id='block_1_11' title="bbox 87 1058 747 1132">
    <p class='ocr_par' dir='ltr' id='par_1_12' title="bbox 87 1058 747 1132">
     <span class='ocr_line' id='line_1_16' title="bbox 87 1058 747 1132; baseline -0.006 -13"><span class='ocrx_word' id='word_1_77' title='bbox 87 1064 153 1119; x_wconf 91' lang='lat' dir='ltr'>in</span> <span class='ocrx_word' id='word_1_78' title='bbox 207 1061 388 1117; x_wconf 88' lang='lat' dir='ltr'>fidem</span> <span class='ocrx_word' id='word_1_79' title='bbox 443 1058 747 1132; x_wconf 88' lang='lat' dir='ltr'>acciperet.</span> 
     </span>
    </p>
   </div>
   <div class='ocr_carea' id='block_1_12' title="bbox 862 1051 1947 1132">
    <p class='ocr_par' dir='ltr' id='par_1_13' title="bbox 862 1051 1947 1132">
     <span class='ocr_line' id='line_1_17' title="bbox 862 1051 1947 1132; baseline 0.006 -23"><span class='ocrx_word' id='word_1_80' title='bbox 862 1051 1082 1109; x_wconf 87' lang='lat' dir='ltr'>Iisdem</span> <span class='ocrx_word' id='word_1_81' title='bbox 1125 1054 1492 1129; x_wconf 83' lang='lat' dir='ltr'>temporibus</span> <span class='ocrx_word' id='word_1_82' title='bbox 1534 1054 1599 1110; x_wconf 91' lang='lat' dir='ltr'>in</span> <span class='ocrx_word' id='word_1_83' title='bbox 1643 1059 1947 1132; x_wconf 87' lang='lat' dir='ltr'>superiore</span> 
     </span>
    </p>
   </div>
   <div class='ocr_carea' id='block_1_13' title="bbox 89 1136 1951 1217">
    <p class='ocr_par' dir='ltr' id='par_1_14' title="bbox 89 1136 1951 1217">
     <span class='ocr_line' id='line_1_18' title="bbox 89 1136 1951 1217; baseline -0.002 -12"><span class='ocrx_word' id='word_1_84' title='bbox 89 1144 410 1205; x_wconf 81' lang='lat' dir='ltr'>Germania</span> <span class='ocrx_word' id='word_1_85' title='bbox 486 1141 881 1217; x_wconf 43' lang='lat' dir='ltr'>trepidatum‘</span> <span class='ocrx_word' id='word_1_86' title='bbox 924 1138 1183 1196; x_wconf 79' lang='lat' dir='ltr'>adventu</span> <span class='ocrx_word' id='word_1_87' title='bbox 1259 1136 1569 1198; x_wconf 87' lang='lat' dir='ltr'>Cattorum</span> <span class='ocrx_word' id='word_1_88' title='bbox 1640 1142 1951 1203; x_wconf 86' lang='lat' dir='ltr'>latrocinia</span> 
     </span>
    </p>
   </div>
   <div class='ocr_carea' id='block_1_14' title="bbox 89 1230 452 1306">
    <p class='ocr_par' dir='ltr' id='par_1_15' title="bbox 89 1230 452 1306">
     <span class='ocr_line' id='line_1_19' title="bbox 89 1230 452 1306; baseline -0.006 -17"><span class='ocrx_word' id='word_1_89' title='bbox 89 1230 452 1306; x_wconf 84' lang='lat' dir='ltr'>agitantium.</span> 
     </span>
    </p>
   </div>
   <div class='ocr_carea' id='block_1_15' title="bbox 91 1434 1010 2995">
    <p class='ocr_par' dir='ltr' id='par_1_16' title="bbox 91 1434 1006 2758">
     <span class='ocr_line' id='line_1_20' title="bbox 91 1434 985 1502; baseline -0.015 -8"><span class='ocrx_word' id='word_1_90' title='bbox 91 1447 173 1494; x_wconf 83' lang='grc' dir='ltr'>τὸν</span> <span class='ocrx_word' id='word_1_91' title='bbox 194 1450 438 1502; x_wconf 84' lang='grc' dir='ltr'><em>Σοσίβιον,</em></span> <span class='ocrx_word' id='word_1_92' title='bbox 485 1434 521 1501; x_wconf 80' lang='grc' dir='ltr'>ᾧ</span> <span class='ocrx_word' id='word_1_93' title='bbox 546 1440 571 1498; x_wconf 75' lang='grc' dir='ltr'><strong><em>ἦ</em></strong></span> <span class='ocrx_word' id='word_1_94' title='bbox 596 1457 642 1486; x_wconf 85' lang='grc' dir='ltr'>τε</span> <span class='ocrx_word' id='word_1_95' title='bbox 664 1440 816 1499; x_wconf 77' lang='grc' dir='ltr'><em>τροφὴ</em></span> <span class='ocrx_word' id='word_1_96' title='bbox 848 1441 926 1484; x_wconf 79' lang='grc' dir='ltr'>καὶ</span> <span class='ocrx_word' id='word_1_97' title='bbox 959 1439 985 1495; x_wconf 81' lang='grc' dir='ltr'><strong><em>ἦ</em></strong></span> 
     </span>
     <span class='ocr_line' id='line_1_21' title="bbox 93 1502 986 1558; baseline -0.011 -7"><span class='ocrx_word' id='word_1_98' title='bbox 93 1507 281 1551; x_wconf 79' lang='grc' dir='ltr'><strong><em>παιδεία</em></strong></span> <span class='ocrx_word' id='word_1_99' title='bbox 313 1503 455 1547; x_wconf 77' lang='grc' dir='ltr'><em>αὐτοῦ</em></span> <span class='ocrx_word' id='word_1_100' title='bbox 488 1502 839 1558; x_wconf 76' lang='grc' dir='ltr'><em>προςετέτακτο,</em></span> <span class='ocrx_word' id='word_1_101' title='bbox 873 1513 986 1542; x_wconf 82' lang='grc' dir='ltr'><em>κατ-</em></span> 
     </span>
     <span class='ocr_line' id='line_1_22' title="bbox 92 1558 985 1622; baseline -0.013 -13"><span class='ocrx_word' id='word_1_102' title='bbox 92 1567 320 1622; x_wconf 76' lang='grc' dir='ltr'><em>έσφαξεν,</em></span> <span class='ocrx_word' id='word_1_103' title='bbox 373 1558 434 1610; x_wconf 84' lang='grc' dir='ltr'>ὠς</span> <span class='ocrx_word' id='word_1_104' title='bbox 469 1562 545 1603; x_wconf 83' lang='grc' dir='ltr'>καὶ</span> <span class='ocrx_word' id='word_1_105' title='bbox 583 1559 645 1615; x_wconf 77' lang='grc' dir='ltr'>τῷ</span> <span class='ocrx_word' id='word_1_106' title='bbox 673 1561 850 1615; x_wconf 76' lang='grc' dir='ltr'><em>Νέρωνι</em></span> <span class='ocrx_word' id='word_1_107' title='bbox 881 1558 985 1601; x_wconf 75' lang='grc' dir='ltr'>ἐπι-</span> 
     </span>
     <span class='ocr_line' id='line_1_23' title="bbox 93 1615 987 1680; baseline -0.012 -14"><span class='ocrx_word' id='word_1_108' title='bbox 93 1618 390 1680; x_wconf 81' lang='grc' dir='ltr'><em>βουλεύοντα.</em></span> <span class='ocrx_word' id='word_1_109' title='bbox 470 1616 559 1661; x_wconf 79' lang='grc' dir='ltr'>κᾶκ</span> <span class='ocrx_word' id='word_1_110' title='bbox 617 1615 783 1658; x_wconf 82' lang='grc' dir='ltr'><em>τούτου</em></span> <span class='ocrx_word' id='word_1_111' title='bbox 833 1629 987 1672; x_wconf 80' lang='grc' dir='ltr'><em>παρα-</em></span> 
     </span>
     <span class='ocr_line' id='line_1_24' title="bbox 96 1669 988 1727; baseline -0.012 -3"><span class='ocrx_word' id='word_1_112' title='bbox 96 1681 245 1724; x_wconf 82' lang='grc' dir='ltr'>δοῦσα</span> <span class='ocrx_word' id='word_1_113' title='bbox 295 1675 438 1721; x_wconf 58' lang='lat' dir='ltr'>ahtau</span> <span class='ocrx_word' id='word_1_114' title='bbox 490 1672 559 1724; x_wconf 78' lang='grc' dir='ltr'>οἷς</span> <span class='ocrx_word' id='word_1_115' title='bbox 604 1671 770 1727; x_wconf 73' lang='grc' dir='ltr'><em>ἤθελεν</em></span> <span class='ocrx_word' id='word_1_116' title='bbox 822 1669 988 1716; x_wconf 72' lang='grc' dir='ltr'><em>ἐκάκου</em></span> 
     </span>
     <span class='ocr_line' id='line_1_25' title="bbox 97 1728 990 1786; baseline -0.012 -4"><span class='ocrx_word' id='word_1_117' title='bbox 97 1735 212 1782; x_wconf 85' lang='grc' dir='ltr'><em>ὅσον</em></span> <span class='ocrx_word' id='word_1_118' title='bbox 238 1733 452 1780; x_wconf 74' lang='grc' dir='ltr'>ἐδύνατο.</span> <span class='ocrx_word' id='word_1_119' title='bbox 511 1734 587 1775; x_wconf 81' lang='grc' dir='ltr'>καὶ</span> <span class='ocrx_word' id='word_1_120' title='bbox 618 1728 722 1774; x_wconf 81' lang='grc' dir='ltr'><em>οὔτε</em></span> <span class='ocrx_word' id='word_1_121' title='bbox 756 1731 819 1785; x_wconf 79' lang='grc' dir='ltr'>τῷ</span> <span class='ocrx_word' id='word_1_122' title='bbox 852 1731 990 1786; x_wconf 78' lang='grc' dir='ltr'><em>πατρὶ</em></span> 
     </span>
     <span class='ocr_line' id='line_1_26' title="bbox 98 1784 992 1848; baseline -0.01 -9"><span class='ocrx_word' id='word_1_123' title='bbox 98 1799 330 1848; x_wconf 83' lang='grc' dir='ltr'><em>συνεῖναι,</em></span> <span class='ocrx_word' id='word_1_124' title='bbox 398 1787 502 1835; x_wconf 74' lang='grc' dir='ltr'><em>οὔτε</em></span> <span class='ocrx_word' id='word_1_125' title='bbox 564 1791 609 1838; x_wconf 72' lang='grc' dir='ltr'>ἐς</span> <span class='ocrx_word' id='word_1_126' title='bbox 655 1788 707 1832; x_wconf 84' lang='grc' dir='ltr'>τὸ</span> <span class='ocrx_word' id='word_1_127' title='bbox 764 1784 992 1845; x_wconf 78' lang='grc' dir='ltr'><em>δημόσιον</em></span> 
     </span>
     <span class='ocr_line' id='line_1_27' title="bbox 98 1841 992 1911; baseline -0.011 -14"><span class='ocrx_word' id='word_1_128' title='bbox 98 1855 309 1911; x_wconf 82' lang='grc' dir='ltr'><em>προϊέναι</em></span> <span class='ocrx_word' id='word_1_129' title='bbox 343 1853 437 1903; x_wconf 79' lang='grc' dir='ltr'><strong><em>εἴα,</em></strong></span> <span class='ocrx_word' id='word_1_130' title='bbox 471 1846 563 1891; x_wconf 83' lang='grc' dir='ltr'><em>ἀλλ’</em></span> <span class='ocrx_word' id='word_1_131' title='bbox 594 1849 645 1890; x_wconf 74' lang='grc' dir='ltr'>ἐν</span> <span class='ocrx_word' id='word_1_132' title='bbox 668 1845 856 1905; x_wconf 75' lang='grc' dir='ltr'><em>ἀδέσμῳ</em></span> <span class='ocrx_word' id='word_1_133' title='bbox 882 1841 992 1902; x_wconf 79' lang='grc' dir='ltr'><em>τρό-</em></span> 
     </span>
     <span class='ocr_line' id='line_1_28' title="bbox 100 1901 992 1965; baseline -0.012 -10"><span class='ocrx_word' id='word_1_134' title='bbox 100 1925 193 1955; x_wconf 79' lang='grc' dir='ltr'>πον</span> <span class='ocrx_word' id='word_1_135' title='bbox 223 1907 326 1952; x_wconf 78' lang='grc' dir='ltr'><em>τινὰ</em></span> <span class='ocrx_word' id='word_1_136' title='bbox 357 1908 540 1965; x_wconf 77' lang='grc' dir='ltr'><em>φυλακῇ</em></span> <span class='ocrx_word' id='word_1_137' title='bbox 575 1901 710 1962; x_wconf 78' lang='grc' dir='ltr'><strong>εἶχεν.</strong></span> <span class='ocrx_word' id='word_1_138' title='bbox 793 1905 992 1946; x_wconf 85' lang='lat' dir='ltr'>Zonaras</span> 
     </span>
     <span class='ocr_line' id='line_1_29' title="bbox 99 1960 995 2027; baseline -0.012 -16"><span class='ocrx_word' id='word_1_139' title='bbox 99 1983 142 2027; x_wconf 88' lang='lat' dir='ltr'>p.</span> <span class='ocrx_word' id='word_1_140' title='bbox 166 1967 262 2011; x_wconf 86' lang='lat'>565.</span> <span class='ocrx_word' id='word_1_141' title='bbox 293 1963 373 2008; x_wconf 81' lang='grc' dir='ltr'>τὸν</span> <span class='ocrx_word' id='word_1_142' title='bbox 395 1964 448 2008; x_wconf 79' lang='grc' dir='ltr'>δὲ</span> <span class='ocrx_word' id='word_1_143' title='bbox 468 1960 806 2019; x_wconf 74' lang='grc' dir='ltr'>Βρετταννικὸν</span> <span class='ocrx_word' id='word_1_144' title='bbox 832 1961 995 2017; x_wconf 75' lang='grc' dir='ltr'><em>συχνοὶ</em></span> 
     </span>
     <span class='ocr_line' id='line_1_30' title="bbox 99 2020 996 2084; baseline -0.01 -15"><span class='ocrx_word' id='word_1_145' title='bbox 99 2027 188 2084; x_wconf 79' lang='grc' dir='ltr'>μὲν</span> <span class='ocrx_word' id='word_1_146' title='bbox 212 2022 309 2069; x_wconf 74' lang='grc' dir='ltr'>οὐδ’</span> <span class='ocrx_word' id='word_1_147' title='bbox 328 2025 369 2066; x_wconf 78' lang='grc' dir='ltr'>εἰ</span> <span class='ocrx_word' id='word_1_148' title='bbox 398 2022 469 2076; x_wconf 75' lang='grc' dir='ltr'>ἔζη</span> <span class='ocrx_word' id='word_1_149' title='bbox 498 2021 773 2077; x_wconf 73' lang='grc' dir='ltr'><em>ἐγίνωσκον,</em></span> <span class='ocrx_word' id='word_1_150' title='bbox 817 2020 861 2062; x_wconf 78' lang='grc' dir='ltr'>οἱ</span> <span class='ocrx_word' id='word_1_151' title='bbox 895 2020 996 2061; x_wconf 90' lang='grc' dir='ltr'><em>λοι-</em></span> 
     </span>
     <span class='ocr_line' id='line_1_31' title="bbox 101 2078 994 2138; baseline -0.01 -11"><span class='ocrx_word' id='word_1_152' title='bbox 101 2086 182 2127; x_wconf 84' lang='grc' dir='ltr'>ποὶ</span> <span class='ocrx_word' id='word_1_153' title='bbox 217 2083 268 2126; x_wconf 78' lang='grc' dir='ltr'>δὲ</span> <span class='ocrx_word' id='word_1_154' title='bbox 302 2081 583 2138; x_wconf 80' lang='grc' dir='ltr'><em>παραπλῆγα</em></span> <span class='ocrx_word' id='word_1_155' title='bbox 618 2079 694 2120; x_wconf 83' lang='grc' dir='ltr'>καὶ</span> <span class='ocrx_word' id='word_1_156' title='bbox 723 2078 994 2132; x_wconf 71' lang='grc' dir='ltr'><em>ἐπίληπτον,</em></span> 
     </span>
     <span class='ocr_line' id='line_1_32' title="bbox 101 2133 996 2200; baseline -0.011 -15"><span class='ocrx_word' id='word_1_157' title='bbox 101 2144 246 2185; x_wconf 77' lang='grc' dir='ltr'><em>ταῦτα</em></span> <span class='ocrx_word' id='word_1_158' title='bbox 269 2133 573 2196; x_wconf 79' lang='grc' dir='ltr'>κηρυττοὺσης</span> <span class='ocrx_word' id='word_1_159' title='bbox 589 2138 668 2191; x_wconf 81' lang='grc' dir='ltr'>τῆς</span> <span class='ocrx_word' id='word_1_160' title='bbox 682 2135 996 2200; x_wconf 51' lang='grc' dir='ltr'><em>Ἀγριππίνηςῖ</em></span> 
     </span>
     <span class='ocr_line' id='line_1_33' title="bbox 104 2192 996 2256; baseline -0.012 -13"><span class='ocrx_word' id='word_1_161' title='bbox 104 2197 267 2256; x_wconf 80' lang='grc' dir='ltr'>ᾤοντο.</span> <span class='ocrx_word' id='word_1_162' title='bbox 350 2195 406 2238; x_wconf 63' lang='lat' dir='ltr'>,Si</span> <span class='ocrx_word' id='word_1_163' title='bbox 443 2204 592 2241; x_wconf 84' lang='lat' dir='ltr'>tamen</span> <span class='ocrx_word' id='word_1_164' title='bbox 631 2195 770 2236; x_wconf 82' lang='lat' dir='ltr'>mavis</span> <span class='ocrx_word' id='word_1_165' title='bbox 803 2192 996 2235; x_wconf 88' lang='lat' dir='ltr'>Ernestu</span> 
     </span>
     <span class='ocr_line' id='line_1_34' title="bbox 104 2251 998 2312; baseline -0.011 -12"><span class='ocrx_word' id='word_1_166' title='bbox 104 2274 151 2300; x_wconf 85' lang='lat' dir='ltr'>se</span> <span class='ocrx_word' id='word_1_167' title='bbox 185 2256 229 2299; x_wconf 92' lang='lat' dir='ltr'>ui</span> <span class='ocrx_word' id='word_1_168' title='bbox 251 2253 455 2312; x_wconf 79' lang='lat' dir='ltr'>vestigia,</span> <span class='ocrx_word' id='word_1_169' title='bbox 485 2268 542 2295; x_wconf 89' lang='lat' dir='ltr'>ne</span> <span class='ocrx_word' id='word_1_170' title='bbox 566 2251 712 2295; x_wconf 88' lang='lat' dir='ltr'>deleas</span> <span class='ocrx_word' id='word_1_171' title='bbox 735 2265 899 2308; x_wconf 88' lang='lat' dir='ltr'>quaeso</span> <span class='ocrx_word' id='word_1_172' title='bbox 923 2264 998 2291; x_wconf 88' lang='lat' dir='ltr'>vo-</span> 
     </span>
     <span class='ocr_line' id='line_1_35' title="bbox 105 2273 999 2368; baseline -0.011 -10"><span class='ocrx_word' id='word_1_173' title='bbox 105 2273 254 2359; x_wconf 44' lang='lat' dir='ltr'>cutlam</span> <span class='ocrx_word' id='word_1_174' title='bbox 272 2326 381 2368; x_wconf 84' lang='lat' dir='ltr'>per,</span> <span class='ocrx_word' id='word_1_175' title='bbox 410 2310 487 2352; x_wconf 90' lang='lat' dir='ltr'>sed</span> <span class='ocrx_word' id='word_1_176' title='bbox 510 2310 656 2353; x_wconf 80' lang='lat' dir='ltr'>scribe</span> <span class='ocrx_word' id='word_1_177' title='bbox 682 2310 999 2362; x_wconf 83' lang='lat' dir='ltr'>perintempe-</span> 
     </span>
     <span class='ocr_line' id='line_1_36' title="bbox 107 2362 998 2421; baseline -0.009 -8"><span class='ocrx_word' id='word_1_178' title='bbox 107 2372 245 2414; x_wconf 80' lang='lat' dir='ltr'>stiva.</span> <span class='ocrx_word' id='word_1_179' title='bbox 325 2367 403 2412; x_wconf 86' lang='lat' dir='ltr'>Sic</span> <span class='ocrx_word' id='word_1_180' title='bbox 432 2368 473 2415; x_wconf 83' lang='lat'>4,</span> <span class='ocrx_word' id='word_1_181' title='bbox 509 2367 576 2410; x_wconf 74' lang='lat'><strong>12.</strong></span> <span class='ocrx_word' id='word_1_182' title='bbox 607 2367 917 2421; x_wconf 79' lang='lat' dir='ltr'>peridoneus3</span> <span class='ocrx_word' id='word_1_183' title='bbox 957 2362 998 2415; x_wconf 81' lang='lat'>4,</span> 
     </span>
     <span class='ocr_line' id='line_1_37' title="bbox 109 2422 998 2482; baseline -0.012 -10"><span class='ocrx_word' id='word_1_184' title='bbox 109 2429 180 2472; x_wconf 82' lang='lat'>64.</span> <span class='ocrx_word' id='word_1_185' title='bbox 211 2440 525 2482; x_wconf 82' lang='lat' dir='ltr'>peramoena;</span> <span class='ocrx_word' id='word_1_186' title='bbox 568 2423 678 2467; x_wconf 81' lang='lat' dir='ltr'>infr.</span> <span class='ocrx_word' id='word_1_187' title='bbox 707 2439 746 2466; x_wconf 87' lang='lat' dir='ltr'>c.</span> <span class='ocrx_word' id='word_1_188' title='bbox 771 2422 843 2464; x_wconf 85' lang='lat'>45.</span> <span class='ocrx_word' id='word_1_189' title='bbox 883 2435 998 2475; x_wconf 84' lang='lat' dir='ltr'>per·-</span> 
     </span>
     <span class='ocr_line' id='line_1_38' title="bbox 109 2476 1001 2539; baseline -0.009 -12"><span class='ocrx_word' id='word_1_190' title='bbox 109 2487 329 2539; x_wconf 82' lang='lat' dir='ltr'>simplex.</span> <span class='ocrx_word' id='word_1_191' title='bbox 399 2481 577 2525; x_wconf 77' lang='lat' dir='ltr'>Sallust.</span> <span class='ocrx_word' id='word_1_192' title='bbox 611 2482 658 2523; x_wconf 87' lang='lat' dir='ltr'>in</span> <span class='ocrx_word' id='word_1_193' title='bbox 691 2479 849 2537; x_wconf 80' lang='lat' dir='ltr'>fragm.</span> <span class='ocrx_word' id='word_1_194' title='bbox 884 2476 1001 2536; x_wconf 88' lang='lat' dir='ltr'>apud</span> 
     </span>
     <span class='ocr_line' id='line_1_39' title="bbox 113 2538 1000 2591; baseline -0.011 -6"><span class='ocrx_word' id='word_1_195' title='bbox 113 2543 309 2586; x_wconf 83' lang='lat' dir='ltr'>Gellium</span> <span class='ocrx_word' id='word_1_196' title='bbox 342 2540 410 2588; x_wconf 86' lang='lat'>18,</span> <span class='ocrx_word' id='word_1_197' title='bbox 440 2540 483 2581; x_wconf 84' lang='lat'><strong>4.</strong></span> <span class='ocrx_word' id='word_1_198' title='bbox 515 2538 857 2591; x_wconf 79' lang='lat' dir='ltr'>perincertum,</span> <span class='ocrx_word' id='word_1_199' title='bbox 898 2543 1000 2578; x_wconf 83' lang='lat' dir='ltr'>sto-</span> 
     </span>
     <span class='ocr_line' id='line_1_40' title="bbox 111 2593 1004 2651; baseline -0.011 -8"><span class='ocrx_word' id='word_1_200' title='bbox 111 2602 255 2643; x_wconf 73' lang='lat' dir='ltr'>liciter</span> <span class='ocrx_word' id='word_1_201' title='bbox 276 2597 555 2649; x_wconf 30' lang='lat' dir='ltr'>anlvanior.</span> <span class='ocrx_word' id='word_1_202' title='bbox 617 2595 671 2636; x_wconf 86' lang='lat' dir='ltr'>ln</span> <span class='ocrx_word' id='word_1_203' title='bbox 707 2593 1004 2651; x_wconf 82' lang='lat' dir='ltr'>posteriorem</span> 
     </span>
     <span class='ocr_line' id='line_1_41' title="bbox 113 2649 1006 2709; baseline -0.01 -9"><span class='ocrx_word' id='word_1_204' title='bbox 113 2656 334 2700; x_wconf 83' lang='lat' dir='ltr'>rationem</span> <span class='ocrx_word' id='word_1_205' title='bbox 362 2653 495 2699; x_wconf 85' lang='lat' dir='ltr'>video</span> <span class='ocrx_word' id='word_1_206' title='bbox 529 2661 571 2696; x_wconf 90' lang='lat' dir='ltr'>et</span> <span class='ocrx_word' id='word_1_207' title='bbox 590 2651 911 2709; x_wconf 84' lang='lat' dir='ltr'>Kiesslingium</span> <span class='ocrx_word' id='word_1_208' title='bbox 939 2649 1006 2692; x_wconf 86' lang='lat' dir='ltr'>in-</span> 
     </span>
     <span class='ocr_line' id='line_1_42' title="bbox 118 2713 300 2758; baseline -0.011 0"><span class='ocrx_word' id='word_1_209' title='bbox 118 2713 300 2758; x_wconf 81' lang='lat' dir='ltr'>clinare.</span> 
     </span>
    </p>

    <p class='ocr_par' dir='ltr' id='par_1_17' title="bbox 121 2765 1010 2995">
     <span class='ocr_line' id='line_1_43' title="bbox 163 2765 1006 2827; baseline -0.006 -16"><span class='ocrx_word' id='word_1_210' title='bbox 163 2770 294 2827; x_wconf 80' lang='lat' dir='ltr'>salsi.</span> <span class='ocrx_word' id='word_1_211' title='bbox 352 2768 429 2812; x_wconf 84' lang='lat' dir='ltr'>Sic</span> <span class='ocrx_word' id='word_1_212' title='bbox 461 2767 562 2811; x_wconf 85' lang='lat' dir='ltr'>edd.</span> <span class='ocrx_word' id='word_1_213' title='bbox 593 2767 709 2825; x_wconf 88' lang='lat' dir='ltr'>Spir.</span> <span class='ocrx_word' id='word_1_214' title='bbox 733 2765 878 2808; x_wconf 85' lang='lat' dir='ltr'>Rhen.</span> <span class='ocrx_word' id='word_1_215' title='bbox 907 2780 1006 2822; x_wconf 85' lang='lat' dir='ltr'>sqq.</span> 
     </span>
     <span class='ocr_line' id='line_1_44' title="bbox 121 2822 1010 2878; baseline -0.008 -8"><span class='ocrx_word' id='word_1_216' title='bbox 121 2843 223 2871; x_wconf 89' lang='lat' dir='ltr'>cum</span> <span class='ocrx_word' id='word_1_217' title='bbox 244 2826 377 2871; x_wconf 88' lang='lat' dir='ltr'><strong>MSS.</strong></span> <span class='ocrx_word' id='word_1_218' title='bbox 402 2826 515 2868; x_wconf 88' lang='lat' dir='ltr'>Bud.</span> <span class='ocrx_word' id='word_1_219' title='bbox 546 2824 697 2868; x_wconf 78' lang='lat' dir='ltr'>Guelf.</span> <span class='ocrx_word' id='word_1_220' title='bbox 726 2851 784 2860; x_wconf 92' lang='grc'>--</span> <span class='ocrx_word' id='word_1_221' title='bbox 823 2822 946 2878; x_wconf 84' lang='lat' dir='ltr'>falli</span> <span class='ocrx_word' id='word_1_222' title='bbox 964 2836 1010 2863; x_wconf 84' lang='lat' dir='ltr'>se</span> 
     </span>
     <span class='ocr_line' id='line_1_45' title="bbox 122 2877 1008 2935; baseline -0.007 -9"><span class='ocrx_word' id='word_1_223' title='bbox 122 2884 223 2926; x_wconf 90' lang='lat' dir='ltr'>edd.</span> <span class='ocrx_word' id='word_1_224' title='bbox 252 2882 351 2926; x_wconf 83' lang='lat' dir='ltr'>Put.</span> <span class='ocrx_word' id='word_1_225' title='bbox 376 2883 443 2926; x_wconf 90' lang='grc' dir='ltr'>Μ.</span> <span class='ocrx_word' id='word_1_226' title='bbox 469 2892 512 2927; x_wconf 83' lang='lat' dir='ltr'>et</span> <span class='ocrx_word' id='word_1_227' title='bbox 534 2882 591 2925; x_wconf 91' lang='lat' dir='ltr'>V.</span> <span class='ocrx_word' id='word_1_228' title='bbox 620 2880 830 2925; x_wconf 83' lang='lat' dir='ltr'>Beroald.</span> <span class='ocrx_word' id='word_1_229' title='bbox 856 2881 916 2935; x_wconf 88' lang='lat' dir='ltr'>(c.</span> <span class='ocrx_word' id='word_1_230' title='bbox 939 2877 1008 2922; x_wconf 88' lang='lat' dir='ltr'>sil.</span> 
     </span>
     <span class='ocr_line' id='line_1_46' title="bbox 123 2940 392 2995; baseline -0.004 -11"><span class='ocrx_word' id='word_1_231' title='bbox 123 2940 264 2995; x_wconf 81' lang='lat' dir='ltr'>vict.)</span> <span class='ocrx_word' id='word_1_232' title='bbox 292 2940 392 2986; x_wconf 80' lang='lat' dir='ltr'>Ale.</span> 
     </span>
    </p>
   </div>
   <div class='ocr_carea' id='block_1_16' title="bbox 127 3007 1013 3113">
    <p class='ocr_par' dir='ltr' id='par_1_18' title="bbox 127 3007 1013 3113">
     <span class='ocr_line' id='line_1_47' title="bbox 181 3007 1013 3065; baseline -0.005 -12"><span class='ocrx_word' id='word_1_233' title='bbox 181 3011 276 3053; x_wconf 75' lang='lat' dir='ltr'>sive</span> <span class='ocrx_word' id='word_1_234' title='bbox 313 3024 484 3053; x_wconf 83' lang='lat' dir='ltr'>verum.</span> <span class='ocrx_word' id='word_1_235' title='bbox 564 3008 774 3052; x_wconf 88' lang='lat' dir='ltr'>Heinsius</span> <span class='ocrx_word' id='word_1_236' title='bbox 818 3007 1013 3065; x_wconf 79' lang='lat' dir='ltr'>corrige-</span> 
     </span>
     <span class='ocr_line' id='line_1_48' title="bbox 127 3063 1010 3113; baseline -0.003 -3"><span class='ocrx_word' id='word_1_237' title='bbox 127 3066 227 3110; x_wconf 74' lang='lat' dir='ltr'>bat:</span> <span class='ocrx_word' id='word_1_238' title='bbox 258 3067 549 3113; x_wconf 84' lang='lat' dir='ltr'>siveevero.</span> <span class='ocrx_word' id='word_1_239' title='bbox 607 3067 804 3110; x_wconf 83' lang='lat' dir='ltr'>Frustra.</span> <span class='ocrx_word' id='word_1_240' title='bbox 864 3063 1010 3108; x_wconf 78' lang='lat' dir='ltr'>Intell.</span> 
     </span>
    </p>
   </div>
   <div class='ocr_carea' id='block_1_17' title="bbox 112 3122 1014 3240">
    <p class='ocr_par' dir='ltr' id='par_1_19' title="bbox 112 3122 1014 3240">
     <span class='ocr_line' id='line_1_49' title="bbox 112 3122 1014 3168; baseline -0.002 -1"><span class='ocrx_word' id='word_1_241' title='bbox 112 3124 224 3167; x_wconf 79' lang='lat' dir='ltr'>-sive</span> <span class='ocrx_word' id='word_1_242' title='bbox 258 3138 419 3167; x_wconf 85' lang='lat' dir='ltr'>verum</span> <span class='ocrx_word' id='word_1_243' title='bbox 449 3132 534 3167; x_wconf 85' lang='lat' dir='ltr'>est.</span> <span class='ocrx_word' id='word_1_244' title='bbox 592 3123 696 3168; x_wconf 88' lang='lat' dir='ltr'>MS.</span> <span class='ocrx_word' id='word_1_245' title='bbox 721 3123 837 3168; x_wconf 84' lang='lat' dir='ltr'>Bud.</span> <span class='ocrx_word' id='word_1_246' title='bbox 875 3131 919 3166; x_wconf 88' lang='lat' dir='ltr'>et</span> <span class='ocrx_word' id='word_1_247' title='bbox 944 3122 1014 3165; x_wconf 83' lang='lat' dir='ltr'>ed.</span> 
     </span>
     <span class='ocr_line' id='line_1_50' title="bbox 130 3181 666 3240; baseline -0.002 -15"><span class='ocrx_word' id='word_1_248' title='bbox 130 3181 247 3240; x_wconf 86' lang='lat' dir='ltr'>Spir.</span> <span class='ocrx_word' id='word_1_249' title='bbox 271 3182 363 3224; x_wconf 82' lang='lat' dir='ltr'>sive</span> <span class='ocrx_word' id='word_1_250' title='bbox 388 3212 400 3224; x_wconf 92' lang='lat'><strong>.</strong></span> <span class='ocrx_word' id='word_1_251' title='bbox 419 3211 429 3223; x_wconf 96' lang='lat'><strong>.</strong></span> <span class='ocrx_word' id='word_1_252' title='bbox 443 3211 456 3223; x_wconf 94' lang='lat'><strong>.</strong></span> <span class='ocrx_word' id='word_1_253' title='bbox 477 3183 573 3224; x_wconf 83' lang='lat' dir='ltr'>sive</span> <span class='ocrx_word' id='word_1_254' title='bbox 599 3212 610 3224; x_wconf 93' lang='lat'><strong>.</strong></span> <span class='ocrx_word' id='word_1_255' title='bbox 627 3211 638 3224; x_wconf 91' lang='lat'><strong>.</strong></span> <span class='ocrx_word' id='word_1_256' title='bbox 654 3211 666 3224; x_wconf 93' lang='lat'><strong>.</strong></span> 
     </span>
    </p>
   </div>
   <div class='ocr_carea' id='block_1_18' title="bbox 132 3250 1016 3363">
    <p class='ocr_par' dir='ltr' id='par_1_20' title="bbox 132 3250 1016 3363">
     <span class='ocr_line' id='line_1_51' title="bbox 187 3250 1016 3307; baseline -0.001 -13"><span class='ocrx_word' id='word_1_257' title='bbox 187 3253 538 3294; x_wconf 83' lang='lat' dir='ltr'>commendatus</span> <span class='ocrx_word' id='word_1_258' title='bbox 561 3281 597 3294; x_wconf 91' lang='lat'>..</span> <span class='ocrx_word' id='word_1_259' title='bbox 614 3283 624 3293; x_wconf 93' lang='lat'><strong>.</strong></span> <span class='ocrx_word' id='word_1_260' title='bbox 640 3252 850 3307; x_wconf 84' lang='lat' dir='ltr'>samam.</span> <span class='ocrx_word' id='word_1_261' title='bbox 909 3250 1016 3294; x_wconf 90' lang='lat' dir='ltr'>MS.</span> 
     </span>
     <span class='ocr_line' id='line_1_52' title="bbox 132 3306 989 3363; baseline 0.001 -12"><span class='ocrx_word' id='word_1_262' title='bbox 132 3306 283 3362; x_wconf 77' lang='lat' dir='ltr'>Guelf.</span> <span class='ocrx_word' id='word_1_263' title='bbox 307 3308 647 3352; x_wconf 84' lang='lat' dir='ltr'>commendatis</span> <span class='ocrx_word' id='word_1_264' title='bbox 662 3340 671 3351; x_wconf 94' lang='lat'><strong>.</strong></span> <span class='ocrx_word' id='word_1_265' title='bbox 688 3340 699 3352; x_wconf 90' lang='lat'><strong>.</strong></span> <span class='ocrx_word' id='word_1_266' title='bbox 712 3340 724 3352; x_wconf 90' lang='lat'><strong>.</strong></span> <span class='ocrx_word' id='word_1_267' title='bbox 741 3310 989 3363; x_wconf 79' lang='lat' dir='ltr'>phamam.</span> 
     </span>
    </p>
   </div>
   <div class='ocr_carea' id='block_1_19' title="bbox 135 3379 1020 3537">
    <p class='ocr_par' dir='ltr' id='par_1_21' title="bbox 135 3379 1020 3537">
     <span class='ocr_line' id='line_1_53' title="bbox 189 3379 1018 3437; baseline 0.001 -16"><span class='ocrx_word' id='word_1_268' title='bbox 189 3379 392 3422; x_wconf 77' lang='lat' dir='ltr'>retinuit.</span> <span class='ocrx_word' id='word_1_269' title='bbox 437 3394 499 3422; x_wconf 83' lang='lat' dir='ltr'>sc.</span> <span class='ocrx_word' id='word_1_270' title='bbox 522 3379 638 3435; x_wconf 84' lang='lat' dir='ltr'>apud</span> <span class='ocrx_word' id='word_1_271' title='bbox 663 3386 880 3436; x_wconf 80' lang='lat' dir='ltr'>posteros.</span> <span class='ocrx_word' id='word_1_272' title='bbox 935 3379 1018 3437; x_wconf 80' lang='lat' dir='ltr'>lgi-</span> 
     </span>
     <span class='ocr_line' id='line_1_54' title="bbox 135 3435 1020 3494; baseline 0.001 -16"><span class='ocrx_word' id='word_1_273' title='bbox 135 3442 210 3478; x_wconf 80' lang='lat' dir='ltr'>tur</span> <span class='ocrx_word' id='word_1_274' title='bbox 238 3435 430 3478; x_wconf 78' lang='lat' dir='ltr'>retinuit</span> <span class='ocrx_word' id='word_1_275' title='bbox 466 3451 560 3478; x_wconf 85' lang='lat' dir='ltr'>non</span> <span class='ocrx_word' id='word_1_276' title='bbox 593 3443 659 3478; x_wconf 82' lang='lat' dir='ltr'>est</span> <span class='ocrx_word' id='word_1_277' title='bbox 691 3451 774 3494; x_wconf 85' lang='lat' dir='ltr'>pro</span> <span class='ocrx_word' id='word_1_278' title='bbox 807 3437 1020 3488; x_wconf 76' lang='lat' dir='ltr'>obtinuit,</span> 
     </span>
     <span class='ocr_line' id='line_1_55' title="bbox 137 3491 698 3537; baseline 0.002 -1"><span class='ocrx_word' id='word_1_279' title='bbox 137 3499 187 3536; x_wconf 81' lang='lat' dir='ltr'>ut</span> <span class='ocrx_word' id='word_1_280' title='bbox 215 3491 419 3536; x_wconf 74' lang='lat' dir='ltr'>Ernestio</span> <span class='ocrx_word' id='word_1_281' title='bbox 451 3492 698 3537; x_wconf 79' lang='lat' dir='ltr'>videbatur.</span> 
     </span>
    </p>
   </div>
   <div class='ocr_carea' id='block_1_20' title="bbox 197 3560 846 3621">
    <p class='ocr_par' dir='ltr' id='par_1_22' title="bbox 197 3560 846 3621">
     <span class='ocr_line' id='line_1_56' title="bbox 197 3560 846 3621; baseline 0.005 -15"><span class='ocrx_word' id='word_1_282' title='bbox 197 3560 308 3608; x_wconf 70' lang='lat' dir='ltr'>CAP-</span> <span class='ocrx_word' id='word_1_283' title='bbox 338 3562 407 3607; x_wconf 79' lang='lat'><strong>27.</strong></span> <span class='ocrx_word' id='word_1_284' title='bbox 480 3563 613 3609; x_wconf 72' lang='lat' dir='ltr'>sociis</span> <span class='ocrx_word' id='word_1_285' title='bbox 652 3579 846 3621; x_wconf 78' lang='lat' dir='ltr'>quoque.</span> 
     </span>
    </p>
   </div>
   <div class='ocr_carea' id='block_1_21' title="bbox 915 3556 1082 3609">
    <p class='ocr_par' dir='ltr' id='par_1_23' title="bbox 915 3556 1082 3609">
     <span class='ocr_line' id='line_1_57' title="bbox 915 3556 1082 3609; baseline -0.006 0"><span class='ocrx_word' id='word_1_286' title='bbox 915 3563 1019 3609; x_wconf 83' lang='lat' dir='ltr'><strong>MS.</strong></span> <span class='ocrx_word' id='word_1_287' title='bbox 1073 3556 1082 3574; x_wconf 69' lang='lat'>²</span> 
     </span>
    </p>
   </div>
   <div class='ocr_carea' id='block_1_22' title="bbox 578 1220 1950 1299">
    <p class='ocr_par' dir='ltr' id='par_1_24' title="bbox 578 1220 1950 1299">
     <span class='ocr_line' id='line_1_58' title="bbox 578 1220 1950 1299; baseline 0.003 -17"><span class='ocrx_word' id='word_1_288' title='bbox 578 1226 717 1282; x_wconf 91' lang='lat' dir='ltr'>dein</span> <span class='ocrx_word' id='word_1_289' title='bbox 783 1222 853 1282; x_wconf 90' lang='lat' dir='ltr'>L.</span> <span class='ocrx_word' id='word_1_290' title='bbox 910 1220 1279 1299; x_wconf 89' lang='lat' dir='ltr'>Pomponius</span> <span class='ocrx_word' id='word_1_291' title='bbox 1345 1225 1569 1299; x_wconf 83' lang='lat' dir='ltr'>legatus</span> <span class='ocrx_word' id='word_1_292' title='bbox 1637 1228 1950 1287; x_wconf 85' lang='lat' dir='ltr'>auxiliares</span> 
     </span>
    </p>
   </div>
   <div class='ocr_carea' id='block_1_23' title="bbox 1058 1439 1953 1555">
    <p class='ocr_par' dir='ltr' id='par_1_25' title="bbox 1058 1439 1953 1555">
     <span class='ocr_line' id='line_1_59' title="bbox 1060 1439 1953 1498; baseline 0.009 -14"><span class='ocrx_word' id='word_1_293' title='bbox 1060 1440 1211 1485; x_wconf 80' lang='lat' dir='ltr'>Guelf.</span> <span class='ocrx_word' id='word_1_294' title='bbox 1242 1439 1485 1498; x_wconf 70' lang='lat' dir='ltr'>sotii-sque.</span> <span class='ocrx_word' id='word_1_295' title='bbox 1555 1443 1761 1488; x_wconf 76' lang='lat' dir='ltr'>Secunda</span> <span class='ocrx_word' id='word_1_296' title='bbox 1793 1461 1953 1492; x_wconf 83' lang='lat' dir='ltr'>manus</span> 
     </span>
     <span class='ocr_line' id='line_1_60' title="bbox 1058 1499 1913 1555; baseline 0.007 -14"><span class='ocrx_word' id='word_1_297' title='bbox 1058 1499 1169 1542; x_wconf 81' lang='lat' dir='ltr'>fecit</span> <span class='ocrx_word' id='word_1_298' title='bbox 1191 1514 1387 1555; x_wconf 81' lang='lat' dir='ltr'>quoque.</span> <span class='ocrx_word' id='word_1_299' title='bbox 1450 1501 1507 1543; x_wconf 86' lang='lat' dir='ltr'>cf.</span> <span class='ocrx_word' id='word_1_300' title='bbox 1534 1510 1630 1543; x_wconf 86' lang='lat' dir='ltr'>not.</span> <span class='ocrx_word' id='word_1_301' title='bbox 1655 1501 1708 1544; x_wconf 88' lang='lat' dir='ltr'>ad</span> <span class='ocrx_word' id='word_1_302' title='bbox 1738 1506 1772 1554; x_wconf 94' lang='lat'>1,</span> <span class='ocrx_word' id='word_1_303' title='bbox 1795 1504 1866 1547; x_wconf 73' lang='lat'>28.</span> <span class='ocrx_word' id='word_1_304' title='bbox 1909 1515 1913 1534; x_wconf 77' lang='lat'><em>³</em></span> 
     </span>
    </p>
   </div>
   <div class='ocr_carea' id='block_1_24' title="bbox 1060 1570 1959 1914">
    <p class='ocr_par' dir='ltr' id='par_1_26' title="bbox 1060 1570 1959 1914">
     <span class='ocr_line' id='line_1_61' title="bbox 1116 1570 1952 1628; baseline 0.011 -17"><span class='ocrx_word' id='word_1_305' title='bbox 1116 1572 1356 1623; x_wconf 80' lang='lat' dir='ltr'>impetrat.</span> <span class='ocrx_word' id='word_1_306' title='bbox 1427 1570 1541 1614; x_wconf 88' lang='lat' dir='ltr'><strong>Edd.</strong></span> <span class='ocrx_word' id='word_1_307' title='bbox 1570 1570 1730 1628; x_wconf 81' lang='lat' dir='ltr'>Lipsii‚</span> <span class='ocrx_word' id='word_1_308' title='bbox 1766 1574 1952 1620; x_wconf 86' lang='lat' dir='ltr'>Pichen.</span> 
     </span>
     <span class='ocr_line' id='line_1_62' title="bbox 1061 1626 1955 1689; baseline 0.008 -19"><span class='ocrx_word' id='word_1_309' title='bbox 1061 1626 1243 1670; x_wconf 77' lang='lat' dir='ltr'>Gruter.</span> <span class='ocrx_word' id='word_1_310' title='bbox 1274 1626 1500 1682; x_wconf 83' lang='lat' dir='ltr'>imperat,</span> <span class='ocrx_word' id='word_1_311' title='bbox 1546 1628 1657 1674; x_wconf 76' lang='lat' dir='ltr'>vitio</span> <span class='ocrx_word' id='word_1_312' title='bbox 1698 1647 1955 1689; x_wconf 84' lang='lat' dir='ltr'>operarum,</span> 
     </span>
     <span class='ocr_line' id='line_1_63' title="bbox 1060 1683 1956 1735; baseline 0.009 -8"><span class='ocrx_word' id='word_1_313' title='bbox 1060 1694 1109 1727; x_wconf 85' lang='lat' dir='ltr'>ut</span> <span class='ocrx_word' id='word_1_314' title='bbox 1136 1683 1310 1726; x_wconf 85' lang='lat' dir='ltr'>videtur</span> <span class='ocrx_word' id='word_1_315' title='bbox 1331 1685 1555 1728; x_wconf 84' lang='lat' dir='ltr'>Ernestio.</span> <span class='ocrx_word' id='word_1_316' title='bbox 1616 1685 1824 1732; x_wconf 81' lang='lat' dir='ltr'>Veterem</span> <span class='ocrx_word' id='word_1_317' title='bbox 1847 1691 1956 1735; x_wconf 53' lang='lat' dir='ltr'>sori*-</span> 
     </span>
     <span class='ocr_line' id='line_1_64' title="bbox 1060 1742 1959 1799; baseline 0.011 -17"><span class='ocrx_word' id='word_1_318' title='bbox 1060 1750 1238 1799; x_wconf 88' lang='lat' dir='ltr'>pturam</span> <span class='ocrx_word' id='word_1_319' title='bbox 1275 1743 1500 1795; x_wconf 81' lang='lat' dir='ltr'>impetrat</span> <span class='ocrx_word' id='word_1_320' title='bbox 1534 1742 1698 1786; x_wconf 87' lang='lat' dir='ltr'>habent</span> <span class='ocrx_word' id='word_1_321' title='bbox 1724 1746 1824 1790; x_wconf 91' lang='lat' dir='ltr'>edd.</span> <span class='ocrx_word' id='word_1_322' title='bbox 1850 1748 1959 1792; x_wconf 91' lang='lat' dir='ltr'>Ber-</span> 
     </span>
     <span class='ocr_line' id='line_1_65' title="bbox 1065 1799 1957 1857; baseline 0.01 -15"><span class='ocrx_word' id='word_1_323' title='bbox 1065 1815 1193 1857; x_wconf 81' lang='lat' dir='ltr'>negg.</span> <span class='ocrx_word' id='word_1_324' title='bbox 1213 1814 1309 1857; x_wconf 87' lang='lat' dir='ltr'>sqq.</span> <span class='ocrx_word' id='word_1_325' title='bbox 1342 1822 1343 1827; x_wconf 61' lang='lat'>=</span> <span class='ocrx_word' id='word_1_326' title='bbox 1371 1799 1461 1842; x_wconf 84' lang='lat' dir='ltr'>Pro</span> <span class='ocrx_word' id='word_1_327' title='bbox 1479 1802 1710 1843; x_wconf 76' lang='lat' dir='ltr'>Ubiorum</span> <span class='ocrx_word' id='word_1_328' title='bbox 1725 1803 1957 1851; x_wconf 65' lang='lat' dir='ltr'>B1S.Flo1·.</span> 
     </span>
     <span class='ocr_line' id='line_1_66' title="bbox 1065 1856 1958 1914; baseline 0.006 -16"><span class='ocrx_word' id='word_1_329' title='bbox 1065 1862 1186 1910; x_wconf 84' lang='lat' dir='ltr'>(test.</span> <span class='ocrx_word' id='word_1_330' title='bbox 1215 1857 1358 1910; x_wconf 85' lang='lat' dir='ltr'>Vict.)</span> <span class='ocrx_word' id='word_1_331' title='bbox 1396 1856 1526 1900; x_wconf 86' lang='lat' dir='ltr'>babet</span> <span class='ocrx_word' id='word_1_332' title='bbox 1560 1858 1835 1914; x_wconf 74' lang='lat' dir='ltr'>Ubiiorum5</span> <span class='ocrx_word' id='word_1_333' title='bbox 1885 1865 1958 1910; x_wconf 80' lang='lat' dir='ltr'>ed.</span> 
     </span>
    </p>
   </div>
   <div class='ocr_carea' id='block_1_25' title="bbox 1064 1913 1961 2014">
    <p class='ocr_par' dir='ltr' id='par_1_27' title="bbox 1064 1913 1961 2014">
     <span class='ocr_line' id='line_1_67' title="bbox 1065 1913 1961 1980; baseline 0.002 -25"><span class='ocrx_word' id='word_1_334' title='bbox 1065 1914 1168 1956; x_wconf 90' lang='lat' dir='ltr'>Put.</span> <span class='ocrx_word' id='word_1_335' title='bbox 1204 1914 1318 1956; x_wconf 90' lang='lat' dir='ltr'>Ven.</span> <span class='ocrx_word' id='word_1_336' title='bbox 1360 1913 1607 1964; x_wconf 78' lang='lat' dir='ltr'>Ubicram,</span> <span class='ocrx_word' id='word_1_337' title='bbox 1657 1916 1765 1960; x_wconf 84' lang='lat' dir='ltr'>vitio</span> <span class='ocrx_word' id='word_1_338' title='bbox 1803 1936 1961 1980; x_wconf 73' lang='lat' dir='ltr'>opera-</span> 
     </span>
     <span class='ocr_line' id='line_1_68' title="bbox 1064 1987 1184 2014; baseline -0.008 0"><span class='ocrx_word' id='word_1_339' title='bbox 1064 1987 1184 2014; x_wconf 86' lang='lat' dir='ltr'>rum.</span> 
     </span>
    </p>
   </div>
   <div class='ocr_carea' id='block_1_26' title="bbox 1074 2043 1961 2167">
    <p class='ocr_par' dir='ltr' id='par_1_28' title="bbox 1074 2043 1961 2167">
     <span class='ocr_line' id='line_1_69' title="bbox 1125 2043 1960 2105; baseline 0.016 -22"><span class='ocrx_word' id='word_1_340' title='bbox 1125 2054 1189 2084; x_wconf 81' lang='lat' dir='ltr'>ex</span> <span class='ocrx_word' id='word_1_341' title='bbox 1231 2043 1471 2087; x_wconf 79' lang='lat' dir='ltr'>vocabulo.</span> <span class='ocrx_word' id='word_1_342' title='bbox 1551 2043 1651 2087; x_wconf 90' lang='lat' dir='ltr'>MS.</span> <span class='ocrx_word' id='word_1_343' title='bbox 1685 2046 1810 2092; x_wconf 82' lang='lat' dir='ltr'>Flor.</span> <span class='ocrx_word' id='word_1_344' title='bbox 1843 2050 1960 2105; x_wconf 84' lang='lat' dir='ltr'>(test.</span> 
     </span>
     <span class='ocr_line' id='line_1_70' title="bbox 1074 2098 1961 2167; baseline 0.017 -27"><span class='ocrx_word' id='word_1_345' title='bbox 1074 2098 1218 2154; x_wconf 77' lang='lat' dir='ltr'>Viet.)</span> <span class='ocrx_word' id='word_1_346' title='bbox 1275 2099 1442 2143; x_wconf 84' lang='lat' dir='ltr'>omittit</span> <span class='ocrx_word' id='word_1_347' title='bbox 1485 2116 1572 2150; x_wconf 82' lang='lat' dir='ltr'>ex,</span> <span class='ocrx_word' id='word_1_348' title='bbox 1625 2101 1742 2146; x_wconf 84' lang='lat' dir='ltr'>haud</span> <span class='ocrx_word' id='word_1_349' title='bbox 1795 2106 1961 2167; x_wconf 79' lang='lat' dir='ltr'>inepte.</span> 
     </span>
    </p>
   </div>
   <div class='ocr_carea' id='block_1_27' title="bbox 1069 2157 1963 2226">
    <p class='ocr_par' dir='ltr' id='par_1_29' title="bbox 1069 2157 1963 2226">
     <span class='ocr_line' id='line_1_71' title="bbox 1069 2157 1963 2226; baseline 0.01 -26"><span class='ocrx_word' id='word_1_350' title='bbox 1069 2157 1276 2200; x_wconf 87' lang='lat' dir='ltr'>Audiunt</span> <span class='ocrx_word' id='word_1_351' title='bbox 1304 2160 1661 2213; x_wconf 71' lang='lat' dir='ltr'>Agrippinenses</span> <span class='ocrx_word' id='word_1_352' title='bbox 1684 2161 1732 2204; x_wconf 88' lang='lat' dir='ltr'>in</span> <span class='ocrx_word' id='word_1_353' title='bbox 1756 2163 1963 2226; x_wconf 72' lang='lat' dir='ltr'>inscript.</span> 
     </span>
    </p>
   </div>
   <div class='ocr_carea' id='block_1_28' title="bbox 1070 2213 1966 2345">
    <p class='ocr_par' dir='ltr' id='par_1_30' title="bbox 1070 2213 1966 2345">
     <span class='ocr_line' id='line_1_72' title="bbox 1070 2213 1546 2273; baseline 0.006 -16"><span class='ocrx_word' id='word_1_354' title='bbox 1070 2215 1187 2273; x_wconf 83' lang='lat' dir='ltr'>apud</span> <span class='ocrx_word' id='word_1_355' title='bbox 1211 2213 1344 2258; x_wconf 90' lang='lat' dir='ltr'>Grut.</span> <span class='ocrx_word' id='word_1_356' title='bbox 1379 2232 1421 2272; x_wconf 88' lang='lat' dir='ltr'>p.</span> <span class='ocrx_word' id='word_1_357' title='bbox 1445 2215 1546 2261; x_wconf 79' lang='lat'><strong>436.</strong></span> 
     </span>
     <span class='ocr_line' id='line_1_73' title="bbox 1129 2286 1966 2345; baseline 0.016 -19"><span class='ocrx_word' id='word_1_358' title='bbox 1129 2300 1245 2326; x_wconf 78' lang='lat' dir='ltr'>avus</span> <span class='ocrx_word' id='word_1_359' title='bbox 1271 2286 1499 2341; x_wconf 79' lang='lat' dir='ltr'>Agrippa.</span> <span class='ocrx_word' id='word_1_360' title='bbox 1560 2286 1735 2345; x_wconf 85' lang='lat' dir='ltr'>Lipsius</span> <span class='ocrx_word' id='word_1_361' title='bbox 1767 2308 1865 2337; x_wconf 84' lang='lat' dir='ltr'>rem</span> <span class='ocrx_word' id='word_1_362' title='bbox 1897 2312 1966 2339; x_wconf 87' lang='lat' dir='ltr'>re·</span> 
     </span>
    </p>
   </div>
   <div class='ocr_carea' id='block_1_29' title="bbox 1036 2342 1966 2403">
    <p class='ocr_par' dir='ltr' id='par_1_31' title="bbox 1036 2342 1966 2403">
     <span class='ocr_line' id='line_1_74' title="bbox 1036 2342 1966 2403; baseline 0.013 -20"><span class='ocrx_word' id='word_1_363' title='bbox 1036 2388 1038 2391; x_wconf 12' lang='lat' dir='ltr'>y</span> <span class='ocrx_word' id='word_1_364' title='bbox 1073 2343 1158 2387; x_wconf 87' lang='lat' dir='ltr'>fert</span> <span class='ocrx_word' id='word_1_365' title='bbox 1199 2342 1254 2385; x_wconf 82' lang='lat' dir='ltr'>ad</span> <span class='ocrx_word' id='word_1_366' title='bbox 1294 2359 1366 2386; x_wconf 85' lang='lat' dir='ltr'>an.</span> <span class='ocrx_word' id='word_1_367' title='bbox 1413 2359 1456 2386; x_wconf 91' lang='lat' dir='ltr'>u.</span> <span class='ocrx_word' id='word_1_368' title='bbox 1492 2344 1591 2388; x_wconf 91' lang='grc'><strong>717.</strong></span> <span class='ocrx_word' id='word_1_369' title='bbox 1660 2345 1750 2391; x_wconf 77' lang='lat' dir='ltr'>Dio</span> <span class='ocrx_word' id='word_1_370' title='bbox 1784 2350 1862 2403; x_wconf 84' lang='lat'>48,</span> <span class='ocrx_word' id='word_1_371' title='bbox 1892 2353 1966 2397; x_wconf 82' lang='lat'>49·</span> 
     </span>
    </p>
   </div>
   <div class='ocr_carea' id='block_1_30' title="bbox 1068 2399 1970 2630">
    <p class='ocr_par' dir='ltr' id='par_1_32' title="bbox 1068 2399 1970 2630">
     <span class='ocr_line' id='line_1_75' title="bbox 1068 2399 1967 2454; baseline 0.013 -12"><span class='ocrx_word' id='word_1_372' title='bbox 1068 2399 1226 2442; x_wconf 87' lang='lat' dir='ltr'>Potest</span> <span class='ocrx_word' id='word_1_373' title='bbox 1273 2416 1378 2444; x_wconf 87' lang='lat' dir='ltr'>vero</span> <span class='ocrx_word' id='word_1_374' title='bbox 1425 2400 1559 2445; x_wconf 82' lang='lat' dir='ltr'>etiam</span> <span class='ocrx_word' id='word_1_375' title='bbox 1598 2403 1757 2447; x_wconf 81' lang='lat' dir='ltr'>referri</span> <span class='ocrx_word' id='word_1_376' title='bbox 1794 2408 1847 2451; x_wconf 87' lang='lat' dir='ltr'>ad</span> <span class='ocrx_word' id='word_1_377' title='bbox 1886 2405 1967 2454; x_wconf 63' lang='lat' dir='ltr'>&#39;an-</span> 
     </span>
     <span class='ocr_line' id='line_1_76' title="bbox 1072 2456 1970 2523; baseline 0.017 -26"><span class='ocrx_word' id='word_1_378' title='bbox 1072 2456 1189 2499; x_wconf 76' lang='lat'>735.·</span> <span class='ocrx_word' id='word_1_379' title='bbox 1221 2458 1310 2499; x_wconf 87' lang='lat' dir='ltr'>Dio</span> <span class='ocrx_word' id='word_1_380' title='bbox 1338 2457 1404 2510; x_wconf 79' lang='lat'>54,</span> <span class='ocrx_word' id='word_1_381' title='bbox 1430 2461 1518 2509; x_wconf 66' lang='lat'>11„</span> <span class='ocrx_word' id='word_1_382' title='bbox 1553 2461 1849 2523; x_wconf 85' lang='lat' dir='ltr'>ubiAgrippa</span> <span class='ocrx_word' id='word_1_383' title='bbox 1864 2462 1970 2512; x_wconf 81' lang='lat' dir='ltr'>Gal-</span> 
     </span>
     <span class='ocr_line' id='line_1_77' title="bbox 1075 2513 1969 2574; baseline 0.018 -19"><span class='ocrx_word' id='word_1_384' title='bbox 1075 2513 1145 2556; x_wconf 85' lang='lat' dir='ltr'>liis</span> <span class='ocrx_word' id='word_1_385' title='bbox 1178 2514 1427 2572; x_wconf 87' lang='lat' dir='ltr'>praefectus</span> <span class='ocrx_word' id='word_1_386' title='bbox 1461 2532 1541 2574; x_wconf 85' lang='lat' dir='ltr'>per</span> <span class='ocrx_word' id='word_1_387' title='bbox 1571 2517 1825 2566; x_wconf 81' lang='lat' dir='ltr'>Germanos</span> <span class='ocrx_word' id='word_1_388' title='bbox 1858 2523 1969 2570; x_wconf 85' lang='lat' dir='ltr'>infe·</span> 
     </span>
     <span class='ocr_line' id='line_1_78' title="bbox 1077 2572 1668 2630; baseline 0.01 -17"><span class='ocrx_word' id='word_1_389' title='bbox 1077 2572 1197 2614; x_wconf 84' lang='lat' dir='ltr'>statis</span> <span class='ocrx_word' id='word_1_390' title='bbox 1218 2588 1288 2614; x_wconf 90' lang='lat' dir='ltr'>res</span> <span class='ocrx_word' id='word_1_391' title='bbox 1312 2572 1372 2614; x_wconf 83' lang='lat' dir='ltr'>ibi</span> <span class='ocrx_word' id='word_1_392' title='bbox 1397 2575 1668 2630; x_wconf 85' lang='lat' dir='ltr'>composuit.</span> 
     </span>
    </p>
   </div>
   <div class='ocr_carea' id='block_1_31' title="bbox 1135 2636 1973 2712">
    <p class='ocr_par' dir='ltr' id='par_1_33' title="bbox 1135 2636 1973 2712">
     <span class='ocr_line' id='line_1_79' title="bbox 1135 2636 1973 2712; baseline 0.02 -30"><span class='ocrx_word' id='word_1_393' title='bbox 1135 2641 1317 2684; x_wconf 84' lang='lat' dir='ltr'>iisdem.</span> <span class='ocrx_word' id='word_1_394' title='bbox 1394 2643 1477 2686; x_wconf 91' lang='lat' dir='ltr'><strong>Ed.</strong></span> <span class='ocrx_word' id='word_1_395' title='bbox 1519 2643 1640 2703; x_wconf 63' lang='lat' dir='ltr'>Spir&#39;.</span> <span class='ocrx_word' id='word_1_396' title='bbox 1673 2648 1848 2702; x_wconf 79' lang='lat' dir='ltr'>isdem,</span> <span class='ocrx_word' id='word_1_397' title='bbox 1889 2636 1973 2712; x_wconf 89' lang='lat' dir='ltr'>per</span> 
     </span>
    </p>
   </div>
   <div class='ocr_carea' id='block_1_32' title="bbox 1080 2707 1972 2801">
    <p class='ocr_par' dir='ltr' id='par_1_34' title="bbox 1080 2707 1972 2801">
     <span class='ocr_line' id='line_1_80' title="bbox 1080 2707 1972 2801; baseline 0.016 -61"><span class='ocrx_word' id='word_1_398' title='bbox 1080 2707 1256 2801; x_wconf 38' lang='lat' dir='ltr'>&amp;mlxi-4</span> <span class='ocrx_word' id='word_1_399' title='bbox 1290 2708 1338 2742; x_wconf 88' lang='lat' dir='ltr'>ut</span> <span class='ocrx_word' id='word_1_400' title='bbox 1361 2717 1508 2759; x_wconf 88' lang='lat' dir='ltr'>saepe.</span> <span class='ocrx_word' id='word_1_401' title='bbox 1536 2730 1595 2738; x_wconf 86' lang='lat'>-—-</span> <span class='ocrx_word' id='word_1_402' title='bbox 1659 2707 1843 2761; x_wconf 78' lang='lat' dir='ltr'>hisdem</span> <span class='ocrx_word' id='word_1_403' title='bbox 1864 2711 1972 2758; x_wconf 87' lang='lat' dir='ltr'>MS.</span> 
     </span>
     <span class='ocr_line' id='line_1_81' title="bbox 1128 2773 1236 2799; baseline 0 -1"><span class='ocrx_word' id='word_1_404' title='bbox 1128 2773 1181 2799; x_wconf 89' lang='lat' dir='ltr'>ue</span> <span class='ocrx_word' id='word_1_405' title='bbox 1225 2788 1236 2798; x_wconf 91' lang='lat'><strong>.</strong></span> 
     </span>
    </p>
   </div>
   <div class='ocr_carea' id='block_1_33' title="bbox 1082 2815 1979 3624">
    <p class='ocr_par' dir='ltr' id='par_1_35' title="bbox 1082 2815 1978 3089">
     <span class='ocr_line' id='line_1_82' title="bbox 1140 2815 1972 2883; baseline 0.023 -28"><span class='ocrx_word' id='word_1_406' title='bbox 1140 2818 1355 2857; x_wconf 70' lang='lat' dir='ltr'>adventu.</span> <span class='ocrx_word' id='word_1_407' title='bbox 1415 2815 1519 2860; x_wconf 90' lang='lat' dir='ltr'>MS.</span> <span class='ocrx_word' id='word_1_408' title='bbox 1544 2817 1672 2863; x_wconf 84' lang='lat' dir='ltr'>Flor.</span> <span class='ocrx_word' id='word_1_409' title='bbox 1696 2830 1817 2877; x_wconf 82' lang='lat' dir='ltr'>(test.</span> <span class='ocrx_word' id='word_1_410' title='bbox 1834 2825 1972 2883; x_wconf 85' lang='lat' dir='ltr'>Vict.)</span> 
     </span>
     <span class='ocr_line' id='line_1_83' title="bbox 1082 2873 1976 2933; baseline 0.021 -21"><span class='ocrx_word' id='word_1_411' title='bbox 1082 2875 1300 2925; x_wconf 75' lang='lat' dir='ltr'>aduecta,</span> <span class='ocrx_word' id='word_1_412' title='bbox 1342 2873 1463 2929; x_wconf 90' lang='lat' dir='ltr'>quod</span> <span class='ocrx_word' id='word_1_413' title='bbox 1499 2875 1672 2920; x_wconf 86' lang='lat' dir='ltr'>bonum</span> <span class='ocrx_word' id='word_1_414' title='bbox 1702 2889 1788 2933; x_wconf 88' lang='lat' dir='ltr'>est,</span> <span class='ocrx_word' id='word_1_415' title='bbox 1827 2885 1862 2928; x_wconf 87' lang='lat' dir='ltr'>si</span> <span class='ocrx_word' id='word_1_416' title='bbox 1899 2902 1976 2930; x_wconf 87' lang='lat' dir='ltr'>co·</span> 
     </span>
     <span class='ocr_line' id='line_1_84' title="bbox 1083 2929 1978 2988; baseline 0.019 -17"><span class='ocrx_word' id='word_1_417' title='bbox 1083 2932 1192 2988; x_wconf 82' lang='lat' dir='ltr'>gitas</span> <span class='ocrx_word' id='word_1_418' title='bbox 1220 2929 1273 2971; x_wconf 87' lang='lat' dir='ltr'>de</span> <span class='ocrx_word' id='word_1_419' title='bbox 1304 2931 1445 2972; x_wconf 79' lang='lat' dir='ltr'>navali</span> <span class='ocrx_word' id='word_1_420' title='bbox 1473 2930 1709 2979; x_wconf 77' lang='lat' dir='ltr'>Cattorum</span> <span class='ocrx_word' id='word_1_421' title='bbox 1734 2955 1782 2980; x_wconf 89' lang='lat' dir='ltr'>ex</span> <span class='ocrx_word' id='word_1_422' title='bbox 1819 2941 1978 2987; x_wconf 82' lang='lat' dir='ltr'>editio-</span> 
     </span>
     <span class='ocr_line' id='line_1_85' title="bbox 1086 2955 1976 3089; baseline 0.025 -65"><span class='ocrx_word' id='word_1_423' title='bbox 1086 3005 1142 3089; x_wconf 57' lang='grc' dir='ltr'>κὰρ</span> <span class='ocrx_word' id='word_1_424' title='bbox 1177 3003 1255 3048; x_wconf 86' lang='lat' dir='ltr'>per</span> <span class='ocrx_word' id='word_1_425' title='bbox 1279 2987 1486 3085; x_wconf 55' lang='lat' dir='ltr'>Bliqenum</span> <span class='ocrx_word' id='word_1_426' title='bbox 1522 2990 1653 3035; x_wconf 86' lang='lat' dir='ltr'>faeta.</span> <span class='ocrx_word' id='word_1_427' title='bbox 1716 2955 1895 3044; x_wconf 36' lang='lat' dir='ltr'>cfffiiriot.</span> <span class='ocrx_word' id='word_1_428' title='bbox 1918 3001 1976 3046; x_wconf 79' lang='lat' dir='ltr'>ad</span> 
     </span>
    </p>

    <p class='ocr_par' dir='ltr' id='par_1_36' title="bbox 1134 3061 1378 3088">
     <span class='ocr_line' id='line_1_86' title="bbox 1134 3061 1378 3088; baseline -0.008 0"><span class='ocrx_word' id='word_1_429' title='bbox 1134 3062 1246 3088; x_wconf 78' lang='lat' dir='ltr'>el&#39;ssl·</span> <span class='ocrx_word' id='word_1_430' title='bbox 1277 3061 1315 3087; x_wconf 75' lang='lat' dir='ltr'><strong>C.</strong></span> <span class='ocrx_word' id='word_1_431' title='bbox 1368 3075 1378 3086; x_wconf 73' lang='grc' dir='ltr'>ι</span> 
     </span>
    </p>

    <p class='ocr_par' dir='ltr' id='par_1_37' title="bbox 1086 3103 1979 3494">
     <span class='ocr_line' id='line_1_87' title="bbox 1145 3103 1975 3159; baseline 0.018 -15"><span class='ocrx_word' id='word_1_432' title='bbox 1145 3103 1406 3144; x_wconf 71' lang='lat' dir='ltr'>Cauarum.</span> <span class='ocrx_word' id='word_1_433' title='bbox 1467 3103 1570 3148; x_wconf 92' lang='lat' dir='ltr'>MS.</span> <span class='ocrx_word' id='word_1_434' title='bbox 1598 3106 1750 3154; x_wconf 83' lang='lat' dir='ltr'>Guelf.</span> <span class='ocrx_word' id='word_1_435' title='bbox 1776 3112 1975 3159; x_wconf 68' lang='lat' dir='ltr'>Cantha-</span> 
     </span>
     <span class='ocr_line' id='line_1_88' title="bbox 1086 3159 1978 3232; baseline 0.02 -30"><span class='ocrx_word' id='word_1_436' title='bbox 1086 3173 1219 3205; x_wconf 76' lang='lat' dir='ltr'>ram:</span> <span class='ocrx_word' id='word_1_437' title='bbox 1248 3159 1367 3201; x_wconf 86' lang='lat' dir='ltr'>idem</span> <span class='ocrx_word' id='word_1_438' title='bbox 1393 3159 1510 3205; x_wconf 77' lang='lat' dir='ltr'>infra</span> <span class='ocrx_word' id='word_1_439' title='bbox 1536 3163 1687 3210; x_wconf 77' lang='lat' dir='ltr'>Catln&#39;.</span> <span class='ocrx_word' id='word_1_440' title='bbox 1749 3169 1832 3214; x_wconf 84' lang='lat' dir='ltr'>Ed.</span> <span class='ocrx_word' id='word_1_441' title='bbox 1855 3173 1978 3232; x_wconf 75' lang='lat' dir='ltr'>Spir-</span> 
     </span>
     <span class='ocr_line' id='line_1_89' title="bbox 1087 3219 1977 3277; baseline 0.02 -18"><span class='ocrx_word' id='word_1_442' title='bbox 1087 3219 1387 3261; x_wconf 64' lang='lat' dir='ltr'>canthos-um.</span> <span class='ocrx_word' id='word_1_443' title='bbox 1456 3219 1570 3264; x_wconf 89' lang='lat' dir='ltr'><strong>Edd.</strong></span> <span class='ocrx_word' id='word_1_444' title='bbox 1607 3222 1709 3267; x_wconf 81' lang='lat' dir='ltr'>Put.</span> <span class='ocrx_word' id='word_1_445' title='bbox 1742 3227 1810 3272; x_wconf 91' lang='lat' dir='ltr'><strong>M.</strong></span> <span class='ocrx_word' id='word_1_446' title='bbox 1845 3230 1977 3277; x_wconf 80' lang='lat' dir='ltr'>et&#39;V.</span> 
     </span>
     <span class='ocr_line' id='line_1_90' title="bbox 1091 3275 1979 3343; baseline 0.025 -30"><span class='ocrx_word' id='word_1_447' title='bbox 1091 3275 1387 3318; x_wconf 77' lang='lat' dir='ltr'>Catthorum.</span> <span class='ocrx_word' id='word_1_448' title='bbox 1450 3275 1567 3322; x_wconf 89' lang='lat' dir='ltr'><strong>Edd.</strong></span> <span class='ocrx_word' id='word_1_449' title='bbox 1591 3279 1796 3330; x_wconf 82' lang='lat' dir='ltr'>Beroald.</span> <span class='ocrx_word' id='word_1_450' title='bbox 1820 3289 1886 3343; x_wconf 92' lang='lat' dir='ltr'>(c.</span> <span class='ocrx_word' id='word_1_451' title='bbox 1909 3290 1979 3336; x_wconf 82' lang='lat' dir='ltr'>sil.</span> 
     </span>
     <span class='ocr_line' id='line_1_91' title="bbox 1093 3331 1978 3396; baseline 0.023 -25"><span class='ocrx_word' id='word_1_452' title='bbox 1093 3331 1234 3388; x_wconf 82' lang='lat' dir='ltr'>Vict.)</span> <span class='ocrx_word' id='word_1_453' title='bbox 1266 3331 1370 3375; x_wconf 81' lang='lat' dir='ltr'>Ale.</span> <span class='ocrx_word' id='word_1_454' title='bbox 1402 3333 1547 3379; x_wconf 89' lang='lat' dir='ltr'>Rhen.</span> <span class='ocrx_word' id='word_1_455' title='bbox 1578 3352 1629 3396; x_wconf 86' lang='lat' dir='ltr'>sq</span> <span class='ocrx_word' id='word_1_456' title='bbox 1663 3371 1675 3382; x_wconf 90' lang='lat'>.</span> <span class='ocrx_word' id='word_1_457' title='bbox 1711 3342 1978 3392; x_wconf 60' lang='lat' dir='ltr'>(factorum.</span> 
     </span>
     <span class='ocr_line' id='line_1_92' title="bbox 1092 3388 1555 3443; baseline 0.006 -11"><span class='ocrx_word' id='word_1_458' title='bbox 1092 3388 1152 3433; x_wconf 89' lang='lat' dir='ltr'>cf.</span> <span class='ocrx_word' id='word_1_459' title='bbox 1191 3397 1285 3432; x_wconf 88' lang='lat' dir='ltr'>not.</span> <span class='ocrx_word' id='word_1_460' title='bbox 1322 3390 1377 3432; x_wconf 86' lang='lat' dir='ltr'>ad</span> <span class='ocrx_word' id='word_1_461' title='bbox 1413 3393 1452 3443; x_wconf 89' lang='lat'>1,</span> <span class='ocrx_word' id='word_1_462' title='bbox 1484 3392 1555 3435; x_wconf 85' lang='lat'><strong>55.</strong></span> 
     </span>
     <span class='ocr_line' id='line_1_93' title="bbox 1093 3445 1552 3494; baseline 0.011 -4"><span class='ocrx_word' id='word_1_463' title='bbox 1093 3446 1196 3491; x_wconf 84' lang='lat' dir='ltr'>libri</span> <span class='ocrx_word' id='word_1_464' title='bbox 1219 3445 1392 3491; x_wconf 79' lang='lat' dir='ltr'>variant</span> <span class='ocrx_word' id='word_1_465' title='bbox 1416 3464 1458 3494; x_wconf 86' lang='lat' dir='ltr'>c.</span> <span class='ocrx_word' id='word_1_466' title='bbox 1479 3450 1552 3494; x_wconf 77' lang='lat'><strong>28.</strong></span> 
     </span>
    </p>

    <p class='ocr_par' dir='ltr' id='par_1_38' title="bbox 1094 3503 1686 3624">
     <span class='ocr_line' id='line_1_94' title="bbox 1149 3503 1686 3565; baseline 0.017 -19"><span class='ocrx_word' id='word_1_467' title='bbox 1149 3505 1260 3547; x_wconf 82' lang='lat' dir='ltr'>dein</span> <span class='ocrx_word' id='word_1_468' title='bbox 1291 3503 1347 3550; x_wconf 87' lang='lat' dir='ltr'><strong>L.</strong></span> <span class='ocrx_word' id='word_1_469' title='bbox 1385 3505 1686 3565; x_wconf 76' lang='lat' dir='ltr'>Pomponius.</span> 
     </span>
     <span class='ocr_line' id='line_1_95' title="bbox 1094 3561 1583 3624; baseline 0.012 -18"><span class='ocrx_word' id='word_1_470' title='bbox 1094 3561 1215 3607; x_wconf 85' lang='lat' dir='ltr'>Flor.</span> <span class='ocrx_word' id='word_1_471' title='bbox 1269 3564 1583 3624; x_wconf 73' lang='lat' dir='ltr'>(test.Vict.).</span> 
     </span>
    </p>
   </div>
   <div class='ocr_carea' id='block_1_34' title="bbox 1674 3398 1979 3449">
    <p class='ocr_par' dir='ltr' id='par_1_39' title="bbox 1674 3398 1979 3449">
     <span class='ocr_line' id='line_1_96' title="bbox 1674 3398 1979 3449; baseline 0.023 -7"><span class='ocrx_word' id='word_1_472' title='bbox 1674 3398 1805 3444; x_wconf 88' lang='lat' dir='ltr'>odem</span> <span class='ocrx_word' id='word_1_473' title='bbox 1838 3404 1979 3449; x_wconf 87' lang='lat' dir='ltr'>modo</span> 
     </span>
    </p>
   </div>
   <div class='ocr_carea' id='block_1_35' title="bbox 1655 3513 1983 3624">
    <p class='ocr_par' dir='ltr' id='par_1_40' title="bbox 1655 3513 1983 3624">
     <span class='ocr_line' id='line_1_97' title="bbox 1768 3513 1983 3563; baseline 0.028 -6"><span class='ocrx_word' id='word_1_474' title='bbox 1768 3513 1862 3561; x_wconf 47' lang='lat' dir='ltr'>sic.</span> <span class='ocrx_word' id='word_1_475' title='bbox 1881 3516 1983 3563; x_wconf 85' lang='lat' dir='ltr'><strong>MS.</strong></span> 
     </span>
     <span class='ocr_line' id='line_1_98' title="bbox 1655 3569 1981 3624; baseline 0.018 -10"><span class='ocrx_word' id='word_1_476' title='bbox 1655 3569 1836 3618; x_wconf 80' lang='lat' dir='ltr'>Deinde</span> <span class='ocrx_word' id='word_1_477' title='bbox 1877 3573 1981 3624; x_wconf 88' lang='lat' dir='ltr'><strong>MS.</strong></span> 
     </span>
    </p>
   </div>
  </div>
 </body>
</html>
