2164 3990
1812 213 1859 246 A.
1878 212 1930 246 U.
1949 211 2032 245 815¹.

1813 253 1863 290 A'.
1879 254 1929 292 s..
1971 256 2031 290 οἰδ,

265 210 414 268 386·
934 209 1439 270 ANNALIUM

259 340 386 396 'vita
414 358 620 396 somno
649 339 954 412 languida:
1001 335 1364 408 Quintianus
1388 343 1638 401 mollitia
1671 345 1933 419 corporis
1967 345 2121 402 infa—

268 425 381 479 mis
408 436 463 481 et
488 446 520 480 a
548 423 783 480 Nerone
819 423 1106 498 probroso
1148 425 1405 483 carmine
1442 428 1781 487 diffamatus
1814 441 2119 488 contume-

265 510 379 566 lias
401 509 595 566 ultum
625 509 765 566 ibat.

437 607 507 667 L.
550 605 708 678 Ergo
737 606 879 660 dum
909 605 1121 660 scelera
1147 603 1431 681 principis
1463 620 1519 665 et
1552 610 1731 666 finem
1769 613 1968 667 adesse
2005 612 2118 666 im·-

268 694 419 769 perii
444 691 968 764 deligendumque,
1008 690 1113 765 qui
1136 691 1302 746 fessis
1329 693 1502 749 rebus
1530 708 1922 766 succurreret,
1965 697 2118 752 inter

260 799 332 835 se.
365 789 464 834 aut
494 777 648 833 inter
686 774 904 830 amicos
939 775 1189 845 iaciunt,
1233 779 1615 850 adgregavere
1643 779 1912 838 Tullium
1935 780 2118 838 Sene-

270 866 530 929 cionem,
596 858 941 917 Cervarit'un
988 858 1340 930 Proculum,
1401 861 1740 921 Vulcatium
1787 863 2118 934 Araricum,

271 948 491 1004 Iulium
538 944 947 1018 Tugurinum‚
1033 944 1374 1003 Munatium
1427 946 1711 1018 Gratum,
1787 947 2117 1007 Antonium

266 1032 563 1100 Natalem,
607 1029 895 1086 Martium
923 1028 1194 1099 Festum,
1251 1032 1472 1107 equites
1495 1031 1829 1102 RomanoS,
1877 1056 1946 1091 ex
1983 1036 2118 1111 qui-

266 1120 377 1174 bus
415 1115 660 1174 Senecio
713 1136 742 1171 e
790 1116 1099 1189 praecipua
1144 1117 1539 1174 familiaritate
1580 1116 1833 1175 Neronis
1863 1121 2151 1195 *speciem*

266 1202 556 1259 amicitiae
594 1201 770 1257 etiam
807 1211 932 1255 tum
970 1201 1230 1275 retinens
1265 1222 1333 1257 eo
1365 1202 1636 1276 pluribus
1669 1205 1947 1279 periculis
1975 1225 2118 1262 con-

265 1287 616 1345 flictabatur.
702 1284 927 1341 Natalis
961 1286 1249 1361 particeps
1283 1289 1356 1343 ad
1393 1308 1567 1343 omne
1601 1302 1888 1347 secretum
1913 1288 2118 1346 Pisoni

267 1384 404 1430 erat.
494 1371 700 1427 ceteris
739 1390 868 1444 spes
912 1391 978 1425 ex
1020 1372 1189 1427 novis
1224 1373 1398 1429 rebus
1439 1374 1755 1447 petebatur.
1843 1371 2118 1432 Adscitae

264 1470 401 1533 sunt
425 1476 600 1532 super
615 1455 903 1514 Subrium
926 1467 981 1510 et
997 1454 1357 1531 Sulpicium,
1403 1459 1473 1513 de
1501 1459 1714 1534 quibus
1739 1461 1970 1529 rettuli,
2001 1461 2115 1515 mi·-

263 1544 461 1600 litares
506 1562 746 1610 mamm,
817 1537 1079 1597 Granius
1116 1541 1395 1599 Silvanus
1444 1553 1499 1599 et
1544 1542 1765 1600 Statius
1805 1544 2117 1603 Proximus

1226 1760 1431 1804 Senem.
1463 1789 1522 1797 --
1580 1760 1876 1804 Senetionem
1901 1760 2000 1806 edd.
2016 1760 2118 1806 Put-

1226 1819 1329 1862 Ber.
1345 1819 1605 1863 Alc.Rhen.
1639 1819 1702 1864 cf.
1726 1826 1824 1862 not.
1852 1819 1906 1862 ad
1931 1819 2079 1870 13,st

1287 1891 1574 1934 Cervarium.
1594 1889 1675 1933 Ed.
1691 1888 1808 1947 Spir.
1825 1884 2118 1942 certior-ium,-

1226 1949 1378 1990 eadem
1398 1964 1496 1990 mox
1511 1964 1614 1990 cum
1630 1945 1887 1991 MS.Guelf.
1900 1946 1997 1989 edd.
2012 1946 2116 1990 Put.

1226 2015 1268 2048 et
1291 2006 1391 2049 Ber.
1414 2005 1516 2048 Ale.
1556 2005 1866 2059 Vulgacium3
1899 2004 1993 2047 sola
2016 2003 2117 2047 dein

319 1762 520 1826 mollifica
545 1761 762 1827 corporis.
823 1760 899 1802 Sic
913 1758 1155 1826 MS3F10r.

259 1822 378 1944 23133·
418 1816 1155 1941 -‚53;,1225‡¹·>.f.÷¹3:11‡2<;f;e.21

255 1932 875 2047 {5352''1i³1‘3“}.e‘1¹1'2{l‘.¹‘i3551.
907 1934 1156 2033 ’ἷῖζὲῗιιιῖἔὲἶ

261 2047 412 2098 Guelf.
458 2046 557 2090 edd.
591 2045 694 2089 Put.
732 2046 833 2089 Ber.
869 2046 969 2088 Alc.
1008 2045 1152 2089 Rhen.

258 2122 355 2164 sqq.
378 2105 432 2148 ad
455 2103 716 2147 Pichenam.

314 2176 634 2219 contumelias.
677 2173 759 2217 Ed.
773 2173 890 2231 Spir.
913 2168 1153 2217 contume-

257 2237 389 2277 liam.

316 2304 430 2347 CAP.
478 2303 546 2345 50.
615 2301 814 2355 imperii.
897 2301 975 2344 Sic
1016 2301 1152 2345 MSS.

256 2359 545 2406 Eud-Guelf.
570 2358 671 2402 edd.
697 2358 797 2399 Put.
823 2359 886 2401 M.
914 2369 955 2400 et
973 2359 1025 2400 V‘.
1048 2359 1152 2403 Ber.

258 2424 383 2474 (cum
407 2420 475 2461 sil.
504 2417 637 2471 vict.)
671 2414 773 2459 Alc.
800 2416 941 2475 Rhen.
966 2432 1062 2473 sqq.
1094 2444 1152 2452 .-

257 2477 454 2532 imperio
483 2473 620 2516 MSS.
645 2472 753 2529 Reg.
780 2477 887 2531 Agr.
915 2473 1049 2516 Corb.
1079 2475 1149 2517 ed.

256 2536 374 2594 Spir.
417 2548 530 2590 quae
571 2530 673 2573 dein
713 2532 880 2589 pergit:
930 2533 1148 2585 delegen-

257 2597 397 2635 dum:
449 2591 636 2645 quisque
662 2588 811 2643 fessis
842 2598 927 2632 ete.
1002 2588 1148 2631 Etiam

259 2650 359 2693 MS.
380 2645 532 2691 Guelf.
555 2646 686 2688 habet
716 2647 901 2702 quisque
935 2662 1019 2704 pro
1053 2661 1152 2702 que,

256 2709 346 2764 qui.
386 2733 434 2741 -·
491 2705 900 2759 deligendumque,
944 2705 1023 2758 qui
1049 2703 1150 2748 edd.

261 2766 361 2807 Put.
384 2762 450 2804 M.
479 2771 523 2804 et
547 2761 601 2803 V.
635 2760 738 2803 Ber.
774 2762 895 2814 (eum
923 2762 991 2803 sil.
1016 2760 1154 2817 Viet.)

257 2822 355 2865 Ale.
368 2819 512 2862 Rhea.
529 2817 650 2861 Pieh.
664 2833 758 2875 sqq.
775 2842 825 2852 -
839 2818 1154 2873 diligendum-

258 2893 345 2936 que
366 2879 447 2934 qui
463 2876 566 2919 edd.
581 2874 702 2933 Lips.
718 2874 878 2919 Oberl.
893 2879 991 2934 s'qq.
1022 2874 1154 2918 Vete-

256 2952 351 2979 rem
390 2933 658 2991 scripturam
692 2932 928 2976 restituere
960 2932 1152 2977 ssekker.

256 3004 299 3037 et
324 2990 634 3047 Kiesslingius.

312 3069 615 3131 succurreret.
686 3060 770 3104 Ed.
804 3061 926 3119 Spir.
962 3075 1151 3103 succur-

257 3128 646 3232 reizftgregavere.
736 3176 810 3220 Sic
861 3175 962 3219 MS.
1023 3177 1057 3218 F
1062 3177 1147 3219 lor.

255 3238 377 3290 (test.
394 3234 556 3289 Vict.);
580 3247 899 3288 aggregavere
924 3234 1026 3276 edd.
1043 3243 1150 3277 vett.

254 3307 357 3335 cum
381 3291 484 3335 MS.
506 3290 662 3335 Guelf.

312 3364 636 3405 Senecionem.
745 3361 820 3404 Sic
872 3362 972 3405 MS.
1024 3361 1146 3405 Flor.

256 3419 369 3472 (test.
405 3417 543 3471 Vict.)
590 3418 690 3461 edd.
726 3417 831 3462 Ald.
867 3421 984 3477 Lips.
1021 3418 1145 3462 Pieh.

255 3491 448 3574 ⁵34,ss
484 3477 829 3557 ‘Senectionem
866 3475 1145 3545 Ms3Gu521f.

256 3549 278 3574 e
315 3565 324 3574 .
346 3535 487 3588 Spu„
537 3550 635 3576 mox
670 3532 775 3575 baec
800 3531 1017 3581 Sene-cm,
1066 3531 1141 3575 :lle

1225 2062 1447 2104 Martium
1470 2078 1551 2119 pro
1568 2062 1817 2104 Martium.
1848 2089 1898 2099 -
1942 2063 2116 2104 Arari-

1227 2136 1327 2162 cum
1352 2120 1452 2162 MS.
1482 2119 1602 2161 Flor.
1629 2121 1675 2174 (t.
1698 2119 1774 2175 V.)
1808 2126 1853 2161 et
1872 2118 1974 2162 edd.
1998 2119 2116 2175 Spir.

1226 2177 1343 2233 Lips.
1377 2192 1474 2235 sqq.
1543 2175 1796 2218 Traricum
1827 2176 1928 2219 MS.
1961 2174 2115 2219 Guels.

1228 2234 1331 2277 edd.
1355 2234 1455 2276 Put.
1483 2233 1585 2277 Ber.
1610 2232 1712 2277 Ale.
1736 2232 1880 2276 Rhen.
1903 2232 2004 2276 Ald.

1287 2304 1600 2357 Tugurinum.
1659 2303 1736 2347 sic
1754 2301 1985 2373 edd-Spir.
2000 2302 2117 2361 Lips.

1223 2360 1350 2404 Pieh.
1387 2376 1482 2419 sqq.
1557 2361 1794 2403 Aut-inum
1827 2360 1930 2404 Ms.
1963 2360 2115 2404 Guelf.

1222 2419 1326 2463 edd.
1351 2419 1453 2461 Put.
1481 2418 1582 2472 Ber.
1607 2418 1707 2461 Alc..
1731 2417 1875 2461 Rhen.
1897 2417 2003 2462 Ald.

1279 2490 1562 2532 Munatium.
1625 2490 1701 2533 Sic
1721 2487 1821 2532 MS.
1843 2486 1970 2531 Flor.
1998 2489 2114 2543 (test-

1222 2547 1364 2602 Viet.)
1400 2547 1501 2589 edd.
1533 2546 1654 2605 Spir.
1686 2545 1828 2589 Rhen.
1860 2562 1879 2588 s
1913 2561 1956 2604 q.
2013 2546 2114 2589 Nu-

1224 2606 1426 2647 malium
1454 2603 1555 2649 MS.
1581 2602 1731 2647 Guelf.
1759 2603 1860 2647 edd.
1927 2610 1988 2647 ut.
2009 2602 2113 2648 Ber.

1226 2663 1327 2706 Ale.

1287 2735 1341 2761 eo
1378 2720 1605 2773 pluribus.
1653 2757 1656 2761 .
1694 2717 1770 2762 Sic
1800 2716 1946 2766 MSS.
1990 2718 2112 2762 Flor.

1228 2779 1344 2832 (test.
1367 2775 1504 2830 Vict.)
1528 2775 1681 2819 Guelf.
1713 2778 1756 2832 (a
1786 2789 1874 2820 sec.
1902 2778 1980 2832 m.)
2013 2776 2115 2820 edd.

1226 2835 1345 2893 Spir.
1361 2833 1477 2891 Lips.
1497 2833 1619 2876 Pieh.
1635 2849 1731 2891 sqq.
1755 2855 1813 2865 -
1836 2838 1892 2876 'eo
1909 2833 2117 2889 propriis

1227 2891 1328 2934 edd.
1356 2890 1458 2932 Put.
1485 2891 1588 2933 Ber.
1613 2891 1715 2935 Alc.
1739 2889 1885 2934 Rhen.
1908 2890 2015 2935 And.

1280 2948 1505 2990 adscitae.
1564 2946 1641 2992 Sic
1673 2947 1806 2992 MSS.
1837 2947 1962 2991 Flor.
1994 2948 2113 3003 (test.

1228 3006 1360 3059 Vict.)
1389 3003 1541 3048 Guelf.
1567 3005 1636 3049 ed.
1657 3006 1774 3064 Spir.
1818 3029 1874 3040 —
1933 3005 2112 3048 ascitae

1223 3063 1320 3106 edd.
1345 3062 1444 3107 Put.
1468 3062 1570 3106 Ber.
1597 3062 1696 3107 Alc.
1719 3062 1864 3106 Rhen.
1893 3062 1995 3106 Ald.

1279 3134 1423 3173 super
1444 3120 1682 3165 Subrium.
1742 3119 1819 3163 Sic
1842 3119 1942 3164 MS.
1959 3119 2111 3163 Guelf.

1221 3177 1322 3220 edd.
1337 3185 1445 3220 vett.
1468 3178 1589 3232 (cum
1611 3175 1912 3234 silent.Vict.).
1941 3177 2113 3236 Lipsius

1222 3235 1268 3277 in
1291 3235 1380 3277 suis
1404 3234 1526 3277 libris
1553 3234 1726 3280 invenit
1741 3248 1832 3288 per
1850 3234 2082 3278 Subrium.

1279 3305 1487 3348 Granius
1501 3307 1734 3350 Silvanus.
1779 3303 1859 3348 Sic.
1880 3303 1980 3349 edd.
1992 3303 2112 3363 Lips.

1221 3360 1344 3406 Pieh.
1365 3378 1415 3421 sq
1448 3392 1461 3405 .
1526 3362 1741 3405 Granius
1753 3360 1987 3417 Sylvanus
2007 3363 2110 3405 edd.

1219 3418 1362 3463 Rhen.
1397 3422 1434 3462 A
1459 3419 1502 3462 d.
1587 3420 1735 3462 Gaius
1765 3417 1996 3461 Silvanus
2040 3420 2110 3463 ed.
2145 3422 2150 3427 ’

1219 3477 1338 3534 Spir.
1403 3477 1449 3518 C.
1473 3477 1688 3532 Syllanus
1711 3474 1811 3518 MS.
1829 3473 1982 3519 Guelf.
2007 3477 2109 3520 edd.

1218 3534 1319 3578 Put.
1348 3534 1447 3578 Ber.
1478 3537 1534 3589 (c.
1559 3534 1706 3577 silent.
1727 3532 1866 3588 vict.)
1894 3534 1992 3578 Ale.
