2164 3990
978 0 983 2 .
1290 0 1293 2 .
1588 0 1590 2 .
1699 17 1701 19 ι
1748 0 1773 9 ..
1898 0 1903 5 ,
1916 0 2075 26 *staw'fftffi
2117 27 2126 40 κ

623 71 667 101 21¹1.
1599 29 1622 61 ξ
1744 90 1747 91 ⁷
1895 75 1899 79 ·
1961 48 1981 86 ἰο
2010 67 2045 100 ἰ’
2080 0 2164 115 η

1914 124 1916 127 ⁴
1944 104 1964 126 ἦ
2105 120 2114 127 κ
2151 111 2164 132 ‘⁴

1474 174 1481 178 ,4
2138 155 2164 192 ,ᾖ

193 298 316 356 120
866 278 1380 354 ANNALIUM

152 447 154 453 ·
188 426 335 484 dum
345 420 761 483 Pharasmanis
785 423 942 481 iussa
968 422 1434 500 exquirerentur.
1520 421 1621 481 Illi
1643 425 1858 502 cupido
1885 427 2054 503 regni

187 511 369 568 fratre
394 522 450 568 et
469 511 591 568 filia
613 510 813 585 potior
834 509 1183 585 animusque
1216 510 1531 567 sceleribus
1557 522 1814 585 paratuS.
1895 512 2057 571 visui

191 608 394 654 tamen
440 596 772 663 consuluit,
826 613 902 648 ne
952 612 1150 649 coram
1194 594 1681 655 interficerentur.
1791 608 1848 655 et
1881 593 2056 657 Rha-

194 681 479 740 damistus
533 681 702 758 quasi
743 678 1133 736 iurisiurandi
1173 699 1402 736 memor
1443 701 1568 737 non
1608 682 1865 752 sermm,
1929 702 2056 738 non

193 787 493 824 venenum
518 767 585 822 in
610 783 876 821 sororem
900 774 953 819 et
978 774 1257 838 patruum
1281 765 1598 840 expromit,
1641 768 1744 823 sed
1765 767 2056 843 proiectos

195 853 263 909 in
293 848 547 910 humum
579 862 636 907 et
672 859 830 905 veste
865 849 1054 905 multa
1091 849 1370 926 gravique
1403 862 1637 926 opertos
1672 865 1860 912 necat.
1946 851 2058 909 filii

196 958 431 1016 quoque
455 931 843 1004 Mithridatis,
884 934 1046 1011 quod
1076 934 1351 991 caedibus
1375 929 1688 1009 parentum
1716 937 2059 995 inlacrima-

195 1035 405 1081 verant
421 1068 438 1093 ,
479 1020 758 1079 trucidati
784 1031 938 1079 sunt.

363 1129 646 1191 XLVIII.
705 1126 788 1188 At
823 1128 1163 1204 Quadratus
1212 1150 1568 1205 cognoscens
1597 1131 1901 1207 proditum
1932 1131 2062 1190 Mi-

197 1217 518 1279 thridatem
561 1227 619 1273 et
668 1236 917 1291 regnum
954 1217 1029 1273 ab
1073 1217 1548 1274 interfectoribus
1587 1217 1845 1274 obtineri
1893 1205 2066 1276 vocat

200 1304 544 1373 consilium',
587 1303 758 1359 docet
783 1313 909 1359 acta
933 1313 990 1359 et
1015 1322 1093 1358 an
1115 1303 1497 1359 ulcisceretur
1519 1302 1841 1380 consultat.x
1912 1322 2066 1379 pau-
2132 1303 2150 1309 “

198 1391 282 1448 cis
318 1391 496 1446 decus
528 1386 837 1464 publicum
876 1408 1071 1447 curae:
1115 1389 1316 1463 plures
1352 1399 1477 1444 tuta
1511 1388 1833 1445 disserunt:
1889 1407 2064 1444 omne

198 1476 387 1534 scelus
413 1486 722 1532 externum
750 1493 886 1530 cum
916 1473 1139 1531 laetitia
1176 1470 1540 1533 habendum.
1626 1473 1853 1530 semina
1886 1473 2065 1531 etiam

200 1562 479 1627 odiorum
526 1559 821 1629 iacienda,
882 1569 951 1615 ut
985 1578 1154 1634 saepe
1190 1558 1493 1634 principes
1521 1556 1786 1617 Romani
1820 1559 2070 1615 eandem
2153 1623 2158 1634 1

200 1643 548 1706 Armeniam
584 1644 774 1720 specie
799 1644 1131 1718 largitionis
1165 1644 1479 1700 turbandis
1510 1644 1905 1701 barbarorum
1937 1643 2069 1700 ani-
2143 1680 2164 1691 x

201 1733 316 1789 mis
357 1730 759 1807 praebuerint.
867 1730 1160 1805 potiretur
1199 1724 1627 1788 Rhadamistus
1669 1729 1823 1785 male
1864 1728 2071 1804 partiS,

204 1820 349 1876 dum
374 1816 630 1884 inviSUS‚
667 1815 934 1884 infamiS‚
968 1815 1207 1893 qnando
1245 1814 1308 1870 id
1343 1814 1531 1887 magis
1565 1833 1633 1869 ex
1667 1834 1780 1870 usu
1811 1813 2073 1891 quam‘si

206 1924 340 1960 cum
361 1901 547 1976 gloria
572 1902 817 1975 adeptus
839 1902 1009 1959 foret.
1099 1898 1171 1955 In
1194 1894 1349 1955 hanc
1374 1899 1724 1955 sententiam
1749 1899 1918 1959 itum.
1994 1888 2072 1954 ne

206 2001 403 2046 tamen
447 1986 722 2042 adnuisse
774 1985 1028 2042 facinori
1074 1985 1420 2040 viderentur
1476 1994 1532 2040 et
1587 1984 1826 2058 diversa
1860 1981 2075 2050 Caesar

206 2072 598 2150 praeciperet,
640 2069 807 2125 missi
831 2071 905 2126 ad
928 2066 1391 2126 Pharasmanem
1427 2068 1659 2139 nuntii,
1693 2080 1764 2127 ut
1797 2067 2075 2130 abscede4

209 2170 301 2219 ret
327 2179 360 2217 a
383 2156 603 2217 finibus
627 2150 928 2213 Armeniis
953 2155 1261 2232 filiumque
1287 2149 1667 2214 abstraheret.

1733 291 1861 332 Am:-
1876 291 1973 330 80⁵5.

1733 337 1788 373 A.
1806 334 1855 372 C.
1902 337 1965 374 ⁵2.

269 2381 386 2422 dum
426 2376 785 2421 Pharasmanis.
863 2375 950 2419 Ed.
984 2374 1105 2434 Spir.

210 2451 320 2482 cum
353 2435 678 2479 Faresmanis.
747 2433 865 2478 Edd.
901 2434 1007 2476 Put.
1041 2433 1110 2477 M.

214 2503 258 2539 et
284 2494 338 2536 V.
369 2493 471 2536 Ber.
507 2491 610 2538 Alc.
645 2507 748 2535 cum
780 2491 928 2536 Phar.
994 2489 1110 2534 Edd.

213 2552 359 2596 Rhea.
383 2569 403 2595 s
438 2566 482 2609 q.
507 2553 621 2592 dum
644 2549 734 2592 Ph.
791 2548 948 2592 Recte.
1005 2548 1108 2591 MS.

214 2606 372 2656 Guelf.
444 2623 552 2650 uom
573 2607 924 2663 pharasmanis.
984 2605 1114 2649 Idem

220 2667 573 2733 exequirentur.
597 2679 682 2724 pro
697 2688 712 2731 .'
736 2665 1115 2720 exquirerentur,

1179 2376 1295 2420 itum
1331 2382 1398 2419 est
1431 2373 1479 2418 in
1517 2372 1635 2418 hanc
1676 2370 1972 2422 sententiam,
2027 2386 2085 2421 ea,

1181 2449 1277 2477 non
1309 2431 1458 2491 potuit
1489 2432 1543 2475 ab
1573 2430 1707 2474 initio
1748 2429 1955 2474 omnium
1984 2445 2079 2474 esse

1182 2489 1415 2534 sententia.
1486 2489 1634 2532 Fuere
1663 2496 1814 2532 tamen
1848 2486 1927 2547 qui
1956 2486 2080 2531 aliud

1183 2548 1290 2606 quid
1314 2547 1359 2590 in
1375 2562 1486 2590 voce
1509 2560 1671 2589 omnes
1686 2543 1822 2588 latere
1844 2544 2080 2612 opinaren-

1183 2615 1259 2651 tur
1288 2614 1332 2648 et
1367 2601 1638 2647 emendandi
1684 2601 1835 2646 studio
1877 2600 2080 2659 indulge·

1184 2671 1303 2706 rent.
1388 2663 1419 2704 1.
1451 2661 1525 2703 Fr.
1566 2658 1861 2705 Gronovius:
1915 2660 2082 2713 plures

158 3111 163 3135 Ι

234 3643 355 3685 hano
392 3637 683 3682 sententiam
722 3639 855 3680 itum.

221 2728 426 2782 usuipro
450 2724 592 2774 vism,
623 2737 700 2778 qut
727 2737 813 2780 pro
834 2722 982 2778 quasi.

273 2781 709 2825 inlacrimaverant.
769 2778 853 2822 Ed.
877 2777 997 2839 Spir.
1031 2777 1116 2820 illa

217 2840 607 2885 criminauerant.

279 2895 479 2941 CAPAS.
521 2909 660 2937 omne
678 2895 841 2938 scelus.
879 2891 945 2936 Ex
967 2905 1116 2934 emen·

221 2955 405 2999 datione
431 2953 589 3011 Lipsii,
632 2949 1003 3010 quamVictorius
1025 2948 1115 2990 iam

219 3013 353 3057 habet
375 3012 423 3055 in
444 3010 628 3068 exempl.
651 3023 733 3051 suo
757 3006 990 3057 Beroald.‚
1018 3019 1117 3048 non

221 3079 272 3113 ut
312 3086 335 3112 e
374 3068 477 3112 MS.
509 3067 658 3115 Flor.‚
705 3065 781 3109 sed
825 3081 875 3107 ex
917 3062 1117 3120 ingenio.

158 3138 166 3161 '·
221 3126 356 3171 MSS.
390 3134 432 3169 et
463 3125 563 3168 edd.
590 3132 698 3169 vett.
722 3121 928 3165 exhibent
952 3131 1118 3161 omnes

224 3187 400 3235 scelus,
430 3182 545 3226 haud
568 3182 705 3224 dubio
728 3179 870 3227 vitio,
899 3175 1021 3236 quod
1046 3191 1118 3218 or-

225 3248 323 3283 tum
365 3249 429 3283 est
461 3255 484 3282 e
521 3239 744 3298 duplicata
786 3236 933 3279 littera
974 3232 1120 3292 prima

227 3297 437 3342 vocabuli
481 3300 643 3340 scelus.
733 3293 916 3337 Etenim
959 3291 1120 3350 quibus

231 3354 366 3397 decus
398 3353 633 3411 publicum
666 3367 828 3404 curae,
880 3349 985 3394 licet
1017 3362 1123 3407 pau-

233 3411 321 3462 cis,
354 3425 451 3452 non
484 3410 631 3467 potuit
664 3409 799 3452 simul
828 3422 923 3451 esse
948 3414 1123 3450 senten·

232 3470 318 3516 tia,
367 3469 513 3510 scelus
552 3476 647 3510 ext.
687 3483 725 3509 ο.
766 3469 795 3509 l.
836 3466 1128 3513 habendum,-

234 3540 323 3570 nec
343 3539 503 3567 omnes
529 3524 679 3566 statim
704 3523 764 3567 ita
803 3521 1029 3567 censuisse
1061 3534 1126 3562 sa·

233 3583 298 3627 tis*
338 3581 508 3625 indicat
554 3578 753 3623 formula
801 3592 1018 3680 sequegs:
1080 3578 1128 3619 in

986 3650 1057 3679 am
1091 3650 1127 3677 si

1188 2727 1290 2761 tuta
1319 2719 1581 2766 disserunt,
1629 2724 1897 2764 monentes,
1939 2717 2084 2759 scelus

1189 2783 1287 2820 ext.
1313 2791 1350 2818 c.
1366 2778 1400 2819 l.
1417 2777 1468 2818 h.
1527 2773 1761 2818 Heinsius:
1789 2775 1954 2829 plures
1978 2779 2085 2816 tuta

1187 2837 1426 2876 disserunt
1478 2833 1526 2873 in
1570 2844 1832 2876 commune.
1924 2829 2086 2875 Scelus

1190 2898 1286 2934 ext.
1311 2899 1396 2934 etc.
1446 2888 1680 2933 Ernestius
1702 2902 1974 2955 proomnes
1991 2887 2086 2931 vult

1188 2949 1355 3048 quffpe
1373 2945 1440 2990 vel
1461 2949 1605 2990 immo
1618 2964 1635 2999 ,-
1661 2944 1863 2990 Hillerus
1883 2946 2086 2989 omnino.

1188 3008 1245 3050 Se
1313 3021 1407 3048 non
1442 3003 1603 3053 video,
1658 3001 1771 3061 quid
1805 3002 1891 3046 sihi
1930 3000 2087 3051 velint,

1188 3079 1330 3122 quum
1347 3061 1483 3121 Lipsii
1505 3060 1757 3105 emendatio
1781 3059 1952 3105 veritati
1969 3057 2087 3103 mul-

1188 3130 1236 3165 to
1259 3120 1448 3178 propior
1476 3128 1520 3163 et
1547 3133 1681 3163 sensu
1702 3118 1848 3176 aptior
1871 3117 1941 3162 sit.
2005 3113 2087 3159 Ce-

1190 3186 1340 3221 terum
1385 3192 1469 3236 pro
1504 3179 1654 3220 scelus
1693 3182 1950 3219 externum
1982 3171 2089 3217 MS.

1189 3234 1303 3292 Reg.
1357 3234 1432 3277 dat
1462 3233 1639 3292 foedus
1679 3239 1960 3283 aeternum3
2011 3229 2087 3273 ed.

1192 3293 1312 3352 Spir.
1347 3294 1497 3335 scelus
1529 3298 1800 3342 aeternum,·
1838 3287 1939 3332 MS.
1965 3286 2087 3331 Bud.

1195 3366 1219 3392 a
1241 3365 1332 3393 rec.
1357 3365 1418 3392 m.
1445 3356 1674 3393 eternum.

1251 3419 1490 3463 iacienda.
1548 3416 1635 3462 Ed.
1661 3416 1782 3476 Spir.
1808 3415 2030 3461 iacentia.

1197 3490 1415 3593 aasz-eff}-
1473 3488 1560 3534 Ed.
1584 3486 1703 3546 Spir.
1733 3486 1836 3543 ερὲ.
1894 3483 1955 3532 cf.
1988 3492 2087 3530 not.

1249 3632 1553 3687 praeet'peret.
1595 3627 1795 3674 Piehena
1813 3643 1838 3672 e
1849 3626 1951 3673 MS.
1965 3626 2088 3672 Flor.
