2164 3990
1798 207 1847 241 Α.
1876 206 1926 241 U.
1941 207 2026 240 sm.

1803 248 1853 284 A.
1877 247 1924 284 C.
1968 249 2028 284 CO.

255 209 377 268 390
922 206 1423 275 ANNALIUM

256 337 634 414 balineasque
660 349 716 395 et
749 339 948 413 epulas
980 338 1171 394 inibat
1195 338 1425 395 omissis
1462 339 1721 396 excubiis
1757 352 1812 397 et
1843 343 2114 400 fortunae

260 442 396 478 suae
428 423 610 482 mole..
701 425 799 479 sed
839 423 1049 479 abnuit
1081 421 1220 478 Piso
1262 423 1550 480 invidiam
1592 428 2006 499 praetenden5‚
2056 429 2115 483 ¹si

259 527 420 564 sacra
445 528 680 564 mensae
702 507 904 583 diique
935 504 1253 583 hospitales
1281 509 1453 565 caede
1487 509 1911 587 qualiscunque
1948 513 2116 588 prin-

258 591 405 668 cipis
439 603 904 652 cruentarentur.
989 593 1204 649 melius
1232 594 1388 667 apud
1417 593 1656 663 urbem,
1697 595 1763 650 in
1789 596 1893 653 illa
1924 596 2114 653 invisa

259 688 318 734 et
341 678 546 753 spoliis
574 677 793 734 civium
825 690 1110 735 exstructa
1144 678 1320 733 domo
1356 678 1448 732 vel
1484 677 1548 733 in
1579 680 1818 754 publico
1852 693 2117 756 patratu-

262 782 388 832 r08‚
432 764 592 839 quod
633 782 738 837 pro
776 783 839 818 re
875 763 1110 838 publica
1145 762 1547 836 suscepissent.
1655 762 1815 822 Haec
1855 767 1919 822 in
1955 788 2116 822 com-

262 868 473 916 mune,
516 859 772 904 ceterum
799 847 1011 905 timore
1041 848 1269 905 occulto
1297 868 1371 903 ne
1398 846 1467 906 L.
1493 846 1729 905 Silanus
1763 851 1972 908 eximia
2006 872 2116 908 no-

261 933 488 990 bilitate
537 932 967 1010 disciplinaque
1017 931 1080 993 C.
1126 931 1341 1002 Cassii,
1414 934 1570 1007 apud
1618 954 1791 1010 quem
1840 939 2117 994 educatus

262 1029 416 1085 erat,
460 1019 532 1074 ad
571 1038 808 1074 ornnem
845 1019 1262 1076 claritudinem
1298 1017 1562 1074 sublatus
1600 1017 1914 1093 imperium
1951 1021 2119 1078 inva-

261 1104 452 1170 deret,
505 1115 779 1178 prompte
825 1104 1050 1162 daturis
1088 1124 1329 1179 operam
1368 1101 1472 1178 qui
1505 1124 1536 1159 a
1579 1104 1983 1162 coniuratione
2022 1107 2117 1161 in-

264 1187 412 1261 tegri
440 1201 632 1246 essent
666 1189 887 1266 quique
921 1190 1343 1246 miserarentur
1367 1186 1665 1244 Neronem
1699 1200 1981 1266 tanquam
2013 1212 2118 1266 per

262 1273 449 1335 scelus
494 1274 887 1339 interfectum.
999 1274 1274 1351 Plerique
1313 1273 1547 1330 Vestini
1583 1295 1817 1351 quoque
1862 1277 2119 1333 consulis

260 1378 392 1413 acre
433 1358 736 1432 ingenium
772 1360 1043 1417 vitavisse
1069 1359 1343 1416 Pisonem
1384 1359 1788 1429 crediderunt,
1831 1381 1905 1416 ne
1937 1363 2013 1417 ad
2045 1362 2122 1416 li-

262 1444 548 1510 bertatem
578 1445 834 1512 oriretur
859 1447 949 1502 vel
979 1447 1201 1503 delecto
1241 1445 1593 1520 imperatore
1629 1444 1746 1501 alio
1783 1446 1873 1502 sui
1910 1467 2120 1502 mune—

263 1688 391 1734 iecit:
424 1704 527 1746 qun,
559 1693 659 1735 eius·
676 1694 964 1735 amoenitate
985 1703 1161 1747 captus,

264 1748 422 1791 crebro
444 1751 719 1793 ventitabat.
762 1750 931 1808 Lipsius
954 1752 998 1794 iu
1024 1768 1160 1811 marg.

265 1803 332 1848 cd.
370 1806 518 1848 1574.:
569 1809 733 1856 crebro
785 1823 838 1849 eo
891 1812 1161 1862 ventitabat,

265 1862 386 1918 quod
426 1863 595 1922 recepit
626 1865 938 1924 Kiesslingius.
1019 1867 1159 1916 Hein-

266 1920 378 1962 sius:
431 1925 588 1964 creber
623 1938 677 1968 eo
714 1926 996 1979 ventitabat,
1040 1927 1162 1984 quod

264 1991 476 2034 recepere
511 1979 692 2037 Bipont.
739 1991 780 2024 et
821 1982 1030 2027 Oberlin.
1066 2000 1165 2044 sqq.

268 2032 494 2077 Bekkerus
520 2046 710 2094 veterem
739 2040 1005 2097 scripturam
1031 2043 1161 2086 resti-

268 2090 364 2142 tuit,
390 2107 521 2148 quam
551 2102 592 2136 et
606 2094 778 2152 Lipsius
798 2097 993 2141 retinuit.
1047 2098 1163 2140 Sane

267 2147 382 2200 illud
416 2165 474 2207 eq
501 2151 603 2204 satis
639 2168 661 2197 e
700 2162 912 2202 contextu
951 2155 1161 2212 intelligi-

271 2214 363 2256 stur·

323 2305 646 2362 balineasque.
729 2309 865 2353 MSS.
914 2311 1031 2354 Bud.
1080 2311 1162 2355 les.

268 2359 411 2406 Con-b.
435 2363 505 2406 ed.
533 2366 651 2424 Spir.
685 2368 956 2424 balneoque.
1016 2368 1165 2427 Vulgo

267 2421 568 2477 balneasque.
617 2423 705 2466 Sed
732 2427 1007 2470 constantiae
1033 2443 1165 2470 causa

269 2477 388 2526 edidi
415 2481 728 2538 balmensque.
779 2483 834 2526 cf.
859 2491 952 2527 not.
977 2485 1029 2527 ad
1053 2485 1164 2538 llist.

270 2535 401 2594 2,,16,
432 2536 474 2586 s,
502 2540 568 2583 11.
592 2539 660 2584 82.
686 2539 756 2584 83.

329 2634 443 2677 haec
477 2637 526 2678 in
559 2651 819 2680 commune.
877 2637 1014 2686 MSS.
1038 2637 1162 2685 Harl.

274 2691 363 2749 les-3
399 2691 555 2737 Guelf.
598 2696 683 2737 hoc
726 2710 808 2752 pro
858 2698 984 2742 haec.
1063 2698 1164 2749 MS.

275 2747 413 2797 Cot-b.
437 2751 487 2793 ιή
515 2753 766 2804 communi.

333 2846 389 2891 L.
409 2846 616 2908 Silanus.
677 2840 755 2893 Sic
780 2849 882 2895 edd.
901 2851 1017 2908 Lips.
1043 2850 1170 2895 Pich.

221 2945 223 2948 .
277 2921 374 3007 ⁸33.
414 2929 473 2938 —-
527 2905 582 2958 L.
618 2908 841 3002 Sllssff'fm
880 2909 979 2992 Bis.
1018 2907 1172 2963 Guelf.

277 2980 309 3064 e2
340 2996 376 3064 4.
402 2971 511 3014 vett.
537 2965 596 3019 (c.
621 2965 686 3016 sil.v
744 2969 836 3021 ιω.)
898 2966 959 3010 cf.
988 2975 1085 3014 not.
1116 2968 1169 3009 ad

332 3109 529 3153 daturis.
594 3107 695 3161 MS.
721 3106 872 3150 Guelf.
898 3109 1112 3156 daturus.

335 3205 531 3248 operam
565 3193 644 3247 qui
677 3209 706 3232 a
740 3192 1056 3234 coniuratione
1086 3199 1172 3234 etc.

282 3251 361 3296 Ed.
389 3250 508 3306 Spir⁹
547 3247 712 3299 omittit
743 3265 770 3289 ο
806 3263 938 3299 eram
975 3256 1017 3298 et
1045 3264 1170 3306 prae·

280 3305 554 3373 positionem
597 3322 642 3358 a.
733 3306 762 3347 h
788 3305 836 3355 S.
877 3305 992 3358 Bud.
1041 3308 1172 3358 etiam

284 3364 450 3410 omittit
491 3379 522 3411 a
564 3363 726 3421 datque
766 3361 1065 3409 com‘urotioii
1101 3364 1175 3405 in-

285 3422 425 3475 tegri,
469 3421 590 3479 quod
620 3420 869 3465 seeundum
904 3418 1174 3462 Oberlinum

284 3477 521 3536 legendum
553 3478 871 3531 sonunt-atione
906 3478 975 3524 ve!
1009 3479 1176 3530 conia-.-

284 3535 495 3586 sationi-5!

1293 1693 1524 1733 vitavisse.
1584 1682 1672 1733 Ed.
1693 1688 1818 1748 Spir.
1842 1691 2081 1733 iuravisse.

1290 1777 1349 1804 ne
1375 1765 1443 1812 ad·
1464 1761 1723 1806 libertatem
1754 1761 1975 1803 oriretur.
2046 1762 2123 1805 sic

1235 1821 1386 1870 locum
1425 1819 1520 1876 lego
1553 1836 1575 1860 e
1612 1819 1873 1862 coniectura
1906 1818 2122 1870 Pichenae

1235 1886 1279 1921 et
1300 1875 1495 1935 vestigiis
1519 1876 1620 1919 MS.
1643 1875 1789 1924 Flor„
1822 1874 1870 1918 in
1891 1891 1981 1933 quo
2008 1877 2122 1931 (test.

1237 1933 1353 1985 Vict.
1388 1950 1425 1976 c.
1449 1932 1654 1990 Pichen.)
1685 1940 1774 1976 est:
1813 1947 1873 1974 ne
1901 1937 1967 1975 ad
1985 1935 2123 1976 liber-

1235 2000 1332 2034 tate
1357 1998 1625 2033 moreretur
1660 1990 1703 2034 h.
1727 2006 1766 2034 e.
1799 2005 1857 2033 ne
1888 1994 1953 2032 od
1985 1993 2125 2034 liber-

1236 2057 1384 2090 tatem
1418 2054 1659 2098 meretum
1705 2063 1808 2090 nam
1838 2049 1897 2092 ita
1919 2064 2003 2106 pro
2030 2051 2124 2090 ori-

1235 2114 1370 2148 retur
1423 2105 1551 2146 illum
1611 2105 1812 2148 codicem
1867 2113 2127 2149 constanter

1234 2162 1431 2206 scribere
1474 2178 1523 2204 su
1559 2177 1605 2203 ra
1638 2161 1850 2212 vidimus,
1931 2161 1993 2204 cf.
2029 2173 2126 2206 not.

1235 2219 1288 2264 ad
1314 2236 1353 2262 c.
1384 2218 1449 2262 51,
1524 2178 1740 2268 araretur
1768 2217 1923 2271 Tacito
1962 2218 2126 2263 dicitur

1238 2293 1319 2336 pro
1349 2276 1618 2327 exsisteret,
1651 2283 1867 2374 sarzerct
1890 2274 1967 2330 (cf.
1991 2292 2033 2319 c.
2059 2278 2127 2327 51,

1240 2334 1307 2382 12,
1335 2333 1424 2389 35.)
1458 2340 1500 2374 et
1533 2331 1721 2384 fortasse
1782 2332 1824 2377 ic
1845 2332 2059 2389 exquisite
2081 2334 2128 2376 id

1238 2393 1426 2437 verbum
1457 2388 1605 2447 posuit
1629 2390 1682 2432 de
1707 2390 1917 2438 consule,
1951 2406 2130 2434 memor

1236 2448 1483 2497 formulam
1549 2446 1714 2489 Oriens
1763 2450 1928 2490 consul
1971 2449 2127 2502 magi-

1235 2512 1393 2557 strum
1409 2505 1577 2559 populi
1589 2503 1730 2556 dicat.
1761 2502 1974 2548 cf.Velius
1987 2505 2082 2548 Lon
2118 2538 2127 2548 .

1238 2565 1315 2608 lib.
1354 2566 1389 2606 l.
1433 2561 1487 2605 de
1520 2561 1666 2610 Ortho
1700 2577 1737 2614 r.
1776 2562 1844 2619 (p.
1882 2561 2010 2613 2234.
2056 2578 2079 2605 e
2115 2594 2130 2616 9

1238 2618 1476 2674 Putschii).
1529 2621 1608 2669 Aa
1627 2620 1667 2671 Ii
1694 2626 1898 2673 ertatem
1922 2635 1983 2663 sc.
2006 2621 2130 2673 resti÷

1238 2678 1475 2728 tuendam,
1502 2677 1716 2728 tuendam
1739 2674 1810 2719 vel
1837 2676 1982 2729 simile
2006 2677 2131 2744 quid.

1241 2735 1328 2783 Sed
1355 2749 1496 2793 quum
1522 2732 1633 2782 illud
1664 2747 1712 2774 m
1741 2733 1786 2776 in
1819 2732 1907 2786 fine
1935 2742 2130 2792 positum

1241 2793 1296 2845 ad
1323 2806 1510 2859 sequens
1542 2791 1732 2841 verbum
1765 2791 2019 2843 transisset,
2063 2808 2130 2834 ex-

1244 2859 1341 2894 orta
1375 2855 1439 2890 est
1464 2847 1647 2891 varietas
1681 2847 1952 2905 scripturam
1992 2847 2130 2899 MSS,

1244 2908 1347 2950 Vat.
1369 2905 1477 2963 Reg.
1498 2907 1606 2962 Agr.
1638 2903 1706 2948 ed.
1731 2905 1847 2964 Spir.
1883 2920 1945 2947 ηε
1978 2909 2044 2948 ad
2076 2908 2135 2950 li-

1243 2967 1467 3010 bet-tatem
1501 2969 1791 3005 moraretur.
1853 2962 1992 3008 MSS.
2016 2962 2132 3008 Bud.

1243 3020 1394 3066 Guelf.
1421 3018 1544 3071 Harl.
1569 3018 1698 3067 Bodl.
1723 3019 1800 3062 les.
1825 3019 1924 3063 edd.
1949 3018 2053 3064 Put.
2069 3021 2135 3072 M.

1242 3087 1285 3123 et
1321 3078 1374 3121 V.
1403 3078 1508 3127 Ber.
1550 3077 1647 3120 Alc.
1686 3076 1828 3125 Rhea.
1863 3092 1884 3119 s
1918 3092 1963 3134 q.
2001 3091 2063 3125 ne
2103 3095 2135 3120 a

1243 3136 1465 3184 libertate
1498 3141 1785 3185 renovaretur.
1844 3135 1906 3177 Fa
1925 3149 1975 3176 so
2007 3133 2136 3193 pleri·

1245 3209 1334 3251 que
1378 3192 1510 3242 hodie
1555 3191 1738 3234 tradunt
1787 3191 1940 3243 eaden·
1992 3191 2135 3243 inesse

1245 3250 1381 3295 Msto
1418 3249 1542 3297 Flor.
1584 3248 1756 3307 decepti
1793 3247 1952 3307 Ryckji
1994 3248 2136 3292 adno-

1247 3307 1438 3359 tatione,
1492 3306 1567 3364 qui
1603 3305 1756 3358 scribit
1795 3306 1970 3362 vulgata
2005 3307 2135 3353 etiam

1248 3365 1349 3413 MS.
1367 3363 1489 3412 Flos.
1514 3363 1774 3413 auctoritate
1797 3363 1896 3404 niti.
1958 3361 2138 3413 Etenim

1251 3423 1335 3471 lac.
1378 3419 1638 3465 Gronovius
1678 3419 1781 3469 inde
1823 3419 1970 3469 attulit
2006 3429 2139 3479 atque

1249 3479 1409 3523 edidit:
1464 3493 1523 3521 ne
1551 3480 1617 3522 ad
1637 3477 1902 3519 libertatem
1926 3492 2135 3520 mouere-

1251 3545 1348 3587 (ur,
1413 3552 1548 3593 quam
1602 3535 1868 3598 scripturam
1915 3534 2139 3586 retinuere
