2164 3990
212 210 334 292 354
473 274 477 275 f
886 163 1392 266 ANNALIUM
1753 205 1869 241 A-u-
1895 170 1976 242 sin.

1753 251 1804 283 A.
1822 247 1869 283 c,
1914 243 1980 299 sag·

212 352 279 398 ut
300 334 552 408 ferebat,
597 335 1034 412 Tigranocertis
1069 337 1478 414 vastandisque
1505 337 1895 414 regionibuss
1919 326 2063 420 quas

211 423 474 502 Corbulo
510 424 764 497 integras
804 419 1109 480 omisisset.
1193 416 1272 478 Et
1307 433 1472 497 capta
1500 425 1786 498 quaedam
1811 427 2063 498 castella,

212 510 548 587 'gloriaeque
580 520 635 565 et
668 507 916 582 'praedae
951 524 1075 560 non
1099 499 1256 560 nihil
1289 500 1553 582 partum,
1597 509 1647 564 si
1685 521 1786 566 aut
1815 512 2066 584 gloriam

216 591 349 653 cum
390 597 567 652 modo
607 602 707 648 aut
755 591 1029 665 praedam
1070 610 1204 646 cum
1242 609 1380 646 cura
1414 583 1732 654 habuisset.
1829 597 2066 671 longin-

214 681 346 759 quis
391 678 702 736 itineribus
747 674 1141 751 percursando
1207 694 1356 751 quae
1406 677 1662 736 obtineri
1726 681 2070 758 nequibant,

217 776 492 842 corrupto
551 762 664 839 ‚qui
709 772 910 835 captus
958 771 1081 816 erat
1146 771 1474 817 commeatu
1507 775 1588 820 ³et
1640 765 1896 825 instante
1948 767 2068 824 iam

215 847 409 908 hieme
443 844 675 906 reduxit
704 846 1018 902 exercitum
1056 845 1498 921 composuitque
1533 849 1607 904 ad
1628 847 1935 908 Caesarem
1970 853 2070 909 lit-

217 933 369 995 teras
426 933 592 1010 quasi
641 931 904 988 confecto
963 930 1148 1000 bello,
1213 930 1410 986 verbis
1454 933 1805 1005 magnificiS‚
1871 957 2069 994 rerum

216 1040 444 1080 vacuas.

389 1103 493 1165 IX.
547 1101 795 1160 Interim
819 1098 1081 1158 Corbulo
1121 1120 1426 1176 nunquam
1451 1103 1770 1175 neglectam
1794 1101 2073 1181 Euphra-

223 1188 295 1249 tis
340 1192 529 1267 ripam
577 1186 976 1244 crebrioribus
1026 1185 1335 1260 praesidiis
1382 1186 1619 1244 insedit:
1690 1202 1746 1246 et
1784 1210 1860 1246 ne
1904 1192 2075 1266 ponti

224 1276 545 1334 iniiciendo
569 1272 1058 1349 impedimentum
1085 1267 1329 1329 hostiles
1353 1283 1578 1328 turmae
1605 1274 1899 1333 adferrent
1931 1273 2075 1352 (iam

223 1363 381 1420 enim
413 1359 689 1418 subiectis
727 1357 946 1432 campis
979 1375 1188 1429 magna
1229 1357 1416 1431 specie
1460 1358 1844 1438 volitabant),
1898 1382 2078 1418 naves

225 1445 634 1522 magnitudine
687 1453 1046 1519 praestantes
1088 1453 1147 1498 et
1200 1461 1490 1498 connexas
1531 1444 1799 1502 trabibus
1838 1466 1903 1502 ac
1950 1458 2080 1504 tur-

226 1535 394 1591 ribus
458 1542 656 1588 auctas
720 1528 839 1602 agit
900 1548 1006 1603 per
1060 1546 1294 1583 amnem
1349 1529 1775 1605 catapultisque
1839 1542 1897 1588 et
1949 1532 2079 1589 bal-

222 1620 374 1688 listis
398 1616 708 1694 proturbat
729 1614 1043 1682 barbar08‚
1085 1612 1149 1667 in
1176 1631 1323 1688 quos
1357 1631 1490 1668 saxa
1527 1624 1585 1669 et
1615 1609 1814 1671 hastae
1846 1616 2082 1690 longius

226 1704 609 1783 permeabant
657 1719 834 1776 quam
875 1710 941 1755 ut
988 1697 1283 1754 contrario
1338 1697 1678 1771 sagittarum
1714 1699 1872 1758 iactu
1908 1703 2083 1759 adae-

231 1794 574 1869 quarentur.
649 1783 805 1842 Dein
831 1783 981 1858 pons
1007 1784 1384 1839 continuatus
1408 1782 1700 1860 collesque
1722 1779 1956 1847 adversi
1978 1807 2085 1863 per
2153 1821 2157 1823 >

234 1877 418 1934 socias
444 1869 742 1939 cohorteS‚
784 1881 919 1944 post
941 1870 1243 1942 legionum
1271 1869 1473 1925 castris
1491 1881 1882 1945 occupantur,
1922 1883 2086 1930 tanta

235 1960 524 2019 celeritate
562 1969 618 2014 et
649 1955 1038 2013 ostentatione
1065 1953 1280 2010 virium
1316 1965 1381 2010 ut
1402 1950 1610 2010 Parthi
1634 1954 1850 2011 omisso
1876 1969 2086 2032 paratu

139 2118 146 2126 .
233 2045 601 2103 invadendae
654 2040 858 2118 Syriae
917 2059 1080 2114 spem
1136 2058 1372 2094 omnem
1431 2028 1501 2093 in·
1546 2036 1893 2096 Armeniam
1955 2062 2087 2100 ver-

234 2141 443 2191 terent.

404 2213 480 2273 X.
547 2210 669 2270 Ubi
703 2208 916 2266 Paetus
955 2190 1394 2264 imminentium
1431 2209 1660 2265 nescius
1697 2210 1965 2288 quintam
2003 2212 2090 2269 le·-

238 2303 473 2377 gionem
507 2295 715 2374 procul
756 2296 819 2351 in
857 2292 1049 2351 Ponto
1090 2288 1374 2350 habebat:
1437 2293 1693 2370 reliquas
1738 2296 2092 2372 promiscuis

302 2514 662 2572 Tigranocertis.
734 2510 811 2557 Sic
842 2509 948 2565 (sive
972 2509 1130 2565 Tygr.)
1262 2514 1306 2550 et
1338 2521 1398 2550 ne
1427 2508 1574 2563 ponti.
1632 2507 1769 2553 MSS,
1795 2507 1913 2554 Bud,
1939 2509 2090 2555 Gueff,

242 2577 343 2620 MS.
367 2571 518 2617 Guelf.
548 2571 650 2615 edd.
682 2577 790 2614 vett.
831 2582 989 2610 omnes
1026 2581 1131 2609 cum
1205 2573 1256 2608 ιιι
1278 2580 1335 2607 ne
1349 2567 1499 2620 ponti.

242 2634 389 2677 silent.
412 2631 531 2674 Vict.
594 2627 654 2672 ef.
681 2634 777 2669 not.
807 2626 860 2668 ad
889 2640 928 2668 c.
951 2624 980 2669 4
998 2632 1040 2668 et
1064 2625 1103 2666 5.
1258 2649 1523 2704 proturba&
1593 2647 1697 2693 MS·
1721 2645 1874 2693 Guelf-
1899 2658 2090 2703 pereur-

301 2730 394 2761 non
412 2714 541 2758 nihil.
604 2708 704 2754 MS.
729 2707 882 2752 Guelf.
910 2711 1035 2752 unde
1057 2708 1135 2749 m'-
1206 2709 1303 2749 bat.

243 2778 327 2820 hil.
1264 2791 1313 2832 in
1354 2803 1465 2844 quos
1503 2802 1645 2832 saxa.
1722 2788 1805 2833 Ed.
1835 2787 1956 2848 Spir.
1989 2807 2095 2835 cum

305 2865 350 2901 et
390 2858 612 2899 instante.
709 2851 785 2895 Sic
829 2850 965 2895 MSS.
1011 2848 1136 2894 Flor.
1208 2845 1307 2891 MS.
1333 2845 1485 2890 Guelf.
1510 2847 1559 2888 in
1585 2861 1674 2902 quo
1704 2861 1856 2898 saxa,
1894 2845 2040 2892 littera
2069 2862 2096 2890 s

246 2919 365 2973 (test.
391 2911 525 2968 Vict.)
553 2910 705 2954 Guelf.
730 2909 831 2952 edd.
854 2909 971 2966 Spir.
999 2916 1041 2950 et
1063 2924 1136 2950 re·-
1208 2914 1258 2948 ut
1284 2920 1411 2962 saepe
1444 2904 1654 2961 absorpta
1678 2919 1706 2947 a
1727 2904 1929 2962 sequenti
1958 2920 2094 2950 voca-

247 2981 388 3018 centt.
408 2970 512 3014 inde
534 2985 557 3011 a
581 2968 882 3068 Lipsffrima‘
904 2993 962 3003 --
1000 2973 1050 3007 ut
1073 2968 1138 3006 in·
1211 2962 1336 3006 bulo.

750 3054 760 3066 ·
786 3034 827 3067 et
847 3023 905 3066 V·
933 3022 1140 3066 B¹''¹'⁰³¹d·
1260 3046 1588 3100 permeabant.
1680 3045 1758 3088 Sic
1793 3042 1894 3087 MS.
1943 3042 2097 3089 Guelf.

1211 3102 1312 3145 edd.
1343 3101 1447 3144 Put.
1485 3103 1552 3145 M.
1583 3110 1628 3146 et
1658 3103 1713 3146 V.
1752 3101 1960 3145 Beroatd.
1995 3104 2097 3146 Alc.

308 3169 463 3214 verbis
483 3165 751 3223 magng‘fim's.
793 3161 1141 3208 SieMS.Guelf.
1211 3158 1352 3203 Rhea.
1388 3176 1485 3218 sqq.
1514 3187 1573 3196 —-
1623 3161 1965 3215 permanebant
1995 3160 2098 3204 MS.

253 3228 354 3272 edd.
389 3233 497 3273 vett.
533 3226 592 3280 (e.
617 3224 687 3268 sil.
705 3223 845 3278 vict.)
879 3230 921 3264 et
950 3227 1140 3263 reeentt.
1213 3216 1336 3261 Flor.
1360 3218 1474 3270 (test.
1500 3218 1638 3274 Χῖοι.)
1662 3225 1704 3261 et
1725 3215 1795 3260 ed.
1817 3214 1939 3274 Spir.

255 3286 359 3327 inde
400 3300 423 3350 ἢ
463 3283 687 3349 sserpegg.
732 3308 792 3316 -·
869 3279 1173 3335 ’””6”’]ἳῦ“·
1274 3299 1384 3344 cn».
1411 3301 1477 3342 10.
1539 3301 1632 3342 Uen·
1655 3299 1838 3343 Paetus.
1896 3299 1973 3344 Sic
1996 3299 2100 3344 MS.

255 3342 355 3385 edd*
377 3340 492 3397 laps·
515 3339 639 3383 th'
664 3336 796 3381 Grut'
1215 3357 1340 3402 Flor.
1374 3359 1489 3413 (test.
1522 3357 1661 3413 vict.)
1705 3356 1772 3400 ed.
1806 3356 1925 3414 Spir.
1977 3357 2103 3413 (haec

163 3457 167 3461 .
314 3421 424 3465 CAP.
446 3423 487 3464 9.
549 3435 791 3476 nunquam
816 3420 1073 3471 neglectam
1087 3414 1143 3458 E.
1218 3415 1377 3466 Pecus,
1416 3415 1480 3457 uti
1514 3414 1667 3471 solet).
1699 3436 1753 3448 -
1812 3414 1891 3456 Ibi
1921 3414 1974 3458 P.
2002 3415 2102 3458 MS.

257 3482 432 3536 ripam.
501 3479 601 3521 MS.
627 3477 782 3522 Guelf.
803 3490 1044 3531 nunquam
1063 3488 1145 3516 ne·
1221 3471 1375 3515 Guelf.
1410 3472 1510 3514 edd.
1531 3471 1633 3514 Put.
1654 3471 1720 3515 M.
1747 3478 1789 3514 et
1811 3471 1865 3514 V.
1893 3471 2101 3516 Beroald.

260 3542 408 3595 glecta
432 3535 486 3578 E.
505 3537 626 3590 ripa.
1218 3531 1320 3574 Ate.
1342 3528 1485 3572 Rhen.
1510 3545 1606 3588 sqq.

247 3038 404 3074 stante
435 3028 534 3070 edd.
566 3025 668 3069 Put.

250 3088 350 3132 Alc.
377 3085 519 3129 Rhen.
549 3082 656 3127 Ald.

2161 431 2164 501 1
