2164 3990
213 293 404 307 -n—wae—m-ff—
411 296 427 299 --
435 296 444 300 -
450 283 2045 311 affl„-

1741 326 1747 335 .

472 857 1842 932 C.CORNELI-I·TAC1T1'

1081 1007 1177 1050 AB

644 1111 972 1158 EXCESSU
1041 1113 1207 1157 DIVI
1279 1111 1622 1158 AUGUSTI

226 1211 608 1314 <AN
769 1209 1072 1287 NA
1233 1209 1496 1284 LI
1656 1186 1996 1285 ΠΜ,

225 1377 227 1380 ’
508 1379 510 1381 '
683 1364 946 1419 LIBER
988 1363 1578 1420 DUODECIMUS.

612 1606 613 1609 '
659 1605 1261 1679 BREv1AR1UM
1330 1628 1604 1674 L1BR1.

369 1756 484 1802 CAP.
502 1754 593 1799 1.2.
625 1752 837 1798 Claudius
853 1752 906 1796 de
918 1752 1211 1797 matrimonio
1233 1767 1338 1795 cum
1359 1749 1528 1794 libertis
1549 1750 1778 1795 deliberat.
1833 1750 1876 1795 3.
1901 1752 2062 1812 Agrip.

208 1819 312 1877 pina
348 1811 612 1859 Germanici
648 1810 798 1853 fratris
833 1811 927 1854 eius
957 1809 1047 1852 filia
1079 1810 1174 1852 aliis
1239 1809 1399 1851 raelata
1430 1807 1480 1851 L.
1511 1807 1692 1860 Silano,
1736 1808 1810 1853 cui
1843 1809 2064 1869 desponsa

209 1874 423 1925 Octavia,
468 1868 650 1915 insidias
683 1868 815 1911 struit
850 1867 891 1910 4.
922 1867 1186 1910 administro
1207 1825 1421 1916 gheliic,
1462 1866 1611 1910 5—7.
1640 1865 1768 1909 cuius
1792 1866 1962 1911 artibus
1984 1869 2060 1911 in-

210 1932 336 1978 ducti
365 1930 545 1975 senatus
573 1941 634 1984 po
670 1924 861 1983 ulusque
891 1925 1083 1968 infames
1116 1922 1293 2024 nuptias
1319 1923 1530 1980 probant.
1590 1922 1632 1964 8.
1662 1922 1840 1967 Silanus
1863 1933 2060 1970 mortem

207 1989 294 2037 sibi
320 1985 575 2033 consciscit.
636 1941 809 2026 geneca
840 1983 895 2027 ab
928 1981 1084 2025 exsilio
1116 1998 1165 2024 re
1204 1998 1257 2024 ux
1286 1979 1444 2024 studiis
1467 1979 1659 2023 Neronis
1681 1990 1880 2039 praeest3
1917 1983 1961 2027 9.
1987 1983 2061 2030 cui

209 2044 516 2107 despondetur
539 2039 748 2085 Octavia.

369 2104 450 2146 10.
493 2098 643 2143 Parthi
668 2113 822 2155 regem
846 2095 991 2139 Roma
1014 2103 1172 2154 petunt
1193 2094 1529 2146 Meherdatem‚
1576 2095 1643 2139 11.
1668 2109 1807 2152 quem
1826 2095 2015 2141 missum
2037 2115 2063 2142 a

207 2161 399 2208 Claudio
423 2156 600 2203 Cassius
625 2156 672 2198 in
703 2166 910 2213 regnum·
927 2153 1093 2197 ducere
1128 2161 1332 2197 conatur.
1397 2153 1464 2195 12.
1499 2151 1663 2195 Obstat
1685 2153 1809 2196 fraus
1830 2153 1996 2198 Acbari
2019 2164 2063 2200 et

208 2222 280 2266 13.
302 2218 446 2263 lzatis.
510 2215 576 2259 14.
605 2212 761 2256 Victus
783 2211 1064 2255 Meherdates
1081 2209 1265 2254 Gotarzi
1285 2209 1490 2258 traditur.
1548 2210 1650 2252 Hoc>
1671 2218 1851 2254 mortuo
1870 2226 1918 2254 re
1951 2229 2059 2256 num

204 2277 518 2326 iti-Vononem
534 2304 547 2322 ‚
582 2267 686 2314 dein
708 2268 985 2327 Vologesem
1007 2268 1290 2323 transfertur.
1355 2268 1421 2310 15.
1451 2266 1700 2310 Mithridati
1723 2283 1910 2325 regnum
1965 2271 2061 2314 onti

207 2335 460 2394 reciperare
490 2329 591 2374 niso
615 2326 812 2370 Romani
844 2326 1058 2369 resistunt
1090 2334 1131 2368 et
1156 2325 1296 2383 Cotys
1329 2331 1372 2367 et
1394 2324 1622 2367 Eunones.
1684 2324 1753 2368 16.
1787 2325 1911 2384 Uspe
1948 2327 2062 2372 urbe

151 2392 169 2399 ‘
208 2400 338 2454 capta
365 2385 669 2439 17.,Zorsines
697 2385 860 2429 deserit
881 2375 1190 2426 Mithridatem
1206 2414 1219 2431 ‚
1258 2383 1334 2441 qui
1360 2383 1426 2425 18.
1449 2381 1632 2439 supplex
1654 2379 1836 2426 Eunoni
1858 2385 2061 2429 19-21,

207 2467 291 2511 per
316 2464 420 2493 eum
444 2463 467 2490 a
487 2442 690 2504 principe
714 2441 894 2487 veniam
922 2440 1132 2498 impetrat
1154 2440 1440 2497 Romamque
1463 2438 1741 2496 perducitur.
1786 2448 1792 2461 ’

375 2506 449 2548 22.
482 2499 756 2560 Agrippinae
779 2498 949 2543 artibus
970 2497 1112 2541 Lollia
1134 2497 1295 2541 cedere
1318 2495 1443 2540 ltalia
1466 2497 1671 2549 iubetur,
1701 2495 1943 2556 Calpurnia
1962 2515 2059 2558 pev-

207 2563 414 2608 vertitur.
472 2560 545 2603 23.
576 2556 744 2603 Salutis
769 2555 1023 2614 augurium.
1081 2555 1345 2598 Pomerium
1372 2552 1497 2598 urbis
1525 2553 1779 2612 prolatum,
1814 2556 1886 2600 24.
1909 2565 1952 2600 et
1980 2558 2059 2616 qui

210 2623 329 2668 olim·
343 2617 634 2680 protulerint.

379 2677 452 2720 25.
483 2675 605 2718 Nero
626 2671 858 2716 Domitius
889 2687 915 2717 a
935 2669 1124 2714 Claudio
1157 2669 1394 2726 adoptatur
1413 2668 1676 2712 auctoritate
1696 2667 1929 2714 Pallantis.
1986 2671 2060 2716 26.

208 2735 496 2782 Britannicus
525 2733 774 2789 depressus.
832 2729 904 2773 27.
929 2728 1000 2771 28.
1031 2726 1219 2770 Colonia
1250 2725 1298 2767 in
1322 2725 1469 2769 Ubios
1503 2725 1707 2769 deducta.
1767 2725 1884 2771 Catti
1916 2727 2062 2772 latro-

212 2794 329 2842 cinia
351 2809 374 2837 a
408 2793 566 2834 itantes
591 2787 855 2834 vincuntur.
914 2787 984 2829 29.
999 2785 1069 2828 30.
1101 2782 1304 2825 Vannius
1318 2782 1574 2827 Suevorum
1596 2798 1671 2825 rex
1693 2799 1716 2825 a
1736 2785 1827 2828 suis
1850 2785 2019 2843 pulsus.

411 2850 450 2892 1.
494 2848 546 2891 ln
571 2845 799 2888 Britannia
832 2845 1066 2887 turbantes·
1095 2841 1299 2898 reprimit
1323 2839 1534 2884 Ostorius
1558 2841 1738 2891 lcenos,
1772 2841 1846 2886 82.
1868 2841 2061 2902 Ganges,

212 2909 466 2968 Brigantas.
524 2902 733 2948 33-35.
769 2901 974 2945 Silurum
999 2914 1150 2956 regem
1167 2897 1458 2942 Caractacum
1483 2897 1638 2942 vineit.
1698 2898 1768 2941 86.
1801 2899 1844 2942 ls
1866 2898 2060 2944 Romam

243 2968 452 3012 erductus
480 2961 550 3005 37.
572 2959 770 3004 mascule
792 2958 1026 3002 Caesarem
1051 2955 1308 3012 adloquitur
1334 2963 1376 2998 et
1396 2956 1575 3000 veniam
1609 2955 1833 3013 impetrat.
1889 2956 1960 3001 38.
1986 2956 2059 3001 39.

208 2986 420 3068 grimuni
464 3020 577 3062 vires
616 3025 840 3075 reparant.
920 3012 1133 3056 Ostorius
1172 3011 1369 3055 obtentis
1403 3011 1618 3070 triumphi
1657 3013 1907 3069 insignibus
1950 3014 2060 3058 obit.

210 3083 284 3125 40.
317 3081 369 3123 Εἰ
392 3077 554 3121 Didius
575 3074 800 3118 suffectus.
860 3071 1034 3115 Bellum
1057 3069 1320 3112 intestinum
1345 3069 1527 3112 Venutii
1554 3079 1596 3112 et
1619 3069 2000 3115 Cartismanduae.

382 3137 453 3179 41.
485 3131 658 3177 Neroni
682 3131 825 3176 virilis
845 3138 949 3188 toga
971 3135 1221 3170 maturatur
1243 3126 1495 3185 posthabito
1510 3127 1785 3170 Britannico.
1845 3128 1916 3171 42.
1945 3127 2060 3171 Bur·

213 3213 290 3240 rus
334 3191 562 3260 praetorio
603 3188 870 3247 praefectus.
930 3184 1200 3243 Agrippinae
1243 3183 1520 3242 adrogantia.
1580 3182 1765 3231 Vitellio
1799 3183 1929 3228 favet.
1987 3185 2060 3230 43.

214 3251 428 3307 Prodigia
452 3248 640 3290 Romae.
702 3244 871 3290 Caritas
897 3258 1117 3286 annonae.

381 3304 591 3347 44—47.
620 3302 797 3345 Bellum
821 3300 1059 3344 Armenios
1089 3299 1207 3340 inter
1238 3305 1281 3340 et
1311 3297 1479 3341 Iberos.
1541 3297 1856 3341 Rhadamistus
1876 3298 2060 3343 Pharas·

215 3365 360 3412 manis
395 3361 510 3405 filius
532 3360 686 3402 iberus
717 3376 736 3402 s
773 3359 866 3402 ecie
900 3356 1097 3400 foederis
1118 3354 1425 3398 Mithridatem
1460 3355 1655 3403 invadit,
1695 3354 1855 3399 vinclis
1889 3366 2060 3406 onerat,

216 3418 450 3468 interimit.
509 3417 581 3459 48.
615 3376 871 3471 Quadiatus
901 3413 1054 3473 Syriae
1088 3428 1262 3470 praeses
1296 3412 1349 3455 de
1381 3413 1549 3455 ultione
1583 3412 1811 3455 deliberat.
1867 3414 1937 3457 49.
1970 3413 2059 3457 Pe-

217 3483 364 3540 lignus
387 3473 723 3520 Rhadamistum
748 3483 913 3516 temere
936 3470 1110 3527 regium
1133 3471 1303 3528 insigne
1327 3485 1505 3512 sumere
1530 3469 1748 3512 hortatur.
1811 3470 1877 3514 50.
1909 3469 2060 3515 Parthi

216 3535 478 3583 Armeniam
499 3529 730 3574 invadunt.
789 3530 858 3573 51.
888 3528 1200 3572 Rhadamistus
1221 3544 1244 3571 a
1271 3527 1360 3570 suis
1383 3526 1576 3584 pellitur.
1639 3526 1842 3571 Zenobia
1865 3528 2060 3573 coniunx

218 3597 273 3642 ab
295 3610 348 3638 eo
374 3590 607 3643 vulnerata
630 3602 757 3643 aegre
777 3597 992 3631 servatur.
