2164 3990
218 197 269 233 A.
285 197 334 232 U.
352 195 434 230 816.

217 240 270 274 A.
285 240 331 276 C.
375 238 440 275 6³·

670 195 840 256 LIB.
870 193 1033 258 XIV.
1110 193 1303 258 CAP.
1335 195 1436 258 57.
1859 199 1982 264 309

133 326 366 401 Asiam,
408 329 638 388 Sullam
661 327 727 382 in
749 324 1008 383 Galliam
1031 326 1474 383 Narbonensem
1492 343 1495 365 ³
1512 347 1701 401 nuper
1733 343 1973 401 amotoS‚

131 402 498 475 nobilitatem
524 432 729 470 eorum
753 423 808 468 et
830 411 1196 488 propinquos
1221 407 1359 468 huic
1372 407 1666 481 OrientiS,
1713 413 1806 468 illi
1820 412 1973 472 Ger-

127 502 357 558 maniae
393 499 675 556 exercitus
713 508 1147 555 commemorat.
1232 495 1371 552 Non
1398 514 1462 552 ‘se
1493 507 1560 552 ut
1580 495 1842 554 Burrum
1877 501 1972 557 di-

126 599 322 642 versas
347 605 506 660 speS,
553 583 654 639 sed
689 582 875 637 solam
913 582 1374 638 incolumitatem
1400 579 1659 638 Neronis
1687 596 1970 657 spectare:

128 672 226 728 cui
254 671 446 728 caveri
474 681 773 742 utcunque
803 668 877 723 ab
908 666 1152 723 urbanis
1183 666 1415 721 insidiis
1442 668 1792 742 praesentia:
1839 670 1972 726 lon-

127 757 377 833 ginquos
399 749 595 812 motus
621 772 879 828 quonam
901 753 1079 807 modo
1110 752 1418 825 comprimi
1443 751 1649 827 posse?
1729 750 1971 811 Erectas

128 836 354 898 Gallias
411 842 486 896 ad
535 858 756 894 nomen
802 836 1213 904 dictatorium,
1271 856 1379 892 nec
1422 837 1623 893 minus
1670 852 1967 912 suspectos

126 922 302 983 Asiae
342 926 595 1000 populos
641 923 989 979 claritudine
1031 920 1128 977 avi
1159 919 1359 980 Drusi.
1454 921 1682 979 Sullam
1714 924 1972 999 inopem,

126 1012 286 1067 unde
329 1010 706 1085 praecipuam
742 1007 1074 1075 audaciam,
1137 1017 1194 1061 et
1235 1006 1637 1063 simulatorem
1673 1009 1970 1082 segnitiae,

124 1097 268 1152 dum
304 1094 617 1155 temeritati
650 1094 846 1149 locum
883 1091 1182 1166 reperiret.
1266 1088 1546 1148 Plautum
1577 1094 1804 1167 magnis
1840 1096 1966 1170 opi-

124 1182 236 1237 bus
259 1201 333 1236 ne
357 1181 574 1253 fingere
597 1178 837 1254 quidem
862 1176 1202 1250 cupidinem
1225 1175 1366 1245 otii,
1422 1178 1521 1231 sed
1556 1189 1818 1236 veterum
1839 1178 1969 1237 Ro-

123 1285 436 1321 manorum
462 1264 827 1319 imitamenta
849 1261 1142 1335 praeferre
1157 1306 1173 1329 ,
1208 1262 1515 1335 adsumpta
1540 1263 1714 1318 etiam
1739 1263 1992 1321 Stoico-2

123 1371 256 1406 rum
295 1348 636 1422 adrogantia
674 1357 969 1421 sectaque,
1015 1365 1161 1420 quae
1198 1346 1467 1401 turbidos
1507 1357 1562 1402 et
1593 1348 1967 1422 negotiorum

118 1436 457 1509 adpetentes
482 1434 674 1491 faciat.
758 1430 879 1487 Nec
899 1431 1054 1486 ultra
1080 1450 1263 1488 mora.
1349 1430 1516 1487 Sulla
1538 1444 1694 1489 sexto
1718 1435 1812 1489 die
1832 1437 1984 1510 per-'

121 1519 300 1576 vectis
324 1517 653 1574 Massiliam
678 1515 1120 1591 percussoribus
1151 1526 1284 1571 ante
1315 1527 1540 1571 metum
1577 1528 1632 1573 et
1669 1526 1966 1575 rumorem

122 1604 499 1672 interficitur,
553 1622 685 1657 cum
714 1601 993 1675 epulandi
1021 1621 1190 1656 causa
1221 1600 1631 1661 discumberet.
1716 1605 1966 1675 relatum

119 1699 293 1763 caput
319 1688 443 1745 eius
471 1687 679 1744 inlusit
699 1684 856 1743 Nero
890 1697 1173 1761 tanquam
1196 1697 1575 1760 'praematura
1614 1690 1824 1745 canitie
1861 1691 1966 1746 de-

117 1774 326 1832 forme.
518 1779 521 1786 ‘
1908 1778 1909 1784 ’

174 1991 270 2020 non
292 1991 342 2020 se
364 1984 432 2020 ut.
489 1974 573 2019 Ed.
598 1974 718 2032 Spir.
740 1987 838 2016 non
857 1988 1006 2020 seam.

119 2034 228 2077 Mox
292 2050 343 2077 ro
376 2042 602 2088 utcunque
626 2031 723 2075 MS.
749 2031 900 2075 Guelf.
936 2031 1006 2075 cd.

115 2091 234 2151 Spir.
277 2101 410 2135 erunt
433 2098 694 2146 utrumque.

167 2202 460 2257 praesentia..
512 2201 589 2244 Sic
618 2199 717 2243 edd.
744 2199 846 2241 Put.
872 2199 936 2241 M.
963 2206 1005 2242 et

117 2259 297 2303 V.‚Ber.
319 2259 421 2303 Alc.
440 2258 584 2300 Rhen.
608 2273 705 2314 sqq.
750 2280 806 2288 -—
861 2272 1002 2310 prae·-

115 2320 322 2360 sentiora
353 2314 486 2358 MSS.
516 2314 637 2357 Flor.
671 2319 787 2367 (test.
817 2315 932 2356 Vict.
966 2330 1006 2355 c.

114 2374 263 2430 Pich.)
284 2372 400 2416 Bud.
428 2371 575 2415 Guelf.
601 2371 709 2429 Reg.
730 2370 852 2412 Harl.
873 2371 1005 2413 Bodl.

115 2431 198 2475 les.
235 2431 305 2474 ed.
337 2431 454 2488 Spir.
494 2454 551 2461 —
614 2428 861 2483 praesenti
895 2442 1007 2468 cura

112 2488 220 2532 vMS.
251 2488 366 2545 Agr.
404 2487 472 2530 ed.
505 2485 647 2545 Ryek.
682 2483 1005 2528 consentienti-

117 2543 518 2589 busFreiushemio
540 2554 583 2587 et
595 2540 795 2586 Heinsio.
832 2541 1005 2600 Lipsius

116 2603 368 2661 corrigebat
399 2601 646 2658 praesenti
684 2614 841 2654 opera.
911 2598 1006 2640 Mi-

114 2675 196 2702 ror
226 2675 494 2704 consensum
529 2659 750 2701 librorum
783 2657 830 2698 in
857 2671 1003 2712 prae-

114 2718 355 2768 sentior-m
402 2717 479 2761 sed
520 2716 699 2766 nescio,
749 2713 857 2770 quid
899 2714 1004 2756 inde

115 2772 301 2826 faciam,
355 2775 440 2818 nisi
479 2774 631 2816 locum
676 2770 867 2828 accipias
916 2769 1006 2817 sic:

118 2831 195 2872 cui
223 2832 377 2873 caveri
409 2831 470 2885 (h.
501 2848 538 2874 e.
574 2828 646 2873 cui
680 2836 729 2870 ut
761 2835 1005 2878 caveretur,

121 2887 201 2929 um'
233 2889 384 2938 solphe
418 2903 475 2929 zu
505 2889 738 2938 schiitzen)
779 2893 1006 2940 utcunque

120 2946 180 2986 ab
229 2945 422 2987 urbanis
464 2945 636 2987 insidiis
680 2945 1006 2997 praesentiora

122 3017 183 3044 sc.
209 3019 314 3045 esse.
374 3002 495 3044 Mira
527 3000 645 3043 enim
676 2999 819 3043 Taciti
851 3009 916 3043 est
948 3000 1004 3042 li-

121 3060 263 3102 centia
290 3059 336 3102 in
363 3058 620 3116 usurpando
646 3056 882 3102 infinitivo.
946 3057 1006 3100 cs.

122 3125 216 3159 not.
241 3116 295 3159 ad
319 3119 384 3168 11,
410 3120 449 3159 1.
477 3117 556 3158 sub
581 3115 803 3160 vocabulo
825 3116 1007 3158 concio-

119 3187 241 3216 nem.
300 3173 387 3217 Sed
413 3173 614 3215 concedo
641 3171 926 3215 audaciorem
949 3172 1004 3214 il·

121 3231 207 3274 lam
236 3248 327 3274 esse
349 3240 645 3279 structuram,
690 3243 826 3284 quam
857 3238 906 3272 ut
938 3246 1010 3272 se·-

121 3287 188 3332 rio
221 3287 526 3332 commendari
548 3284 701 3344 possit.
759 3287 1010 3345 Acquiesco

123 3345 258 3402 igitur
276 3346 323 3388 in
346 3345 550 3401 vulgatis.

179 3462 425 3509 suspectos.
494 3455 666 3512 Lipsius
692 3453 881 3497 malebat
903 3467 1012 3494 sus-

122 3526 316 3570 pensos,
366 3511 485 3568 quod
527 3528 737 3570 recepere
768 3511 1013 3568 Ripont'ufi,

1077 1973 1232 2016 Potest
1262 1981 1412 2017 tamen
1441 1974 1662 2021 ablativus
1687 1977 1968 2020 claritudine

1077 2047 1169 2074 esse
1193 2046 1275 2087 pro
1298 2034 1354 2072 ob
1373 2033 1712 2077 claritudinem.
1770 2034 1847 2078 Sic
1863 2051 1967 2089 pre-

1077 2089 1202 2131 cibus
1230 2105 1274 2131 c.
1294 2089 1367 2131 48.

1133 2148 1372 2199 segnitiae.
1458 2147 1543 2191 Ed.
1590 2148 1708 2207 Spir.
1760 2150 1967 2202 segnitie.

1077 2202 1302 2246 Edd.Put.
1328 2205 1573 2257 segniciae.
1632 2207 1740 2249 Mox
1761 2207 1832 2249 ed.
1848 2206 1967 2264 Spir.
1989 2205 1994 2210 ’

1074 2261 1281 2315 reperire
1300 2277 1383 2318 pro
1406 2266 1641 2317 reperiret.

1134 2320 1318 2372 magnis
1377 2320 1477 2363 MS.
1505 2320 1657 2363 Guelf.
1689 2322 1856 2373 magis.

1133 2389 1395 2442 adsumpta
1416 2390 1575 2432 etiam.
1632 2389 1713 2431 Ed.
1741 2390 1858 2447 Spir.
1887 2406 1967 2432 as-

1076 2452 1356 2499 sumptaque
1405 2447 1562 2489 etiam.
1652 2447 1823 2497 Eadem
1866 2464 1969 2489 mox

1078 2515 1195 2557 quae
1241 2503 1455 2555 turpidos
1498 2512 1764 2558 appetentes
1800 2503 1968 2559 saciat,

1078 2557 1254 2601 omissis
1280 2559 1426 2604 verbis
1447 2567 1491 2601 et
1514 2563 1823 2615 negotiorum.

1076 2632 1423 2723 V-adpetentes.
1485 2629 1563 2673 Sic
1582 2630 1682 2673 MS.
1701 2630 1825 2675 Flor.
1847 2633 1963 2688 (test.

1076 2687 1230 2784 elffii?

1131 2825 1285 2854 mora.
1319 2811 1454 2855 Sulla
1471 2821 1558 2857 etc.
1615 2813 1835 2874 Ed.Spir.
1861 2834 1965 2861 mo-

1075 2883 1159 2911 ras
1181 2868 1301 2911 Silla
1323 2878 1410 2912 ete.

1135 2941 1357 2980 relatum.
1428 2939 1503 2982 Sic
1537 2939 1670 2985 MSS.
1705 2943 1816 2985 Bud.
1854 2945 1963 2999 Reg.

1078 2995 1227 3039 Guelf.
1257 2996 1357 3039 edu.
1381 2995 1498 3053 Spir.
1523 3013 1622 3057 sqq.
1657 3015 1761 3042 cum
1789 3001 1965 3045 silentio

1077 3054 1281 3095 Victorii.
1351 3053 1439 3096 Sed
1482 3061 1592 3098 teste
1630 3056 1822 3100 Pichena
1862 3059 1964 3102 MS.

1081 3111 1202 3154 Flor.
1249 3111 1320 3153 dat
1358 3112 1643 3165 praelatum.
1716 3115 1816 3157 MS.
1851 3115 1962 3174 Agr.

1076 3171 1347 3224 perlatum,
1406 3168 1531 3225 quod
1579 3169 1765 3213 fortasse
1806 3188 1964 3217 verum

1081 3233 1145 3268 est
1170 3232 1211 3266 et
1230 3225 1463 3282 proprium
1489 3225 1543 3268 de
1570 3227 1646 3270 tali
1676 3245 1724 3271 re
1758 3233 1963 3273 verbum.

1082 3283 1196 3324 Nam
1223 3291 1354 3339 caput
1377 3281 1525 3325 Sullae
1546 3300 1637 3326 non
1661 3285 1807 3329 solum
1839 3290 1968 3329 reln-

1083 3349 1209 3388 tnm,
1240 3339 1314 3381 sed
1339 3340 1470 3381 ctiam
1490 3341 1657 3383 Neroni
1681 3346 1886 3386 oblatum
1909 3355 1972 3388 cst

1084 3397 1127 3438 h.
1161 3413 1199 3437 c.
1228 3400 1481 3451 perlatum.
1541 3397 1629 3442 Sed
1662 3417 1702 3443 c.
1731 3402 1799 3445 59.
1834 3413 1970 3455 caput

1086 3453 1316 3509 interfecti
1366 3457 1584 3499 relatum.
1669 3458 1774 3506 MS.
1819 3459 1967 3505 Guels..

1088 3510 1219 3554 habet
1238 3514 1406 3566 capud.

1303 2694 1576 2741 appetentes
1619 2687 1721 2731 edd.
1765 2698 1875 2734 vett.
1923 2709 1964 2735 c.
