2164 3990
900 61 940 99 U

233 190 318 252 48

756 217 765 228 ι
820 222 822 224 >
878 155 1416 260 ,ANNALIUM

1780 203 1832 238 A.
1850 202 1902 241 U.
1918 205 2006 243 801.

1780 247 1834 283 A.
1855 246 1911 283 Ca
1943 249 2009 289 ⁴8.

229 343 391 380 mere
408 367 425 394 ,
469 325 613 381 dum
634 320 848 394 histrio
870 328 1210 385 cubiculum
1235 332 1523 408 principis
1547 337 1950 412 exsultaverit,
1988 343 2093 399 de-

231 409 409 466 decus
446 411 689 487 quidem
729 411 1011 481 inlatum,
1075 415 1176 470 sed
1211 416 1523 475 discidium
1563 423 1773 496 procul
1807 426 2090 486 abfuisse:

229 515 391 552 nunc
425 494 699 552 iuvenem
732 499 1027 567 nobilem,
1070 498 1353 572 dignitate
1387 505 1639 576 formae,
1677 508 1740 563 vi
1771 513 1984 570 mentis
2023 533 2091 571 ac

227 580 567 657 propinquo
614 583 952 651 consulatu,
1015 585 1300 642 maiorem
1337 590 1412 645 ad
1450 610 1612 665 spem
1651 594 1897 668 accingi.
1980 617 2088 655 nec

229 665 391 721 enim
429 666 754 738 occultum,
801 667 945 744 quid
977 679 1111 743 post
1134 671 1248 727 tale
1275 675 1722 733 matrimonium
1747 694 2089 755 superesset.

228 748 482 810 Subibat
520 753 646 808 sine
682 753 865 809 dubio
891 764 1083 810 metus
1109 769 1447 831 reputantes
1475 757 1745 820 hebetem
1767 762 2089 824 Claudium

193 899 197 904 ,
229 847 286 893 et
310 837 498 893 uxori
532 838 873 894 devinctum
906 840 1240 917 multasque
1272 857 1490 902 mortes
1518 847 1682 905 iussu
1704 848 2086 910 Messallinae

222 933 500 998 patrataS.

587 943 790 979 rursus
821 923 949 998 ipsa
982 926 1234 984 facilitas
1268 928 1640 1004 imperatoris
1671 935 1948 992 fiduciam
1981 938 2089 1001 da-

223 1007 353 1079 bat,
395 1008 447 1064 si
473 1008 776 1067 atrocitate
808 1009 1075 1066 criminis
1101 1014 1592 1088 praevaluissent,
1634 1038 1804 1094 posse
1828 1023 2087 1098 opprimi

279 1176 397 1217 dum
423 1174 590 1218 histrio
619 1190 656 1218 c.
687 1191 762 1231 pr.
792 1179 1120 1222 exsultaverit.

220 1233 371 1277 Locus
405 1232 454 1276 in
487 1232 625 1276 MSS.
665 1233 948 1292 depravatus.
1018 1236 1120 1280 MS.

219 1292 344 1336 Flor.
370 1292 494 1344 (test.
506 1288 626 1334 Viet.
642 1307 688 1338 c..
701 1292 782 1346 al.)
804 1296 917 1335 dum
933 1294 1119 1336 histruo

219 1349 474 1392 cubiculum
530 1349 759 1403 principis
822 1353 1119 1395 exaltabere.

217 1404 321 1450 MS.
342 1404 452 1463 Reg.
479 1412 522 1448 et
544 1405 613 1448 ed.
637 1406 757 1464 Spir.
791 1411 906 1450 dum
937 1411 1119 1452 instruo

216 1479 256 1508 c.
295 1477 372 1518 pr.
422 1465 717 1507 eaeultavem.
791 1465 922 1509 MSS.
964 1465 1118 1509 Guelf.

218 1520 406 1578 aliique,
430 1521 530 1564 edd.
545 1521 648 1564 Put.
670 1522 737 1565 M.
764 1531 807 1566 et
819 1521 995 1567 V.Ale.
1012 1524 1117 1568 Ber.

214 1578 360 1624 Rhen.
384 1578 490 1622 Ald.
520 1582 634 1621 dum
665 1579 896 1623 industria
930 1581 1118 1623 cubicu-

213 1638 318 1680 lum
362 1636 584 1691 principis
638 1638 806 1679 occulit
856 1641 1116 1681 adulteros.

215 1694 318 1738 MS.
333 1693 447 1737 Bud.
468 1697 585 1752 ditm
609 1694 848 1738 industria
869 1710 969 1750 c.p.
987 1698 1117 1738 exul-

214 1759 413 1803 taver03
460 1752 583 1795 unde
627 1769 718 1796 rec.
756 1769 818 1797 m.
853 1752 987 1797 fecit:
1038 1754 1116 1795 in-

211 1812 343 1852 clusa
363 1809 412 1850 in
435 1824 471 1851 c.
479 1825 528 1864 p.
553 1813 740 1852 exultat
762 1826 866 1853 cum
886 1814 1116 1854 adultero.

210 1867 311 1911 MS.
338 1867 450 1924 Agr.
476 1870 592 1908 dum
613 1869 809 1910 inservit
842 1884 876 1910 c.
895 1885 945 1923 p.
978 1871 1117 1911 adul-

213 1926 351 1968 terio.
411 1925 504 1976 lam
530 1940 664 1967 nemo
687 1925 860 1968 dubitat
881 1926 1045 1969 histrio
1067 1942 1117 1968 ex

210 1982 314 2026 MS.
338 1982 461 2026 Flor.
487 1997 648 2027 verum
669 1997 780 2026 esse.
839 1982 1116 2040 Intelligitur

210 2039 445 2087 Mnester,
485 2041 540 2082 de
571 2055 662 2096 quo
699 2056 740 2084 c.
777 2039 849 2084 36.
909 2040 1113 2083 Verbum

212 2100 455 2141 exsultare
503 2096 734 2140 verissime
779 2097 1021 2142 Salmasius
1069 2106 1114 2140 et

211 2153 473 2199 Gronovius
512 2152 870 2212 interpretantur
907 2156 1113 2214 ἐξορχεῖ-

211 2216 328 2258 σθαι
360 2210 405 2254 h.
441 2228 479 2256 e.
513 2214 763 2265 entelzren,
805 2214 990 2257 suidas:
1023 2230 1113 2258 κα-

206 2271 468 2324 raucitant,
519 2269 836 2328 ἕκφαυλίζειν,
882 2271 1115 2316 ἔκπυστον

207 2333 376 2374 ποιεῖν.
435 2325 669 2372 Plutarch.
700 2329 853 2372 Artax.
877 2329 948 2372 22.
979 2331 1114 2388 ἐξορ-

198 2386 468 2446 χησάμενος
486 2386 747 2444 ἐνΠέρσαις
767 2385 850 2432 τὸν
859 2388 1113 2432 Λεωνίδαν

206 2448 286 2490 καὶ
313 2444 397 2490 τὸν
415 2445 806 2504 Καλλικρατίδαν.
863 2444 1108 2490 Herodian.

207 2503 249 2554 5,
272 2503 314 2548 5.
346 2499 431 2558 τήν
463 2517 513 2546 τε
545 2498 801 2560 ἱερωσύνην
825 2505 907 2547 τοῦ
933 2505 1108 2562 ἐπιχω-

206 2566 311 2618 ρίου
329 2562 445 2604 θεοῦ
469 2556 836 2620 περιεργότερον
850 2562 1108 2619 ἔξωρχεῖτο.

204 2620 343 2664 Vides
366 2619 540 2676 egregie
564 2619 630 2663 sic.
650 2620 836 2663 verbum
862 2623 1108 2663 exsultare

205 2676 456 2724 convenire
494 2684 538 2719 et
575 2676 774 2729 homini,
826 2679 903 2735 qui
946 2677 1105 2721 histrio

204 2735 391 2793 (horum
419 2733 541 2776 enim
566 2734 756 2779 verbum
777 2743 860 2779 est.
906 2735 966 2780 cf.
986 2735 1104 2779 Plin.

204 2791 449 2861 epp.7,24)
475 2799 516 2834 et
536 2791 630 2841 rei,
660 2808 726 2836 sc.
751 2792 961 2836 eubiculo
983 2792 1105 2852 prin-

205 2850 342 2908 cipis,
384 2848 508 2907 quod
533 2849 660 2893 decet
681 2866 774 2893 esse
798 2848 1101 2905 ἀνέκπυστον,

201 2902 471 2967 μυστήριον.
551 2907 625 2961 De
666 2907 816 2952 forma
856 2909 1104 2965 scripturae

203 2966 324 3011 Flor.
349 2965 388 3008 si
415 2965 698 3024 quaerimus,
734 2964 840 3009 satis
863 2964 1102 3009 verisimile

203 3032 296 3072 est,
334 3025 642 3066 exsultavero
677 3027 800 3076 (nam
824 3025 851 3065 b
875 3022 938 3065 ibi
962 3021 1100 3080 poni-

201 3090 278 3128 tur
297 3096 380 3138 pro
404 3086 456 3134 υ)
488 3087 639 3123 ortum
675 3095 768 3123 esse
799 3097 849 3124 ex
883 3083 1099 3123 exsulta-

200 3141 322 3181 verit
341 3137 523 3193 (litteris
546 3136 754 3181 finalibus
774 3154 855 3196 per
878 3152 1098 3195 compen-

202 3195 329 3239 dium
363 3195 557 3251 scriptis)
603 3204 648 3238 et
683 3212 759 3243 eo,
813 3203 863 3238 ut
905 3194 1098 3252 genuina

201 3252 423 3309 scriptura
442 3252 664 3297 videatur:
690 3255 1019 3303 exsultaverit,
1043 3266 1098 3293 eo

201 3312 399 3352 dedecus
421 3315 505 3350 etc.
564 3308 762 3353 Pichena
791 3328 815 3353 e
837 3310 1099 3354 coniectura

200 3364 431 3411 Francisei
468 3364 521 3407 de
547 3365 738 3410 Medicis
771 3367 951 3411 dederat
979 3380 1098 3421 pet·-

199 3423 469 3473 sultaverit5
509 3421 612 3464 dein
651 3423 686 3465 l.
721 3425 795 3467 Fr.
831 3424 1096 3469 Gronovius

200 3479 376 3524 reduxit
397 3481 718 3523 exsultaverit.
777 3482 878 3540 Bip.
902 3484 1095 3526 insulta-

201 3537 350 3591 verit;
386 3536 554 3595 recepit
576 3534 784 3581 Oberlin.
821 3556 954 3598 quem
991 3538 1094 3584 dein

1192 1180 1398 1242 plerique
1421 1182 1561 1226 secuti
1582 1191 1701 1230 sunt.
1757 1185 1989 1231 Bekkerus
2016 1195 2088 1231 ta-

1192 1255 1299 1283 men
1358 1243 1670 1284 exsultaverit
1725 1241 1830 1287 loco
1880 1245 2090 1290 reddidit.

1191 1295 1280 1340 Iac.
1293 1297 1469 1340 Tollius
1491 1297 1539 1340 in
1558 1300 1595 1342 F
1597 1300 1749 1345 ortuit.
1773 1301 1904 1347 c..31.
1926 1303 2087 1362 p.244.

1192 1351 1298 1413 legit
1321 1357 1518 1398 insultat
1538 1358 1738 1401 liberius.

1247 1429 1332 1469 sed
1371 1427 1627 1471 discidium.
1703 1428 1781 1474 Sic
1821 1430 1919 1474 MS.
1962 1429 2087 1475 Flor.

1192 1491 1303 1527 teste
1351 1484 1582 1538 Victori03
1641 1485 1839 1531 Pichena
1888 1489 2088 1546 prodidit

1191 1542 1252 1584 ibi
1283 1558 1376 1586 esse
1403 1546 1486 1584 sed
1515 1550 1561 1584 et
1587 1545 1810 1594 scidium,
1841 1545 1961 1589 unde
1994 1547 2006 1589 i
2041 1563 2087 1590 se

1192 1599 1460 1643 coniiciebat
1493 1604 1574 1643 sed
1604 1603 1862 1646 dissidium.
1933 1603 2010 1647 Lal
2034 1621 2084 1646 e-

1191 1657 1344 1700 mand.
1359 1656 1459 1713 Bip.
1477 1656 1639 1700 Oberl.
1664 1661 1922 1705 discidium.
1968 1660 2087 1704 Con-

1187 1723 1255 1757 tra
1268 1714 1404 1757 MSS.
1419 1715 1536 1766 Bud.
1551 1714 1664 1773 Reg.
1682 1715 1832 1761 Guelf.
1850 1718 1951 1762 edd.
1965 1719 2086 1777 Spir.

1188 1772 1290 1814 Put.
1314 1771 1382 1814 M.
1407 1781 1450 1814 et
1473 1773 1531 1817 V.
1559 1772 1660 1817 Ber.
1682 1774 1782 1818 Alc.
1809 1774 1950 1819 Rhen.
1981 1776 2093 1820 Ald.

1188 1845 1285 1887 sqq.
1302 1830 1555 1874 excidium.
1597 1830 1750 1875 E‘Ms.
1766 1832 1801 1874 A
1838 1832 2086 1892 r.Ryckius

1187 1886 1386 1944 prodidit
1451 1890 1659 1931 exitium.
1751 1890 1815 1932 Be
1849 1889 1984 1935 kerus
2043 1900 2088 1937 et

1186 1943 1483 2002 Kiesslingius
1548 1947 1748 1990 maluere
1809 1949 2085 2003 exscidium,

1186 2002 1400 2045 suadente
1425 2003 1457 2045 l.
1475 2003 1549 2047 Fr.
1576 2002 1830 2050 Gronovio.

1242 2073 1477 2126 dignitate
1493 2072 1710 2130 formae.
1769 2075 1834 2119 Ex
1865 2077 2085 2122 emenda-

1183 2130 1308 2174 tione
1349 2131 1502 2189 Lipsii.
1579 2132 1704 2176 Lib‘ri
1746 2141 1857 2179 vett.
1901 2131 2083 2181 omnes=

1181 2188 1437 2242 dignitate,
1451 2188 1636 2243 forma.
1667 2190 1726 2234 cf.
1755 2191 1822 2244 12,
1838 2193 1908 2237 51.
1932 2193 2082 2250 digni·

1183 2253 1280 2288 tate
1288 2245 1503 2300 formae.

1239 2317 1290 2359 vi
1318 2317 1511 2361 mentis.
1571 2318 1672 2363 MS.
1691 2319 1730 2363 F
1731 2319 1813 2362 lor.
1830 2319 1946 2376 (test.
1959 2319 2079 2366 Vict-

1184 2384 1225 2431 ε’.
1240 2387 1317 2443 al.)
1345 2389 1397 2430 ui
1415 2391 1556 2442 mtis;
1594 2389 1701 2433 hinc
1723 2389 1917 2434 Pichena
1942 2408 1990 2435 re
2025 2408 2092 2438 ο-7

1182 2445 1271 2489 suit
1294 2446 1340 2487 υί
1355 2450 1543 2490 mentis.
1605 2448 1840 2494 Consentit
1861 2449 1961 2493 MS.
2026 2466 2081 2493 a·

1178 2503 1257 2546 tic.
1282 2504 1399 2561 apud
1423 2505 1650 2564 Lipsium‚
1691 2506 1767 2562 qui
1796 2506 1904 2548 inde
1934 2506 2077 2551 refert

1181 2561 1229 2603 V
1225 2562 1431 2605 imentis.
1518 2562 1703 2606 Addicit
1753 2571 1795 2606 et
1841 2561 1912 2611 ed.
1972 2565 1985 2577 “
2021 2564 2060 2607 ‘r

1179 2633 1292 2676 quae
1321 2618 1453 2661 habet
1475 2619 1724 2672 iumentis;
1751 2636 1855 2663 nam
1882 2567 2077 2679 sylffiae

1177 2676 1229 2718 ui
1243 2683 1286 2717 et
1308 2676 1354 2717 iu
1375 2676 1422 2718 in
1445 2685 1553 2723 vett.
1570 2675 1694 2720 libris
1714 2678 1956 2723 sexcenties
1978 2695 2075 2738 per-

1178 2740 1425 2776 mutantur.
1501 2732 1605 2776 MS.
1639 2735 1756 2780 Bud.
1797 2736 1851 2778 ui
1884 2739 2073 2786 mentis,

1177 2789 1299 2832 unde
1323 2791 1365 2833 2.
1390 2807 1451 2832 m.
1475 2790 1583 2834 fecit
1607 2793 1822 2845 iuventa,
1863 2794 1985 2852 quod
2008 2805 2074 2840 est

1176 2846 1226 2889 in
1240 2846 1393 2891 Guelf.
1413 2847 1516 2891 edd.
1531 2849 1634 2894 Put.
1649 2851 1714 2895 M.
1726 2859 1769 2895 et
1784 2851 1836 2894 V.
1851 2851 1954 2894 Ber.
1968 2849 2071 2896 Aic.

1175 2904 1317 2948 Rhen.
1341 2922 1440 2964 sqq.
1483 2907 1541 2950 ef.
1566 2908 1632 2960 12,
1653 2907 1726 2953 44.
1757 2910 2038 2964 vicar-poris.

1231 2978 1286 3004 ac
1314 2965 1589 3020 propinquo.
1667 2965 1744 3010 Sic
1774 2965 1912 3010 MSS.
1939 2966 1975 3009 F
1979 2966 2067 3012 lor.

1174 3020 1289 3075 (test.
1314 3020 1453 3077 Vict.)
1489 3021 1640 3066 Guelf.
1676 3023 1779 3066 edd.
1804 3022 1949 3067 Rhen.
1971 3039 2069 3083 sqq.

1172 3105 1232 3177 {ii
1257 3079 1620 3180 {sffni'z'ssss'gi‘ffi
1648 3080 1751 3182 ‘33¹1‘ss
1791 3080 1912 3140 ³¹²³*
1958 3081 2064 3126 Μ’

1228 3194 1423 3248 accingi.
1457 3194 1533 3238 Sic
1557 3195 1658 3239 edd.
1682 3204 1786 3239 vett.
1809 3202 1853 3238 et
1874 3203 2063 3239 recentt.

1173 3247 1234 3293 ef.
1270 3250 1310 3303 8,
1340 3252 1385 3294 4.
1429 3251 1471 3300 4,
1503 3253 1574 3295 21.
1610 3254 1653 3305 4,
1681 3253 1751 3296 66.
1789 3253 1831 3300 6,
1859 3253 1901 3296 2.
1961 3252 2061 3296 MS.

1169 3306 1207 3348 F
1211 3307 1293 3350 lor.
1312 3309 1361 3362 (t.
1375 3307 1511 3365 Vict.)
1532 3311 1733 3364 adcingi.
1796 3310 1895 3353 MS.
1911 3309 2061 3354 Guelf.

1168 3366 1353 3419 attingi.
1401 3367 1490 3410 Sed
1511 3383 1645 3424 super
1669 3375 1707 3409 tt
1722 3369 1864 3424 posita
1882 3376 1987 3411 sunt
2001 3384 2060 3411 cc.

1225 3424 1502 3467 devinctum.
1547 3423 1631 3468 Ed.
1645 3425 1761 3482 Sp'ir.
1782 3426 2061 3473 deiunctum,

1167 3479 1337 3547 vulgari
1367 3481 1638 3540 syllabarum
1670 3483 1719 3524 vi
1748 3491 1790 3527 et
1814 3484 1865 3526 in
1889 3485 2056 3527 consu-

1165 3551 1311 3581 sione.
