2164 3990
195 238 246 275 A.
258 239 311 274 U.
323 236 407 270 807.
420 234 510 270 808.

194 287 248 320 A·
263 281 310 317 C.
348 280 408 314 54.
446 278 507 315 550

591 236 767 298 LIB.
792 233 932 296 XII.
994 231 1188 297 CAP.
1225 234 1326 296 36.
1366 236 1466 296 37.

1830 233 1952 294 137

108 372 204 431 tili
244 372 368 428 solo
403 367 773 444 fecundoque
813 364 994 434 mari,
1056 363 1195 441 quia
1233 363 1324 420 vis
1357 362 1617 439 piscium
1640 362 1954 421 innumera

108 456 367 514 Pontum
388 471 701 528 erumpens
723 462 781 508 et
800 449 1058 525 obliquis
1083 450 1281 506 subter
1298 449 1488 505 undas
1509 447 1659 504 saxis
1681 449 1954 505 exterrita

109 541 324 598 omisso
352 540 591 597 alterius
615 536 812 593 litoris
838 536 995 591 flexu
1019 531 1129 590 hos
1153 535 1228 591 ad
1248 544 1453 610 portus
1477 533 1750 592 defertur.
1793 533 1954 589 unde

106 626 300 702 primo
329 622 663 702 quaestuosi
689 633 746 679 et
770 620 1063 696 opulenti,
1116 631 1249 695 post
1270 617 1676 692 magnitudine
1703 638 1955 674 onerum

108 723 352 785 urgente
393 710 573 766 finem
616 718 716 764 aut
761 706 1006 762 modum
1050 706 1299 761 orabant
1334 704 1632 760 adnitente
1669 703 1954 778 principe,

109 796 214 873 qui
239 791 495 853 Thracio
517 791 981 867 Bosporanoque
1005 790 1161 846 bello
1185 808 1388 846 recens
1420 789 1600 844 fessos
1636 788 1958 845 iuvandos-

110 900 224 957 que
254 879 497 939 rettulit.

584 878 666 936 ita
690 877 911 934 tributa
936 876 1002 931 in
1027 873 1503 952 quinquennium
1524 874 1785 934 remissa.

275 999 494 1061 LXIV.
544 999 634 1060 M.
660 994 904 1069 Asini0,
934 997 1036 1056 M'.
1058 992 1252 1053 Acilio
1281 1017 1422 1057 coss,
1451 996 1840 1054 mutationem
1863 1015 1960 1052 re·-

110 1109 247 1146 rum
277 1089 343 1144 in
370 1086 627 1144 deterius
653 1084 931 1161 portendi
960 1081 1258 1155 cognitum
1287 1094 1371 1138 est
1406 1081 1624 1138 crebris
1657 1081 1958 1159 prodigiis,

114 1175 279 1249 signa
320 1194 386 1230 ac
420 1171 674 1229 tentoria
710 1169 969 1226 militum
1009 1166 1134 1241 igni
1173 1166 1407 1225 coelesti
1441 1186 1648 1227 arsere.
1731 1166 1961 1240 fastigio

112 1391 189 1436 hie.
217 1405 446 1450 superesse
476 1390 671 1436 videtur.
731 1389 870 1434 Plane
893 1388 1003 1437 mihi

114 1450 473 1493 consentientem
525 1447 703 1505 reperio
755 1447 1002 1490 Kbunium.

116 1505 188 1551 Cf.
211 1506 371 1550 Strabo
394 1507 461 1557 7.,
490 1506 646 1564 p.320.
699 1504 861 1562 Polyb.
878 1505 1002 1555 4,44.

157 1563 363 1619 seeundo
406 1563 549 1607 mori.
626 1560 701 1605 Sic
739 1562 841 1605 MS.
880 1562 1005 1605 Flor-

114 1621 230 1676 (test.
264 1622 399 1677 Viet.)
441 1621 509 1664 ed.
542 1619 660 1678 Spir.
700 1621 797 1663 sine
834 1620 1008 1676 copula,

115 1694 229 1736 quae
268 1678 381 1722 ratio
422 1678 596 1736 egregie
640 1676 854 1720 convenit
903 1677 1009 1719 huic

113 1735 237 1780 loco.
256 1736 579 1792 foecundoque
598 1737 726 1776 mari
733 1733 836 1777 MS.
853 1732 1006 1776 Guelf.

117 1793 216 1835 edd.
254 1793 357 1834 Put.
392 1792 460 1835 M.
498 1800 540 1836 et
571 1790 627 1834 V.
667 1790 872 1835 Beroald.
905 1790 1007 1834 Alc.

114 1849 259 1894 Rhen.
286 1865 384 1906 sqq.

174 1908 247 1949 vis
288 1907 483 1961 piscium
526 1906 778 1949 innumera
814 1912 1011 1962 pontum

117 1978 383 2020 erumpens.
441 1962 505 2004 Ex
537 1963 854 2006 emendatione
875 1962 1010 2019 Lipsii

117 2037 252 2078 quam
305 2035 516 2076 recepere
557 2020 592 2064 Ι.
635 2020 712 2064 Fr.
753 2019 1013 2063 Gronovius

117 2094 216 2136 sqq.
255 2106 315 2114 -
381 2077 518 2121 MSS.
562 2086 607 2120 et
646 2087 754 2123 vett.
801 2078 902 2120 edd.
944 2079 1013 2119 vis

114 2136 312 2192 piscium
360 2137 407 2177 in
459 2141 791 2190 metapontum
847 2149 1012 2177 erum-

114 2208 265 2248 pens.·
305 2192 450 2236 Rhen.
471 2208 570 2250 sqq.
594 2193 780 2237 dedere:
812 2207 881 2236 vis
897 2209 944 2248 p.
965 2194 1012 2234 in

115 2257 319 2306 pontum
345 2265 607 2305 erumpens.
667 2251 862 2294 Pichena
889 2258 1010 2293 vete-

118 2323 216 2351 rem
244 2308 513 2365 scripturam
538 2309 781 2353 revocavit.
840 2307 1015 2365 Lipsia-

120 2381 225 2407 nam
278 2366 502 2408 rationem
558 2365 717 2408 deinde
759 2364 1016 2409 emendavit

119 2421 353 2465 Broterius
412 2438 435 2464 e
494 2420 597 2465 loeo
647 2421 849 2465 Sallustii·
898 2421 1015 2478 apud

121 2478 348 2522 scholiast.
416 2478 616 2524 Iuvenal.
674 2481 724 2530 4,
779 2479 849 2522 42.
897 2483 1018 2533 'qua

121 2544 395 2592 tempestate
426 2537 495 2578 vis
521 2537 717 2588 piscium
732 2534 878 2592 ponto
908 2550 1015 2577 eru-

117 2593 203 2649 pit.
262 2593 519 2636 Broterium
557 2603 736 2638 secutus
774 2601 839 2637 est
874 2592 1018 2635 Ober-

123 2649 239 2707 linus
280 2650 456 2717 aliique.
548 2651 865 2694 Lunemannus
911 2649 1021 2693 facit

124 2724 231 2751 curn
263 2707 433 2766 Lipsm.
493 2707 649 2752 Recte.
709 2708 825 2752 Nam
857 2724 881 2750 e
916 2706 1019 2750 loco

124 2765 319 2809 Sallustii
379 2781 473 2808 non
518 2766 809 2824 consequitur
849 2773 890 2808 et
931 2763 1021 2806 No-

124 2831 267 2866 strum
289 2823 348 2865 ita
372 2823 540 2866 dixisse.
596 2823 713 2867 Sunt
732 2824 854 2865 enim
875 2838 1017 2864 exem—

125 2881 197 2939 pla
235 2881 288 2923 ab
323 2880 459 2922 altera
496 2888 633 2938 parte.
711 2880 867 2937 virgil.
905 2880 1018 2922 Aen.

124 2941 163 2988 1,
198 2938 297 2980 584.
343 2952 584 2993 erumpere
618 2940 818 2988 nubem,·
868 2936 1018 2979 valer.

126 2994 275 3039 Flacc.
304 2995 346 3043 5,
374 2994 472 3038 466.
507 3010 748 3050 erumpere
781 2995 1018 3036 nebulam.

127 3053 361 3096 structura
386 3061 450 3095 est
480 3069 501 3094 a
528 3052 735 3104 Graecis,
778 3052 853 3109 qui
887 3051 1020 3094 verba

127 3110 338 3164 ἐκπλεῖν,
372 3110 598 3165 ἐξελθεῖν,
631 3111 858 3166 ἐκβαίνειν
884 3107 1022 3151 simili

130 3166 269 3212 modo
291 3176 467 3224 ponunt
488 3183 591 3210 cum
613 3167 885 3210 accusativo.
935 3165 1021 3207 He-

129 3225 282 3268 rodot.
305 3225 344 3272 5,
367 3224 461 3268 103.
507 3225 694 3267 ἐκπλεῖν
727 3222 809 3268 τὸν
829 3219 1023 3277 Ἑλλήσ-

129 3293 332 3334 novrum
391 3282 432 3332 7,
467 3281 539 3325 29.
580 3282 678 3325 ἐπεὶ
709 3282 903 3337 ἐξῆλθον
939 3279 1024 3335 τὴν

130 3340 336 3399 Περσίδα
363 3336 539 3397 χώρην.
598 3338 780 3381 Tacitus
802 3355 907 3382 vero
934 3354 1026 3395 pas-

131 3398 214 3440 sim
244 3413 347 3440 cum
378 3396 627 3440 accusativo
653 3395 783 3453 ponit
806 3394 1026 3439 eiusmodi

133 3455 293 3505 verba,
324 3463 375 3496 ut
405 3455 585 3507 egredi,
625 3455 774 3495 exire.
836 3452 896 3496 cf.
931 3459 1027 3495 not.

135 3511 189 3554 ad
206 3513 272 3562 11,
287 3510 358 3555 25.
416 3510 636 3554 Revocavi
659 3510 795 3567 igitur
811 3517 1027 3565 pontum,

133 3567 256 3627 quod
279 3568 437 3614 nititur
458 3567 719 3614 auctoritate
744 3576 942 3613 veterum
970 3566 1027 3612 li-

1074 1390 1290 1438 brorum,
1329 1402 1584 1446 quanquam
1615 1401 1710 1430 non
1734 1401 1851 1444 nego
1871 1400 1965 1432 vo-

1077 1446 1286 1490 cabulum
1310 1445 1565 1487 innumera
1587 1443 1765 1503 frigere.
1824 1442 1896 1487 De
1915 1460 1965 1487 re

1077 1504 1136 1548 cf.
1155 1504 1274 1547 Plin.
1288 1503 1329 1553 9,
1340 1503 1399 1546 ΞΟ
1417 1502 1522 1559 (15).
1562 1500 1724 1545 Strabo
1742 1502 1783 1554 7,
1804 1517 1849 1561 p.
1862 1499 1964 1545 820.

1077 1562 1264 1662 19ΧΓίεῐοῒ.
1285 1561 1342 1605 Η.
1361 1561 1416 1604 Α.
1433 1559 1497 1612 15,
1514 1562 1581 1604 10.
1629 1558 1809 1605 Aelian.
1831 1558 1887 1602 Η.
1912 1559 1968 1602 Α.

1106 1653 1309 1720 ’subteru
1369 1675 1454 1718 Ed.
1489 1673 1609 1731 Spir.
1644 1676 1822 1718 subtus.
1880 1673 1972 1717 Ea·-

1081 1735 1184 1778 dem
1203 1733 1354 1789 fluxu
1383 1748 1466 1791 pro
1487 1733 1654 1790 flexu,
1691 1739 1857 1787 portos
1886 1747 1972 1790 pro

1078 1799 1270 1846 portus,
1309 1790 1597 1846 transfertur
1630 1805 1713 1847 pro
1748 1789 1974 1846 defertur,

1082 1858 1129 1903 et
1156 1849 1368 1904 questosi
1387 1863 1470 1905 pro
1497 1846 1777 1904 quaestuosi.

1141 1900 1362 1960 urgente.'
1406 1904 1507 1948 MS.
1532 1901 1683 1946 Guelf.
1710 1910 1946 1958 uergente.

1140 1962 1363 2005 Thracio.
1423 1962 1527 2004 MS.
1563 1958 1599 2003 F
1603 1959 1688 2003 lor‘.
1723 1968 1822 2005 test.
1855 1960 1974 2007 Vict.

1082 2018 1295 2064 Threcia.
1353 2017 1440 2066 Ed.
1461 2018 1581 2077 Spir.
1607 2020 1805 2062 theacia.

1139 2078 1527 2132 Bosporanoque.
1586 2075 1701 2118 Edd.
1725 2083 1831 2118 vett.
1850 2075 1980 2119 Bos-

1078 2138 1409 2191 phoranoque‚
1443 2133 1505 2176 uti
1528 2131 1689 2176 solent.
1731 2132 1790 2176 ef.
1807 2140 1902 2176 not.
1921 2133 1981 2177 ad

1085 2194 1152 2241 12,
1167 2192 1233 2235 15.
1247 2192 1318 2235 16.
1346 2190 1446 2234 MS.
1460 2189 1609 2233 Guelf.
1625 2190 1980 2246 bosforanoque.

1140 2250 1336 2300 rettulit.
1398 2250 1474 2292 Sic
1505 2247 1606 2291 edd.
1635 2246 1739 2291 Put.
1768 2247 1838 2291 M.
1859 2255 1900 2290 et
1921 2246 1979 2291 V.

1088 2306 1298 2351 Beroald.
1322 2308 1378 2362 (c.
1398 2306 1543 2349 silent.
1559 2303 1697 2360 Viet.)
1724 2305 1822 2349 Ale.
1837 2303 1980 2350 Rhen.

1086 2381 1183 2465 squ
1198 2392 1255 2400 --
1268 2362 1640 2464 rggulitMequSpir:
1658 2369 1701 2404 et
1712 2360 1980 2462 {slim-eltis.

1186 2434 1257 2464 ΑΡ.
1342 2453 1353 2464 .
1465 2452 1477 2463 .
1543 2434 1682 2468 ειηιο,
1767 2423 1794 2461 ’.
1863 2434 1900 2460 οι
1923 2434 1984 2462 ιο.

1087 2478 1172 2522 Ed.
1189 2479 1309 2535 Spir.
1330 2477 1592 2522 Massilim'o
1608 2475 1808 2519 Macilio.
1869 2475 1983 2519 Edd.

1089 2535 1192 2582 Put.
1225 2535 1291 2577 M.
1314 2544 1356 2578 et
1375 2536 1432 2576 V.
1465 2532 1673 2576 Beroald.
1711 2534 1769 2588 (c.
1803 2531 1983 2577 silentio

1090 2590 1227 2650 Vici.)
1261 2592 1361 2636 Alc.
1392 2591 1537 2639 Rhen.
1570 2589 1674 2636 Ald.
1707 2590 1775 2641 M.
1793 2591 1983 2641 *Asilino

1095 2649 1176 2694 M.
1198 2650 1363 2693 Acilio.
1424 2648 1525 2692 MS.
1543 2645 1695 2691 Guelf.
1710 2647 1774 2691 M.
1786 2648 1987 2699 Asilh'no

1093 2707 1170 2752 M.
1209 2708 1395 2750 Accilio.
1473 2703 1563 2748 Sed
1604 2702 1884 2753 cf.(Su'eton.
1919 2703 1987 2749 Cl.

1092 2781 1133 2808 c.
1166 2764 1236 2807 45.
1270 2762 1390 2806 unde
1418 2761 1685 2805 Vertraniu's
1717 2762 1987 2807 emendavit.

1092 2822 1144 2865 ln
1171 2821 1320 2865 indice
1344 2819 1502 2864 Dionis
1532 2819 1586 2862 ad
1612 2817 1689 2862 lib.
1709 2819 1780 2862 60.
1811 2819 1988 2863 Acilius

1092 2878 1215 2922 audit
1229 2879 1414 2921 Manius
1426 2876 1446 2926 ,’
1469 2875 1594 2934 quod
1605 2874 1832 2920 Ernestius
1855 2876 1988 2920 etiam

1090 2937 1138 2979 in
1160 2935 1306 2979 Taciti
1334 2942 1590 2978 contextum
1623 2933 1817 2992 recepit;
1858 2932 1986 2991 prio-

1091 3010 1161 3036 res
1188 2993 1367 3036 edidere
1389 2991 1451 3035 M.
1472 2990 1644 3043 Acilio,
1686 3000 1729 3033 et
1752 2991 1818 3034 sic
1839 2990 1988 3050 nuper

1093 3050 1337 3094 Belzlzerus.

1736 3103 1814 3148 Sic
1853 3103 1988 3149 MSS.

1149 3111 1285 3163 signa
1334 3123 1389 3151 ac
1439 3105 1658 3150 tentoria.

1095 3166 1222 3210 Flor.
1255 3165 1365 3223 Reg.
1395 3163 1497 3207 edd.
1519 3162 1637 3222 Spir.
1663 3161 1870 3208 Bet-eald.
1896 3161 1988 3204 Er-

1094 3232 1317 3323 ffisqtksqfl'
1332 3247 1386 3322 -l-
1399 3222 1540 3321 sssgndc}
1564 3221 1766 3321 elm'mdzc
1786 3220 1990 3320 ἷῗηέονὲα

1155 3308 1231 3322 st.
1310 3297 1388 3323 ar.
1462 3295 1488 3321 o
1542 3312 1553 3321 .
1602 3294 1658 3320 es.
1728 3293 1783 3320 ue
1826 3308 1838 3320 .
1903 3293 1932 3320 u
1966 3299 1985 3321 >-

1099 3338 1198 3380 edd.
1223 3338 1324 3380 Put.
1351 3338 1415 3379 M.
1444 3344 1487 3379 et
1509 3334 1565 3378 V.
1585 3334 1684 3378 Ale.
1713 3333 1857 3379 Rhen.
1887 3350 1986 3393 sqq.

1100 3395 1155 3439 ad
1182 3394 1361 3437 Ernest.
1679 3420 1682 3424 Δ

1158 3452 1256 3506 igni
1285 3452 1482 3495 coelesti.
1551 3449 1628 3494 Sic
1649 3449 1717 3492 ed.
1739 3448 1880 3507 Spir.,
1925 3447 1991 3492 uti

1099 3508 1265 3609 {oster
1288 3507 1414 3554 solet.
1475 3507 1621 3553 Ceteri
1646 3505 1748 3551 libri
1769 3508 1992 3562 igneooe·

1143 3566 1219 3611 sti.
