2164 3990
92 261 94 263 -
153 235 276 278 mu.
296 239 380 276 816.

154 283 208 319 Α.
226 283 274 321 c.
314 283 379 317 63.

530 240 705 300 LIB.
743 238 875 301 XV.
965 233 1162 302 CAP.
1199 240 1302 302 21.
1340 242 1445 303 22.
1786 239 1908 301 351

69 420 104 446 „
116 373 467 432 decernitur.
561 371 1025 447 decernaturque
1069 381 1126 426 et
1172 381 1420 427 maneat
1445 369 1915 446 provincialibus

70 459 441 537 „potentiam
467 474 631 513 suam
653 455 758 512 tali
781 456 960 511 modo
988 456 1350 534 ostentandi:
1403 457 1504 512 sed
1530 457 1659 513 laus
1682 458 1828 515 falsa
1855 469 1913 515 et

68 544 384 620 „precibus
428 559 695 616 expressa
742 540 989 615 perinde
1026 535 1416 597 cohibeantur
1451 561 1630 618 quam
1664 543 1913 612 malitia,

69 649 294 706 „quam
319 626 650 685 crudelitas,
735 623 916 682 Plura
942 644 1111 700 saepe
1141 638 1485 701 peccantur,
1532 627 1677 683 dum
1712 622 1913 684 deme—-

67 760 101 784 „
113 734 340 783 remur,
381 731 558 788 quam
581 712 725 767 dum
747 711 1121 770 offendimus,
1207 713 1495 787 quaedam
1517 710 1699 768 immo‘
1722 713 1917 770 virtu-
1984 740 1987 741 ⁷

71 811 204 869 „tes
238 798 377 855 odio
414 807 583 865 sunt,
626 796 900 852 severitas
937 796 1260 866 obstinata,
1304 797 1560 854 invictus
1597 798 1913 864 adversum

68 883 360 958 „gratiam
395 882 646 940 animus,
733 881 874 937 inde
903 881 1075 937 initia
1098 882 1547 955 magistratuum
1572 895 1914 941 nostrorum

67 969 359 1038 „meliora
384 968 567 1024 ferme
595 977 652 1022 et
677 966 811 1021 finis
838 967 1114 1036 inclinat,
1157 967 1301 1023 (lum
1336 967 1401 1023 in
1432 970 1680 1030 modum
1708 969 1913 1027 candi-

67 1055 389 1123 „datorum
442 1051 717 1124 suffragia
771 1051 1203 1128 conquirimus:
1278 1073 1427 1128 quae
1485 1053 1535 1109 si
1588 1066 1914 1124 arceantur,

69 1138 419 1216 „aequalius
440 1149 614 1214 atque
642 1137 1003 1194 constantius
1024 1137 1362 1211 provinciae
1389 1151 1688 1212 regentur.
1772 1160 1915 1201 nam

69 1236 180 1294 „ut
212 1235 376 1281 metu
405 1222 866 1298 repetundarum
898 1221 1145 1277 infracta
1180 1223 1427 1279 avaritia
1462 1236 1576 1295 est,
1619 1226 1700 1282 ita
1734 1225 1915 1284 vetita

67 1309 432 1384 „gratiarum
459 1307 684 1364 actione
710 1305 953 1362 ambitio
990 1302 1381 1368 cohibebitur.
1399 1308 1426 1328 ''

152 1467 154 1469 v
235 1391 430 1451 XXII.
472 1390 695 1464 Magno
721 1392 973 1447 adsensu
997 1393 1286 1449 celebrata
1318 1395 1635 1466 sententia,
1679 1415 1804 1453 non
1824 1407 1915 1454 ta-

66 1498 204 1534 men
229 1489 462 1535 senatus
482 1478 817 1534 consultum
836 1477 1037 1551 perfici
1061 1478 1255 1552 potuit
1279 1480 1676 1538 abnuentibus
1702 1501 1917 1539 consu-

67 1564 224 1620 libus
255 1583 321 1619 ea
343 1564 416 1619 de
439 1583 503 1618 re
539 1563 808 1621 relatum.
892 1561 1041 1617 Mox
1076 1574 1312 1620 auctore
1349 1566 1619 1641 principe
1658 1586 1916 1638 sanxere,

67 1669 142 1706 ne
166 1649 298 1725 quis
321 1649 396 1704 ad
420 1647 738 1704 concilium
762 1646 1059 1703 sociorum
1085 1649 1330 1707 referret
1356 1652 1610 1724 agendas
1643 1654 1803 1728 apud
1825 1673 1916 1709 se-

65 1839 358 1898 Kiesslingius
396 1839 601 1898 reposuit
634 1842 692 1882 de
724 1840 951 1882 aestima—

65 1900 204 1942 tione.

119 1959 505 2010 decernaturque.

606 1954 706 1998 Hoc
767 1955 958 2001 verbum

67 2013 290 2056 omittitur
327 2013 371 2057 in
416 2012 518 2056 MS.
564 2010 704 2055 Corb.
763 2013 893 2056 'Mox
932 2027 957 2055 a

66 2069 172 2114 MS.
195 2069 313 2113 Bud.
338 2071 459 2114 abest
479 2085 632 2112 suam.

124 2128 405 2171 ostentandi.
462 2126 540 2171 Sic
562 2127 660 2170 MS.
681 2124 829 2170 Guelf.
850 2125 957 2170 edd.

68 2185 171 2229 Put.
185 2200 282 2243 sqq.
296 2208 355 2217 --
384 2186 668 2227 ostendendi
683 2185 751 2228 ed.
765 2184 883 2242 Spir.
899 2211 957 2219 --

65 2243 340 2298 optentandi
352 2241 453 2284 MS.
465 2242 588 2285 Flor.
615 2246 734 2298 (test.
753 2241 884 2299 Vict.)
899 2269 958 2278 -

1086 1849 1325 1894 regentur.
1385 1841 1468 1886 Ed.
1492 1842 1614 1902 Spir.
1639 1852 1923 1898 regerentur.

1029 1897 1133 1942 MS.
1156 1898 1307 1942 Guelf.
1332 1908 1574 1953 rogentur.

1087 1973 1382 2014 cohibebitur.
1470 1973 1549 2016 Sic
1589 1989 1614 2015 e
1661 1974 1925 2019 coniectura

1026 2029 1163 2087 Lipsii
1198 2029 1301 2072 edd.
1332 2030 1512 2073 Ernest.
1547 2029 1710 2075 Oherl.
1736 2048 1789 2091 sq
1827 2063 1837 2075 .
1866 2056 1925 2066 —-

1027 2089 1257 2130 cohibetur
1305 2087 1407 2131 MS.
1450 2087 1620 2131 Guelf..
1656 2089 1756 2133 edd.
1862 2088 1921 2134 ir.

1027 2145 1131 2188 Put.
1163 2158 1259 2202 sqq.
1292 2146 1348 2200 (c.
1383 2142 1531 2190 silent.
1566 2145 1729 2202 Vict.).
1797 2105 1921 2191 Nibn·

1029 2203 1138 2245 dum
1164 2217 1427 2258 persuasum
1450 2202 1557 2246 mihi
1587 2213 1653 2247 est
1683 2204 1815 2264 plane
1843 2220 1922 2247 ne-

1029 2261 1265 2304 cessariam
1289 2259 1425 2302 fuisse
1447 2261 1762 2307 mutationem.

64 2301 176 2344 Mox
198 2301 268 2343 ed.
286 2299 407 2358 Spir.
429 2302 560 2343 lacus
582 2315 667 2358 pro
691 2303 813 2342 laus.

123 2360 436 2401 cohibeantur.
493 2357 597 2400 MS.
622 2355 774 2399 Guelf.
803 2357 845 2412 (a
866 2372 956 2400 sec.

64 2417 145 2473 m.)
168 2415 452 2458 cohibeatur.

121 2476 435 2516 demeremur.
515 2472 618 2517 MS.
652 2471 761 2528 Agr.
805 2485 956 2514 mere-

66 2545 192 2575 mur.

122 2591 392 2631 adversum.
451 2587 528 2631 Sic
540 2586 679 2631 MSS.
692 2586 819 2629 Flor.
836 2587 953 2641 (test.

67 2646 205 2702 Vict.)
231 2644 380 2688 Guelf.
404 2652 448 2688 et
470 2645 570 2688 edd.
594 2653 781 2688 recentt.
802 2644 908 2687 inde
931 2659 957 2686 a

67 2703 184 2762 Lips.
237 2703 399 2762 prima.
451 2730 511 2739 -—
578 2705 812 2746 adversus
863 2701 965 2745 edd.

66 2769 175 2806 vett.

121 2819 382 2873 aequalius.
443 2817 547 2861 MS.
570 2818 682 2877 Agr.
707 2816 811 2859 edd.
835 2815 955 2874 Spir.

67 2875 243 2918 Ernest.
280 2874 461 2918 Broter.
504 2890 605 2932 sqq.
644 2875 951 2931 aequabilius,

68 2941 110 2975 et
133 2931 197 2975 sic
228 2931 519 2987 aequabilius
550 2939 690 2988 atque
721 2939 949 2974 constan-

66 2991 155 3032 tius
175 2987 648 3046 coniungunturapud
661 2989 839 3032 Sallust.
857 2988 952 3032 Cat.

66 3047 159 3090 c.2.
190 3043 400 3089 Concinit
415 3046 509 3088 fere
525 3046 626 3089 cod.
638 3044 739 3090 MS.
751 3046 860 3105 Reg.
873 3046 952 3102 qui

65 3103 218 3146 vitiose
253 3101 422 3146 exhibet
456 3104 749 3158 aequalibus.
808 3102 945 3148 MSS.

62 3161 183 3204 Harl.
217 3159 352 3202 Bodl.
387 3161 470 3203 les.
506 3161 622 3203 Bud.
656 3159 806 3204 Guelf.
844 3161 947 3204 edd.

63 3219 166 3262 Put.
195 3218 264 3260 M.
296 3227 341 3261 et
369 3217 426 3261 V.
460 3217 670 3261 Beroald.
703 3218 762 3272 (c.
796 3217 946 3262 silent.

62 3275 199 3332 vict.)
232 3274 338 3319 Alc.
371 3274 514 3318 Rhen.
549 3290 646 3332 sqq.
687 3276 948 3331 aequalius.

61 3332 224 3375 Eadem
259 3332 493 3390 utriusque
527 3332 736 3376 vocabuli
771 3348 947 3390 permu-

61 3389 169 3433 tatio
203 3397 267 3433 est
293 3388 409 3432 Hist.
432 3390 474 3438 2,
495 3389 567 3431 27.
599 3397 642 3432 et
673 3388 797 3433 Suet.
839 3389 947 3433 Oct.

62 3444 324 3490 e.3.35.57.
357 3445 454 3490 Cal.
477 3447 604 3490 c.60.
640 3445 946 3505 Plin.ep.4,9.

56 3503 320 3604 gdgovocem
341 3506 594 3561 aequabilis·
613 3503 672 3548 cf.
697 3504 785 3549 An.
806 3505 849 3555 4,
873 3504 946 3547 20.

1086 2330 1197 2374 CAP.
1213 2330 1286 2373 22.
1318 2334 1536 2374 adsensu.
1598 2331 1674 2375 Sic
1690 2330 1790 2375 MS.
1801 2332 1927 2377 Flor.

1029 2389 1147 2442 (test.
1179 2387 1330 2443 Vict.).
1401 2403 1595 2431 assensu
1624 2387 1778 2431 Guelf.
1820 2389 1922 2434 edd.

1027 2453 1134 2511 vett.
1193 2458 1388 2487 ascensu
1432 2445 1499 2488 ed.
1541 2445 1661 2503 Lips.
1699 2446 1822 2490 1574.
1859 2448 1925 2493 vi·

1027 2511 1154 2546 uose.

1088 2587 1144 2614 ea
1191 2574 1251 2613 de
1299 2585 1352 2612 re
1392 2574 1649 2616 relatum*
1702 2572 1779 2618 Sic
1819 2574 1923 2619 MS.

1029 2627 1184 2671 Guelf.
1229 2628 1332 2671 edd.
1376 2628 1479 2672 Put.
1523 2645 1622 2686 sqq.
1668 2631 1727 2686 (c.
1773 2630 1923 2677 silent.

1036 2686 1172 2743 Vict.)
1202 2715 1260 2722 -
1318 2701 1374 2728 ea
1393 2689 1451 2728 de
1470 2700 1523 2728 re
1540 2689 1696 2730 latum
1717 2689 1920 2747 ed.Spir.

1034 2745 1106 2787 Ad
1139 2760 1298 2788 vocem
1332 2747 1534 2786 relatum
1568 2744 1625 2787 cf.
1649 2745 1761 2790 Hist.
1786 2749 1825 2796 1,
1847 2745 1921 2792 30.

1036 2801 1189 2845 Germ.
1214 2817 1253 2845 c.
1274 2801 1316 2844 3.
1375 2802 1579 2844 Relatus
1599 2811 1664 2845 est
1683 2804 1852 2848 factum
1873 2806 1922 2849 in

1027 2869 1271 2911 concreto,
1346 2860 1515 2901 relatio
1572 2859 1621 2902 in
1683 2861 1920 2907 abstracto.

1025 2916 1127 2960 Fuit
1159 2926 1310 2960 tamen
1343 2916 1422 2974 qui
1455 2919 1660 2960 relatum
1695 2919 1920 2976 acciperet

1024 2991 1108 3032 pro
1140 2973 1376 3032 participio
1415 2981 1459 3016 et
1495 2972 1648 3018 locum
1681 2975 1919 3033 refingeret

1023 3033 1109 3074 sic:
1140 3032 1411 3074 consulibus.
1470 3031 1545 3073 Ea
1561 3035 1620 3075 de
1638 3047 1691 3075 re
1709 3036 1917 3077 relatum

1021 3104 1142 3132 mox
1172 3096 1359 3131 auctore
1383 3088 1606 3143 principe.
1675 3090 1914 3141 Sanxere,

1019 3162 1078 3189 ne
1120 3154 1205 3189 etc.
1294 3146 1478 3188 Frustra
1522 3161 1609 3189 nec
1649 3147 1751 3200 satis
1796 3157 1913 3214 apte.

1019 3205 1140 3247 Mox
1163 3218 1331 3248 novam
1351 3202 1617 3246 sententiam
1640 3204 1815 3263 incipit.

1074 3287 1298 3316 sanxere.
1359 3273 1460 3317 MS.
1485 3274 1521 3317 F
1522 3273 1610 3317 lor.
1634 3275 1749 3330 (test.
1769 3276 1912 3335 Vict.)

1017 3345 1237 3382 sansere,
1290 3330 1420 3374 solita
1460 3330 1713 3375 litterarum
1745 3348 1785 3376 ιι·
1816 3342 1859 3378 et
1886 3350 1915 3379 s

1019 3387 1364 3446 permutatione.
1599 3420 1603 3425 -

1076 3446 1326 3489 concilium.
1384 3445 1461 3488 Sic
1494 3446 1594 3490 MS.
1618 3445 1770 3493 Guelf.
1803 3450 1908 3494 edd.

1018 3502 1121 3546 Put.
1156 3517 1253 3560 sqq.
1287 3506 1410 3557 (cum
1442 3502 1617 3548 silentio
1650 3504 1804 3563 Vict.).
1850 3531 1909 3542 --

1020 3560 1259 3603 consilium
1283 3559 1352 3603 ed.
1372 3559 1491 3617 Spir.
