<?xml version="1.0" encoding="UTF-8"?>
<!DOCTYPE html PUBLIC "-//W3C//DTD XHTML 1.0 Transitional//EN"
    "http://www.w3.org/TR/xhtml1/DTD/xhtml1-transitional.dtd">
<html xmlns="http://www.w3.org/1999/xhtml" xml:lang="en" lang="en">
 <head>
  <title>
</title>
<meta http-equiv="Content-Type" content="text/html;charset=utf-8" />
  <meta name='ocr-system' content='tesseract 3.04.00' />
  <meta name='ocr-capabilities' content='ocr_page ocr_carea ocr_par ocr_line ocrx_word'/>
</head>
<body>
  <div class='ocr_page' id='page_1' title='image "./operarecensuitet02taciuoft/operarecensuitet02taciuoft_0033.png"; bbox 0 0 2164 3990; ppageno 0'>
   <div class='ocr_carea' id='block_1_1' title="bbox 235 172 466 281">
    <p class='ocr_par' dir='ltr' id='par_1_1' title="bbox 235 172 466 281">
     <span class='ocr_line' id='line_1_1' title="bbox 235 172 462 237; baseline -0.022 0"><span class='ocrx_word' id='word_1_1' title='bbox 235 197 294 237; x_wconf 63' lang='lat' dir='ltr'><strong>A.</strong></span> <span class='ocrx_word' id='word_1_2' title='bbox 306 172 462 236; x_wconf 53' lang='lat' dir='ltr'><strong>uffsoo.</strong></span> 
     </span>
     <span class='ocr_line' id='line_1_2' title="bbox 235 242 466 281; baseline -0.013 0"><span class='ocrx_word' id='word_1_3' title='bbox 235 244 286 281; x_wconf 76' lang='lat' dir='ltr'><strong>A.</strong></span> <span class='ocrx_word' id='word_1_4' title='bbox 309 242 356 280; x_wconf 80' lang='lat' dir='ltr'><strong>G.</strong></span> <span class='ocrx_word' id='word_1_5' title='bbox 403 243 466 278; x_wconf 75' lang='lat'><strong>47.</strong></span> 
     </span>
    </p>
   </div>
   <div class='ocr_carea' id='block_1_2' title="bbox 634 185 1999 267">
    <p class='ocr_par' dir='ltr' id='par_1_2' title="bbox 634 185 1999 267">
     <span class='ocr_line' id='line_1_3' title="bbox 634 185 1999 267; baseline 0.005 -7"><span class='ocrx_word' id='word_1_6' title='bbox 634 185 953 263; x_wconf 77' lang='lat' dir='ltr'><strong>Llss.x1.</strong></span> <span class='ocrx_word' id='word_1_7' title='bbox 1037 196 1231 263; x_wconf 78' lang='lat' dir='ltr'><strong>CAP.</strong></span> <span class='ocrx_word' id='word_1_8' title='bbox 1276 203 1371 264; x_wconf 87' lang='lat'><strong>10.</strong></span> <span class='ocrx_word' id='word_1_9' title='bbox 1414 204 1508 265; x_wconf 88' lang='lat'><strong>11.</strong></span> <span class='ocrx_word' id='word_1_10' title='bbox 1916 211 1999 267; x_wconf 72' lang='lat'><strong>23</strong></span> 
     </span>
    </p>
   </div>
   <div class='ocr_carea' id='block_1_3' title="bbox 143 330 1999 581">
    <p class='ocr_par' dir='ltr' id='par_1_3' title="bbox 143 330 1999 581">
     <span class='ocr_line' id='line_1_4' title="bbox 148 330 1999 413; baseline -0.001 -17"><span class='ocrx_word' id='word_1_11' title='bbox 148 337 288 396; x_wconf 88' lang='lat' dir='ltr'><strong>dein</strong></span> <span class='ocrx_word' id='word_1_12' title='bbox 311 332 639 413; x_wconf 87' lang='lat' dir='ltr'><strong>praevaluit</strong></span> <span class='ocrx_word' id='word_1_13' title='bbox 664 330 964 392; x_wconf 79' lang='lat' dir='ltr'><strong>Gotarzes,</strong></span> <span class='ocrx_word' id='word_1_14' title='bbox 1049 333 1386 409; x_wconf 80' lang='lat' dir='ltr'><strong>potitusque</strong></span> <span class='ocrx_word' id='word_1_15' title='bbox 1419 333 1640 406; x_wconf 82' lang='lat' dir='ltr'><strong>regiam</strong></span> <span class='ocrx_word' id='word_1_16' title='bbox 1671 354 1778 410; x_wconf 92' lang='lat' dir='ltr'><strong>per</strong></span> <span class='ocrx_word' id='word_1_17' title='bbox 1812 338 1999 394; x_wconf 88' lang='lat' dir='ltr'><strong>saevi-</strong></span> 
     </span>
     <span class='ocr_line' id='line_1_5' title="bbox 143 412 1997 494; baseline -0.007 -14"><span class='ocrx_word' id='word_1_18' title='bbox 143 423 292 481; x_wconf 76' lang='lat' dir='ltr'><strong>tiam</strong></span> <span class='ocrx_word' id='word_1_19' title='bbox 323 442 390 478; x_wconf 89' lang='lat' dir='ltr'><strong>ac</strong></span> <span class='ocrx_word' id='word_1_20' title='bbox 424 420 632 476; x_wconf 83' lang='lat' dir='ltr'><strong>luxum</strong></span> <span class='ocrx_word' id='word_1_21' title='bbox 664 417 859 491; x_wconf 80' lang='lat' dir='ltr'><strong>adegit</strong></span> <span class='ocrx_word' id='word_1_22' title='bbox 882 412 1135 474; x_wconf 90' lang='lat' dir='ltr'><strong>Parthos</strong></span> <span class='ocrx_word' id='word_1_23' title='bbox 1157 418 1390 476; x_wconf 85' lang='lat' dir='ltr'><strong>mittere</strong></span> <span class='ocrx_word' id='word_1_24' title='bbox 1415 418 1490 474; x_wconf 89' lang='lat' dir='ltr'><strong>ad</strong></span> <span class='ocrx_word' id='word_1_25' title='bbox 1514 419 1845 494; x_wconf 83' lang='lat' dir='ltr'><strong>principem</strong></span> <span class='ocrx_word' id='word_1_26' title='bbox 1866 421 1997 480; x_wconf 79' lang='lat' dir='ltr'><strong>Ro..</strong></span> 
     </span>
     <span class='ocr_line' id='line_1_6' title="bbox 144 500 1996 581; baseline -0.001 -17"><span class='ocrx_word' id='word_1_27' title='bbox 144 525 392 575; x_wconf 74' lang='lat' dir='ltr'><strong>manum</strong></span> <span class='ocrx_word' id='word_1_28' title='bbox 431 503 688 562; x_wconf 87' lang='lat' dir='ltr'><strong>occultas</strong></span> <span class='ocrx_word' id='word_1_29' title='bbox 721 522 949 578; x_wconf 79' lang='lat' dir='ltr'><strong>preceS‚</strong></span> <span class='ocrx_word' id='word_1_30' title='bbox 997 502 1132 578; x_wconf 88' lang='lat' dir='ltr'><strong>quis</strong></span> <span class='ocrx_word' id='word_1_31' title='bbox 1164 503 1428 580; x_wconf 83' lang='lat' dir='ltr'><strong>permitti</strong></span> <span class='ocrx_word' id='word_1_32' title='bbox 1452 500 1864 562; x_wconf 89' lang='lat' dir='ltr'><strong>Meherdatem</strong></span> <span class='ocrx_word' id='word_1_33' title='bbox 1890 527 1996 581; x_wconf 88' lang='lat' dir='ltr'><strong>pa-</strong></span> 
     </span>
    </p>
   </div>
   <div class='ocr_carea' id='block_1_4' title="bbox 138 588 1051 662">
    <p class='ocr_par' dir='ltr' id='par_1_4' title="bbox 138 588 1051 662">
     <span class='ocr_line' id='line_1_7' title="bbox 138 588 1051 662; baseline -0.003 -12"><span class='ocrx_word' id='word_1_34' title='bbox 138 592 328 650; x_wconf 68' lang='lat' dir='ltr'><strong>trium</strong></span> <span class='ocrx_word' id='word_1_35' title='bbox 356 591 432 648; x_wconf 89' lang='lat' dir='ltr'><strong>ad</strong></span> <span class='ocrx_word' id='word_1_36' title='bbox 461 588 760 662; x_wconf 82' lang='lat' dir='ltr'><strong>fastigium</strong></span> <span class='ocrx_word' id='word_1_37' title='bbox 784 589 1051 647; x_wconf 84' lang='lat' dir='ltr'><strong>orabant.</strong></span> 
     </span>
    </p>
   </div>
   <div class='ocr_carea' id='block_1_5' title="bbox 135 697 1997 1714">
    <p class='ocr_par' dir='ltr' id='par_1_5' title="bbox 135 697 1997 1714">
     <span class='ocr_line' id='line_1_8' title="bbox 312 697 1997 776; baseline 0 -17"><span class='ocrx_word' id='word_1_38' title='bbox 312 700 420 761; x_wconf 88' lang='lat' dir='ltr'><strong>XI.</strong></span> <span class='ocrx_word' id='word_1_39' title='bbox 473 699 692 758; x_wconf 89' lang='lat' dir='ltr'><strong>Iisdem</strong></span> <span class='ocrx_word' id='word_1_40' title='bbox 736 699 1077 756; x_wconf 86' lang='lat' dir='ltr'><strong>consulibus</strong></span> <span class='ocrx_word' id='word_1_41' title='bbox 1110 697 1242 755; x_wconf 87' lang='lat' dir='ltr'><strong>ludi</strong></span> <span class='ocrx_word' id='word_1_42' title='bbox 1279 700 1600 757; x_wconf 81' lang='lat' dir='ltr'><strong>saeculares</strong></span> <span class='ocrx_word' id='word_1_43' title='bbox 1635 702 1997 776; x_wconf 86' lang='lat' dir='ltr'><strong>octingente-</strong></span> 
     </span>
     <span class='ocr_line' id='line_1_9' title="bbox 146 784 1996 864; baseline 0 -20"><span class='ocrx_word' id='word_1_44' title='bbox 146 789 294 845; x_wconf 88' lang='lat' dir='ltr'><strong>simo</strong></span> <span class='ocrx_word' id='word_1_45' title='bbox 322 785 726 863; x_wconf 84' lang='lat' dir='ltr'><strong>postRomam</strong></span> <span class='ocrx_word' id='word_1_46' title='bbox 749 784 1080 854; x_wconf 86' lang='lat' dir='ltr'><strong>conditam,</strong></span> <span class='ocrx_word' id='word_1_47' title='bbox 1119 795 1327 859; x_wconf 82' lang='lat' dir='ltr'><strong>quarto</strong></span> <span class='ocrx_word' id='word_1_48' title='bbox 1353 797 1410 843; x_wconf 91' lang='lat' dir='ltr'><strong>et</strong></span> <span class='ocrx_word' id='word_1_49' title='bbox 1437 788 1792 859; x_wconf 83' lang='lat' dir='ltr'><strong>sexagesimo</strong></span> <span class='ocrx_word' id='word_1_50' title='bbox 1818 809 1996 864; x_wconf 88' lang='lat' dir='ltr'><strong>quam</strong></span> 
     </span>
     <span class='ocr_line' id='line_1_10' title="bbox 144 865 1996 949; baseline -0.001 -17"><span class='ocrx_word' id='word_1_51' title='bbox 144 870 445 949; x_wconf 84' lang='lat' dir='ltr'><strong>Augustus</strong></span> <span class='ocrx_word' id='word_1_52' title='bbox 490 865 781 940; x_wconf 82' lang='lat' dir='ltr'><strong>ediderat,</strong></span> <span class='ocrx_word' id='word_1_53' title='bbox 831 869 1074 945; x_wconf 90' lang='lat' dir='ltr'><strong>spectati</strong></span> <span class='ocrx_word' id='word_1_54' title='bbox 1119 880 1273 928; x_wconf 86' lang='lat' dir='ltr'><strong>sunt.</strong></span> <span class='ocrx_word' id='word_1_55' title='bbox 1359 869 1664 947; x_wconf 86' lang='lat' dir='ltr'><strong>utriusque</strong></span> <span class='ocrx_word' id='word_1_56' title='bbox 1709 873 1996 948; x_wconf 89' lang='lat' dir='ltr'><strong>principis</strong></span> 
     </span>
     <span class='ocr_line' id='line_1_11' title="bbox 141 954 1997 1033; baseline -0.002 -16"><span class='ocrx_word' id='word_1_57' title='bbox 141 959 400 1017; x_wconf 82' lang='lat' dir='ltr'><strong>rationes</strong></span> <span class='ocrx_word' id='word_1_58' title='bbox 421 956 821 1033; x_wconf 85' lang='lat' dir='ltr'><strong>praetermitto</strong></span> <span class='ocrx_word' id='word_1_59' title='bbox 847 954 985 1010; x_wconf 88' lang='lat' dir='ltr'><strong>satis</strong></span> <span class='ocrx_word' id='word_1_60' title='bbox 1007 964 1271 1009; x_wconf 87' lang='lat' dir='ltr'><strong>narratas</strong></span> <span class='ocrx_word' id='word_1_61' title='bbox 1293 955 1493 1030; x_wconf 77' lang='lat' dir='ltr'><strong>libris,</strong></span> <span class='ocrx_word' id='word_1_62' title='bbox 1526 956 1743 1033; x_wconf 87' lang='lat' dir='ltr'><strong>quibus</strong></span> <span class='ocrx_word' id='word_1_63' title='bbox 1765 978 1857 1013; x_wconf 88' lang='lat' dir='ltr'><strong>res</strong></span> <span class='ocrx_word' id='word_1_64' title='bbox 1882 958 1997 1014; x_wconf 86' lang='lat' dir='ltr'><strong>im-</strong></span> 
     </span>
     <span class='ocr_line' id='line_1_12' title="bbox 135 1039 1996 1120; baseline -0.001 -20"><span class='ocrx_word' id='word_1_65' title='bbox 135 1044 427 1120; x_wconf 84' lang='lat' dir='ltr'><strong>peratoris</strong></span> <span class='ocrx_word' id='word_1_66' title='bbox 451 1040 782 1098; x_wconf 89' lang='lat' dir='ltr'><strong>Domitiani</strong></span> <span class='ocrx_word' id='word_1_67' title='bbox 803 1039 1124 1113; x_wconf 89' lang='lat' dir='ltr'><strong>composui.</strong></span> <span class='ocrx_word' id='word_1_68' title='bbox 1187 1059 1325 1094; x_wconf 84' lang='lat' dir='ltr'><strong>nam</strong></span> <span class='ocrx_word' id='word_1_69' title='bbox 1351 1041 1400 1096; x_wconf 91' lang='lat' dir='ltr'><strong>is</strong></span> <span class='ocrx_word' id='word_1_70' title='bbox 1426 1062 1660 1118; x_wconf 85' lang='lat' dir='ltr'><strong>quoque</strong></span> <span class='ocrx_word' id='word_1_71' title='bbox 1687 1043 1875 1110; x_wconf 85' lang='lat' dir='ltr'><strong>edidit</strong></span> <span class='ocrx_word' id='word_1_72' title='bbox 1900 1044 1996 1100; x_wconf 88' lang='lat' dir='ltr'><strong>lu-</strong></span> 
     </span>
     <span class='ocr_line' id='line_1_13' title="bbox 143 1123 1995 1205; baseline -0.001 -19"><span class='ocrx_word' id='word_1_73' title='bbox 143 1131 250 1186; x_wconf 89' lang='lat' dir='ltr'><strong>dos</strong></span> <span class='ocrx_word' id='word_1_74' title='bbox 284 1128 632 1195; x_wconf 80' lang='lat' dir='ltr'><strong>saeculareS‚</strong></span> <span class='ocrx_word' id='word_1_75' title='bbox 686 1124 874 1201; x_wconf 88' lang='lat' dir='ltr'><strong>iisque</strong></span> <span class='ocrx_word' id='word_1_76' title='bbox 917 1123 1202 1203; x_wconf 82' lang='lat' dir='ltr'><strong>intentius</strong></span> <span class='ocrx_word' id='word_1_77' title='bbox 1237 1126 1402 1181; x_wconf 89' lang='lat' dir='ltr'><strong>adfui</strong></span> <span class='ocrx_word' id='word_1_78' title='bbox 1443 1127 1766 1194; x_wconf 87' lang='lat' dir='ltr'><strong>sacerdotio</strong></span> <span class='ocrx_word' id='word_1_79' title='bbox 1816 1128 1995 1205; x_wconf 87' lang='lat' dir='ltr'><strong>quin-</strong></span> 
     </span>
     <span class='ocr_line' id='line_1_14' title="bbox 143 1209 1995 1287; baseline 0 -17"><span class='ocrx_word' id='word_1_80' title='bbox 143 1211 506 1270; x_wconf 86' lang='lat' dir='ltr'><strong>decimvirali</strong></span> <span class='ocrx_word' id='word_1_81' title='bbox 528 1209 826 1286; x_wconf 89' lang='lat' dir='ltr'><strong>praeditus</strong></span> <span class='ocrx_word' id='word_1_82' title='bbox 851 1229 916 1264; x_wconf 88' lang='lat' dir='ltr'><strong>ac</strong></span> <span class='ocrx_word' id='word_1_83' title='bbox 940 1212 1068 1265; x_wconf 81' lang='lat' dir='ltr'><strong>tum</strong></span> <span class='ocrx_word' id='word_1_84' title='bbox 1094 1219 1347 1284; x_wconf 81' lang='lat' dir='ltr'><strong>praetor.</strong></span> <span class='ocrx_word' id='word_1_85' title='bbox 1435 1213 1596 1287; x_wconf 86' lang='lat' dir='ltr'><strong>quod</strong></span> <span class='ocrx_word' id='word_1_86' title='bbox 1621 1232 1746 1268; x_wconf 91' lang='lat' dir='ltr'><strong>non</strong></span> <span class='ocrx_word' id='word_1_87' title='bbox 1770 1213 1995 1271; x_wconf 87' lang='lat' dir='ltr'><strong>iactan-</strong></span> 
     </span>
     <span class='ocr_line' id='line_1_15' title="bbox 139 1293 1995 1377; baseline 0 -22"><span class='ocrx_word' id='word_1_88' title='bbox 139 1298 221 1377; x_wconf 85' lang='lat' dir='ltr'><strong>tia</strong></span> <span class='ocrx_word' id='word_1_89' title='bbox 255 1298 476 1366; x_wconf 85' lang='lat' dir='ltr'><strong>refer0‚</strong></span> <span class='ocrx_word' id='word_1_90' title='bbox 520 1296 621 1351; x_wconf 85' lang='lat' dir='ltr'><strong>sed</strong></span> <span class='ocrx_word' id='word_1_91' title='bbox 647 1294 786 1370; x_wconf 89' lang='lat' dir='ltr'><strong>quia</strong></span> <span class='ocrx_word' id='word_1_92' title='bbox 811 1293 1056 1368; x_wconf 85' lang='lat' dir='ltr'><strong>collegio</strong></span> <span class='ocrx_word' id='word_1_93' title='bbox 1094 1295 1632 1370; x_wconf 87' lang='lat' dir='ltr'><strong>quindecimvirum</strong></span> <span class='ocrx_word' id='word_1_94' title='bbox 1669 1298 1995 1375; x_wconf 88' lang='lat' dir='ltr'><strong>antiquitus</strong></span> 
     </span>
     <span class='ocr_line' id='line_1_16' title="bbox 140 1378 1993 1458; baseline -0.001 -17"><span class='ocrx_word' id='word_1_95' title='bbox 140 1405 208 1441; x_wconf 89' lang='lat' dir='ltr'><strong>ea</strong></span> <span class='ocrx_word' id='word_1_96' title='bbox 236 1403 374 1439; x_wconf 85' lang='lat' dir='ltr'><strong>cura</strong></span> <span class='ocrx_word' id='word_1_97' title='bbox 406 1394 464 1438; x_wconf 88' lang='lat' dir='ltr'><strong>et</strong></span> <span class='ocrx_word' id='word_1_98' title='bbox 487 1380 858 1453; x_wconf 84' lang='lat' dir='ltr'><strong>magistratus</strong></span> <span class='ocrx_word' id='word_1_99' title='bbox 892 1378 1265 1454; x_wconf 88' lang='lat' dir='ltr'><strong>potissimum</strong></span> <span class='ocrx_word' id='word_1_100' title='bbox 1301 1382 1768 1458; x_wconf 85' lang='lat' dir='ltr'><strong>exsequebantur</strong></span> <span class='ocrx_word' id='word_1_101' title='bbox 1803 1383 1993 1440; x_wconf 89' lang='lat' dir='ltr'><strong>officia</strong></span> 
     </span>
     <span class='ocr_line' id='line_1_17' title="bbox 139 1462 1994 1539; baseline -0.001 -13"><span class='ocrx_word' id='word_1_102' title='bbox 139 1467 651 1526; x_wconf 84' lang='lat' dir='ltr'><strong>caerimoniarum.</strong></span> <span class='ocrx_word' id='word_1_103' title='bbox 714 1463 965 1529; x_wconf 86' lang='lat' dir='ltr'><strong>Sedente</strong></span> <span class='ocrx_word' id='word_1_104' title='bbox 981 1462 1231 1521; x_wconf 86' lang='lat' dir='ltr'><strong>Claudio</strong></span> <span class='ocrx_word' id='word_1_105' title='bbox 1257 1465 1615 1539; x_wconf 82' lang='lat' dir='ltr'><strong>circensibus</strong></span> <span class='ocrx_word' id='word_1_106' title='bbox 1639 1468 1827 1538; x_wconf 85' lang='lat' dir='ltr'><strong>ludis,</strong></span> <span class='ocrx_word' id='word_1_107' title='bbox 1858 1490 1994 1525; x_wconf 90' lang='lat' dir='ltr'><strong>cum</strong></span> 
     </span>
     <span class='ocr_line' id='line_1_18' title="bbox 136 1547 1993 1630; baseline 0 -20"><span class='ocrx_word' id='word_1_108' title='bbox 136 1553 308 1630; x_wconf 86' lang='lat' dir='ltr'><strong>pueri</strong></span> <span class='ocrx_word' id='word_1_109' title='bbox 331 1551 560 1608; x_wconf 86' lang='lat' dir='ltr'><strong>nobiles</strong></span> <span class='ocrx_word' id='word_1_110' title='bbox 588 1548 760 1626; x_wconf 77' lang='lat' dir='ltr'><strong>equis.</strong></span> <span class='ocrx_word' id='word_1_111' title='bbox 778 1548 1078 1605; x_wconf 89' lang='lat' dir='ltr'><strong>ludicrum</strong></span> <span class='ocrx_word' id='word_1_112' title='bbox 1103 1548 1318 1606; x_wconf 80' lang='lat' dir='ltr'><strong>Troiae</strong></span> <span class='ocrx_word' id='word_1_113' title='bbox 1344 1547 1565 1609; x_wconf 90' lang='lat' dir='ltr'><strong>inirent</strong></span> <span class='ocrx_word' id='word_1_114' title='bbox 1590 1552 1859 1630; x_wconf 89' lang='lat' dir='ltr'><strong>interque</strong></span> <span class='ocrx_word' id='word_1_115' title='bbox 1895 1574 1993 1610; x_wconf 91' lang='lat' dir='ltr'><strong>eos</strong></span> 
     </span>
     <span class='ocr_line' id='line_1_19' title="bbox 136 1633 1992 1714; baseline 0 -18"><span class='ocrx_word' id='word_1_116' title='bbox 136 1637 515 1696; x_wconf 86' lang='lat' dir='ltr'><strong>Britannicus</strong></span> <span class='ocrx_word' id='word_1_117' title='bbox 549 1636 898 1709; x_wconf 83' lang='lat' dir='ltr'><strong>imperatore</strong></span> <span class='ocrx_word' id='word_1_118' title='bbox 930 1634 1158 1706; x_wconf 85' lang='lat' dir='ltr'><strong>genitus</strong></span> <span class='ocrx_word' id='word_1_119' title='bbox 1184 1646 1239 1691; x_wconf 92' lang='lat' dir='ltr'><strong>et</strong></span> <span class='ocrx_word' id='word_1_120' title='bbox 1261 1633 1329 1696; x_wconf 90' lang='lat' dir='ltr'><strong>L.</strong></span> <span class='ocrx_word' id='word_1_121' title='bbox 1355 1633 1653 1695; x_wconf 89' lang='lat' dir='ltr'><strong>Domitius</strong></span> <span class='ocrx_word' id='word_1_122' title='bbox 1676 1639 1992 1714; x_wconf 89' lang='lat' dir='ltr'><strong>adoptione</strong></span> 
     </span>
    </p>
   </div>
   <div class='ocr_carea' id='block_1_6' title="bbox 125 1797 1022 3450">
    <p class='ocr_par' dir='ltr' id='par_1_6' title="bbox 130 1797 1022 2028">
     <span class='ocr_line' id='line_1_20' title="bbox 192 1797 1021 1854; baseline -0.001 -10"><span class='ocrx_word' id='word_1_123' title='bbox 192 1804 314 1845; x_wconf 84' lang='lat' dir='ltr'><strong>dein.</strong></span> <span class='ocrx_word' id='word_1_124' title='bbox 377 1801 452 1844; x_wconf 82' lang='lat' dir='ltr'><strong>Sic</strong></span> <span class='ocrx_word' id='word_1_125' title='bbox 472 1799 576 1844; x_wconf 89' lang='lat' dir='ltr'><strong>MS.</strong></span> <span class='ocrx_word' id='word_1_126' title='bbox 602 1797 734 1842; x_wconf 79' lang='lat' dir='ltr'><strong>Flor.</strong></span> <span class='ocrx_word' id='word_1_127' title='bbox 758 1799 875 1854; x_wconf 75' lang='lat' dir='ltr'><strong>(test.</strong></span> <span class='ocrx_word' id='word_1_128' title='bbox 900 1797 1021 1843; x_wconf 77' lang='lat' dir='ltr'><strong>Viet.</strong></span> 
     </span>
     <span class='ocr_line' id='line_1_21' title="bbox 135 1855 1022 1916; baseline -0.006 -13"><span class='ocrx_word' id='word_1_129' title='bbox 135 1877 177 1903; x_wconf 90' lang='lat' dir='ltr'><strong>c.</strong></span> <span class='ocrx_word' id='word_1_130' title='bbox 198 1860 345 1916; x_wconf 81' lang='lat' dir='ltr'><strong>Pich.)</strong></span> <span class='ocrx_word' id='word_1_131' title='bbox 370 1859 437 1901; x_wconf 87' lang='lat' dir='ltr'><strong>ed.</strong></span> <span class='ocrx_word' id='word_1_132' title='bbox 463 1857 578 1914; x_wconf 85' lang='lat' dir='ltr'><strong>Spir.</strong></span> <span class='ocrx_word' id='word_1_133' title='bbox 603 1864 645 1899; x_wconf 85' lang='lat' dir='ltr'><strong>et</strong></span> <span class='ocrx_word' id='word_1_134' title='bbox 665 1865 851 1899; x_wconf 77' lang='lat' dir='ltr'><strong>recentt.</strong></span> <span class='ocrx_word' id='word_1_135' title='bbox 875 1855 979 1898; x_wconf 79' lang='lat' dir='ltr'><strong>inde</strong></span> <span class='ocrx_word' id='word_1_136' title='bbox 1000 1873 1022 1898; x_wconf 90' lang='lat' dir='ltr'><strong>a</strong></span> 
     </span>
     <span class='ocr_line' id='line_1_22' title="bbox 130 1912 1018 1961; baseline -0.007 0"><span class='ocrx_word' id='word_1_137' title='bbox 130 1916 259 1961; x_wconf 81' lang='lat' dir='ltr'><strong>Pich.</strong></span> <span class='ocrx_word' id='word_1_138' title='bbox 304 1917 473 1958; x_wconf 84' lang='lat' dir='ltr'><strong>deinde</strong></span> <span class='ocrx_word' id='word_1_139' title='bbox 497 1914 598 1957; x_wconf 87' lang='lat' dir='ltr'><strong>MS.</strong></span> <span class='ocrx_word' id='word_1_140' title='bbox 622 1912 774 1956; x_wconf 86' lang='lat' dir='ltr'><strong>Guelf.</strong></span> <span class='ocrx_word' id='word_1_141' title='bbox 801 1913 1018 1956; x_wconf 73' lang='lat' dir='ltr'><strong>edd.Pu1.</strong></span> 
     </span>
     <span class='ocr_line' id='line_1_23' title="bbox 133 1969 1020 2028; baseline -0.005 -10"><span class='ocrx_word' id='word_1_142' title='bbox 133 1976 203 2019; x_wconf 90' lang='grc' dir='ltr'><strong>Μ.</strong></span> <span class='ocrx_word' id='word_1_143' title='bbox 220 1985 262 2017; x_wconf 86' lang='lat' dir='ltr'><strong>et</strong></span> <span class='ocrx_word' id='word_1_144' title='bbox 277 1972 549 2017; x_wconf 82' lang='lat' dir='ltr'><strong>V.Beroald.</strong></span> <span class='ocrx_word' id='word_1_145' title='bbox 573 1969 674 2015; x_wconf 80' lang='lat' dir='ltr'><strong>Alc.</strong></span> <span class='ocrx_word' id='word_1_146' title='bbox 699 1969 900 2013; x_wconf 80' lang='lat' dir='ltr'><strong>Rhenan.</strong></span> <span class='ocrx_word' id='word_1_147' title='bbox 924 1985 1020 2028; x_wconf 87' lang='lat' dir='ltr'><strong>sqq.</strong></span> 
     </span>
    </p>

    <p class='ocr_par' dir='ltr' id='par_1_7' title="bbox 131 2029 1019 2144">
     <span class='ocr_line' id='line_1_24' title="bbox 184 2029 1019 2088; baseline -0.001 -15"><span class='ocrx_word' id='word_1_148' title='bbox 184 2031 462 2088; x_wconf 77' lang='lat' dir='ltr'><strong>potitusque.</strong></span> <span class='ocrx_word' id='word_1_149' title='bbox 524 2029 626 2071; x_wconf 89' lang='lat' dir='ltr'><strong>MS.</strong></span> <span class='ocrx_word' id='word_1_150' title='bbox 641 2029 762 2072; x_wconf 87' lang='lat' dir='ltr'><strong>Flor.</strong></span> <span class='ocrx_word' id='word_1_151' title='bbox 787 2029 836 2083; x_wconf 79' lang='lat' dir='ltr'><strong>(t.</strong></span> <span class='ocrx_word' id='word_1_152' title='bbox 853 2030 930 2085; x_wconf 85' lang='lat' dir='ltr'><strong>V.)</strong></span> <span class='ocrx_word' id='word_1_153' title='bbox 939 2030 1019 2075; x_wconf 63' lang='lat' dir='ltr'><strong>»vi-</strong></span> 
     </span>
     <span class='ocr_line' id='line_1_25' title="bbox 131 2088 762 2144; baseline -0.01 -11"><span class='ocrx_word' id='word_1_154' title='bbox 131 2088 244 2133; x_wconf 77' lang='lat' dir='ltr'><strong>fiose</strong></span> <span class='ocrx_word' id='word_1_155' title='bbox 258 2089 544 2144; x_wconf 82' lang='lat' dir='ltr'><strong>pos-itusque.</strong></span> <span class='ocrx_word' id='word_1_156' title='bbox 760 2101 762 2103; x_wconf 76' lang='grc'><strong>’</strong></span> 
     </span>
    </p>

    <p class='ocr_par' dir='ltr' id='par_1_8' title="bbox 130 2142 1022 2482">
     <span class='ocr_line' id='line_1_26' title="bbox 188 2142 1022 2201; baseline -0.002 -12"><span class='ocrx_word' id='word_1_157' title='bbox 188 2148 382 2201; x_wconf 82' lang='lat' dir='ltr'><strong>regiam.</strong></span> <span class='ocrx_word' id='word_1_158' title='bbox 445 2143 520 2189; x_wconf 84' lang='lat' dir='ltr'><strong>Sic</strong></span> <span class='ocrx_word' id='word_1_159' title='bbox 541 2142 674 2186; x_wconf 89' lang='lat' dir='ltr'><strong>MSS.</strong></span> <span class='ocrx_word' id='word_1_160' title='bbox 691 2143 811 2186; x_wconf 85' lang='lat' dir='ltr'><strong>Flor.</strong></span> <span class='ocrx_word' id='word_1_161' title='bbox 840 2143 889 2197; x_wconf 84' lang='lat' dir='ltr'><strong>(t.</strong></span> <span class='ocrx_word' id='word_1_162' title='bbox 905 2142 958 2187; x_wconf 91' lang='lat' dir='ltr'><strong>V.</strong></span> <span class='ocrx_word' id='word_1_163' title='bbox 984 2160 1022 2187; x_wconf 90' lang='lat' dir='ltr'><strong>c.</strong></span> 
     </span>
     <span class='ocr_line' id='line_1_27' title="bbox 130 2200 1021 2260; baseline -0.003 -13"><span class='ocrx_word' id='word_1_164' title='bbox 130 2203 277 2260; x_wconf 84' lang='lat' dir='ltr'><strong>Pich.)</strong></span> <span class='ocrx_word' id='word_1_165' title='bbox 315 2203 463 2247; x_wconf 87' lang='lat' dir='ltr'><strong>Vatic.</strong></span> <span class='ocrx_word' id='word_1_166' title='bbox 498 2200 692 2260; x_wconf 87' lang='lat' dir='ltr'><strong>optimus</strong></span> <span class='ocrx_word' id='word_1_167' title='bbox 723 2201 879 2258; x_wconf 85' lang='lat' dir='ltr'><strong>Lipsii,</strong></span> <span class='ocrx_word' id='word_1_168' title='bbox 920 2201 1021 2245; x_wconf 86' lang='lat' dir='ltr'><strong>edd.</strong></span> 
     </span>
     <span class='ocr_line' id='line_1_28' title="bbox 131 2254 1021 2318; baseline -0.002 -14"><span class='ocrx_word' id='word_1_169' title='bbox 131 2261 248 2317; x_wconf 85' lang='lat' dir='ltr'><strong>Spir.</strong></span> <span class='ocrx_word' id='word_1_170' title='bbox 263 2260 390 2304; x_wconf 86' lang='lat' dir='ltr'><strong>Pich.</strong></span> <span class='ocrx_word' id='word_1_171' title='bbox 413 2275 508 2318; x_wconf 89' lang='lat' dir='ltr'><strong>sqq.</strong></span> <span class='ocrx_word' id='word_1_172' title='bbox 526 2284 582 2290; x_wconf 90' lang='lat'>—</span> <span class='ocrx_word' id='word_1_173' title='bbox 605 2254 735 2311; x_wconf 74' lang='lat' dir='ltr'><strong>reg&#39;iu</strong></span> <span class='ocrx_word' id='word_1_174' title='bbox 753 2259 850 2302; x_wconf 87' lang='lat' dir='ltr'><strong>MS.</strong></span> <span class='ocrx_word' id='word_1_175' title='bbox 870 2258 1021 2318; x_wconf 83' lang='lat' dir='ltr'><strong>Guelf.</strong></span> 
     </span>
     <span class='ocr_line' id='line_1_29' title="bbox 132 2315 1020 2363; baseline -0.001 -2"><span class='ocrx_word' id='word_1_176' title='bbox 132 2319 232 2362; x_wconf 80' lang='lat' dir='ltr'><strong>edd.</strong></span> <span class='ocrx_word' id='word_1_177' title='bbox 266 2319 371 2363; x_wconf 87' lang='lat' dir='ltr'><strong>Put.</strong></span> <span class='ocrx_word' id='word_1_178' title='bbox 407 2317 473 2359; x_wconf 90' lang='lat' dir='ltr'><strong>M.</strong></span> <span class='ocrx_word' id='word_1_179' title='bbox 511 2326 554 2360; x_wconf 85' lang='lat' dir='ltr'><strong>et</strong></span> <span class='ocrx_word' id='word_1_180' title='bbox 586 2317 641 2357; x_wconf 89' lang='lat' dir='ltr'><strong>V.</strong></span> <span class='ocrx_word' id='word_1_181' title='bbox 675 2315 886 2360; x_wconf 77' lang='lat' dir='ltr'><strong>Rex-oald‘.</strong></span> <span class='ocrx_word' id='word_1_182' title='bbox 918 2316 1020 2360; x_wconf 76' lang='lat' dir='ltr'><strong>Alc.</strong></span> 
     </span>
     <span class='ocr_line' id='line_1_30' title="bbox 131 2373 1021 2431; baseline -0.001 -14"><span class='ocrx_word' id='word_1_183' title='bbox 131 2375 336 2418; x_wconf 83' lang='lat' dir='ltr'><strong>Rhenan.</strong></span> <span class='ocrx_word' id='word_1_184' title='bbox 360 2391 458 2431; x_wconf 86' lang='lat' dir='ltr'><strong>sqq.</strong></span> <span class='ocrx_word' id='word_1_185' title='bbox 489 2398 546 2406; x_wconf 89' lang='lat'><strong>—-</strong></span> <span class='ocrx_word' id='word_1_186' title='bbox 592 2388 754 2415; x_wconf 82' lang='lat' dir='ltr'><strong>rerum</strong></span> <span class='ocrx_word' id='word_1_187' title='bbox 778 2373 881 2416; x_wconf 71' lang='lat' dir='ltr'><strong>MS:</strong></span> <span class='ocrx_word' id='word_1_188' title='bbox 910 2375 1021 2431; x_wconf 81' lang='lat' dir='ltr'><strong>Agr.</strong></span> 
     </span>
     <span class='ocr_line' id='line_1_31' title="bbox 132 2430 553 2482; baseline -0.007 -6"><span class='ocrx_word' id='word_1_189' title='bbox 132 2431 203 2477; x_wconf 81' lang='lat' dir='ltr'><strong>Cf.</strong></span> <span class='ocrx_word' id='word_1_190' title='bbox 226 2440 320 2475; x_wconf 86' lang='lat' dir='ltr'><strong>not.</strong></span> <span class='ocrx_word' id='word_1_191' title='bbox 347 2432 400 2474; x_wconf 86' lang='lat' dir='ltr'><strong>ad</strong></span> <span class='ocrx_word' id='word_1_192' title='bbox 426 2436 464 2482; x_wconf 78' lang='lat'><strong>1,</strong></span> <span class='ocrx_word' id='word_1_193' title='bbox 484 2430 553 2473; x_wconf 76' lang='lat'><strong>33.</strong></span> 
     </span>
    </p>

    <p class='ocr_par' dir='ltr' id='par_1_9' title="bbox 127 2486 1022 2830">
     <span class='ocr_line' id='line_1_32' title="bbox 188 2486 1018 2544; baseline -0.002 -12"><span class='ocrx_word' id='word_1_194' title='bbox 188 2490 449 2532; x_wconf 79' lang='lat' dir='ltr'><strong>saevitiam.</strong></span> <span class='ocrx_word' id='word_1_195' title='bbox 518 2487 594 2531; x_wconf 88' lang='lat' dir='ltr'><strong>Sic</strong></span> <span class='ocrx_word' id='word_1_196' title='bbox 635 2486 736 2529; x_wconf 87' lang='lat' dir='ltr'><strong>edd.</strong></span> <span class='ocrx_word' id='word_1_197' title='bbox 765 2486 884 2544; x_wconf 80' lang='lat' dir='ltr'><strong>Spir.</strong></span> <span class='ocrx_word' id='word_1_198' title='bbox 916 2486 1018 2530; x_wconf 78' lang='lat' dir='ltr'><strong>Ale.</strong></span> 
     </span>
     <span class='ocr_line' id='line_1_33' title="bbox 127 2543 1022 2603; baseline -0.002 -13"><span class='ocrx_word' id='word_1_199' title='bbox 127 2545 270 2590; x_wconf 86' lang='lat' dir='ltr'><strong>Rhen.</strong></span> <span class='ocrx_word' id='word_1_200' title='bbox 288 2561 386 2603; x_wconf 88' lang='lat' dir='ltr'><strong>sqq.</strong></span> <span class='ocrx_word' id='word_1_201' title='bbox 411 2569 468 2578; x_wconf 91' lang='lat'><strong>—</strong></span> <span class='ocrx_word' id='word_1_202' title='bbox 499 2546 742 2588; x_wconf 80' lang='lat' dir='ltr'><strong>sceuieiam</strong></span> <span class='ocrx_word' id='word_1_203' title='bbox 756 2543 856 2587; x_wconf 91' lang='lat' dir='ltr'><strong>MS.</strong></span> <span class='ocrx_word' id='word_1_204' title='bbox 872 2543 1022 2588; x_wconf 82' lang='lat' dir='ltr'><strong>Guelf.</strong></span> 
     </span>
     <span class='ocr_line' id='line_1_34' title="bbox 129 2600 1017 2647; baseline -0.002 0"><span class='ocrx_word' id='word_1_205' title='bbox 129 2619 255 2647; x_wconf 90' lang='lat' dir='ltr'><strong>more</strong></span> <span class='ocrx_word' id='word_1_206' title='bbox 279 2619 378 2646; x_wconf 87' lang='lat' dir='ltr'><strong>suo.</strong></span> <span class='ocrx_word' id='word_1_207' title='bbox 410 2632 468 2639; x_wconf 89' lang='lat'><strong>—-</strong></span> <span class='ocrx_word' id='word_1_208' title='bbox 507 2603 757 2645; x_wconf 79' lang='lat' dir='ltr'><strong>saeviciam</strong></span> <span class='ocrx_word' id='word_1_209' title='bbox 793 2601 891 2645; x_wconf 87' lang='lat' dir='ltr'><strong>edd.</strong></span> <span class='ocrx_word' id='word_1_210' title='bbox 915 2600 1017 2645; x_wconf 81' lang='lat' dir='ltr'><strong>Put.</strong></span> 
     </span>
     <span class='ocr_line' id='line_1_35' title="bbox 128 2659 1020 2704; baseline -0.003 0"><span class='ocrx_word' id='word_1_211' title='bbox 128 2661 196 2704; x_wconf 87' lang='lat' dir='ltr'><strong>M.</strong></span> <span class='ocrx_word' id='word_1_212' title='bbox 210 2661 377 2704; x_wconf 67' lang='lat' dir='ltr'><strong>esven.</strong></span> <span class='ocrx_word' id='word_1_213' title='bbox 391 2689 449 2696; x_wconf 88' lang='lat'><strong>--</strong></span> <span class='ocrx_word' id='word_1_214' title='bbox 462 2660 705 2703; x_wconf 77' lang='lat' dir='ltr'><strong>saevitiem</strong></span> <span class='ocrx_word' id='word_1_215' title='bbox 718 2659 817 2701; x_wconf 86' lang='lat' dir='ltr'><strong>edd.</strong></span> <span class='ocrx_word' id='word_1_216' title='bbox 832 2668 1020 2702; x_wconf 71' lang='lat' dir='ltr'><strong>recenit.</strong></span> 
     </span>
     <span class='ocr_line' id='line_1_36' title="bbox 128 2715 1016 2774; baseline -0.002 -13"><span class='ocrx_word' id='word_1_217' title='bbox 128 2717 232 2761; x_wconf 84' lang='lat' dir='ltr'><strong>inde</strong></span> <span class='ocrx_word' id='word_1_218' title='bbox 270 2735 303 2761; x_wconf 87' lang='lat' dir='ltr'><strong>a.</strong></span> <span class='ocrx_word' id='word_1_219' title='bbox 326 2717 444 2774; x_wconf 84' lang='lat' dir='ltr'><strong>Lips.</strong></span> <span class='ocrx_word' id='word_1_220' title='bbox 480 2717 638 2774; x_wconf 84' lang='lat' dir='ltr'><strong>prima.</strong></span> <span class='ocrx_word' id='word_1_221' title='bbox 693 2715 788 2758; x_wconf 84' lang='lat' dir='ltr'><strong>’Sed</strong></span> <span class='ocrx_word' id='word_1_222' title='bbox 824 2715 883 2760; x_wconf 87' lang='lat' dir='ltr'><strong>cf.</strong></span> <span class='ocrx_word' id='word_1_223' title='bbox 916 2719 952 2768; x_wconf 87' lang='lat' dir='ltr'><strong>l,</strong></span> <span class='ocrx_word' id='word_1_224' title='bbox 972 2718 1016 2759; x_wconf 82' lang='lat'><strong>4.</strong></span> 
     </span>
     <span class='ocr_line' id='line_1_37' title="bbox 132 2773 793 2830; baseline -0.002 -11"><span class='ocrx_word' id='word_1_225' title='bbox 132 2779 202 2819; x_wconf 90' lang='lat'><strong>10.</strong></span> <span class='ocrx_word' id='word_1_226' title='bbox 229 2777 294 2820; x_wconf 89' lang='lat'><strong>17.</strong></span> <span class='ocrx_word' id='word_1_227' title='bbox 327 2775 397 2818; x_wconf 79' lang='lat'><strong>31.</strong></span> <span class='ocrx_word' id='word_1_228' title='bbox 425 2775 496 2818; x_wconf 74' lang='lat'><strong>44.</strong></span> <span class='ocrx_word' id='word_1_229' title='bbox 525 2773 594 2816; x_wconf 80' lang='lat'><strong>53.</strong></span> <span class='ocrx_word' id='word_1_230' title='bbox 621 2774 678 2816; x_wconf 89' lang='grc'><strong>67</strong></span> <span class='ocrx_word' id='word_1_231' title='bbox 699 2790 746 2830; x_wconf 89' lang='lat' dir='ltr'><strong>sq</strong></span> <span class='ocrx_word' id='word_1_232' title='bbox 783 2807 793 2818; x_wconf 88' lang='lat'><strong>.</strong></span> 
     </span>
    </p>

    <p class='ocr_par' dir='ltr' id='par_1_10' title="bbox 126 2789 1016 2933">
     <span class='ocr_line' id='line_1_38' title="bbox 186 2789 1016 2887; baseline -0.004 -10"><span class='ocrx_word' id='word_1_233' title='bbox 186 2831 299 2877; x_wconf 79' lang='lat' dir='ltr'><strong>CAP.</strong></span> <span class='ocrx_word' id='word_1_234' title='bbox 343 2834 410 2876; x_wconf 89' lang='grc'><strong>11.</strong></span> <span class='ocrx_word' id='word_1_235' title='bbox 480 2833 674 2875; x_wconf 86' lang='lat' dir='ltr'><strong>Iisdem.</strong></span> <span class='ocrx_word' id='word_1_236' title='bbox 751 2789 848 2874; x_wconf 60' lang='lat' dir='ltr'><strong>tiid.</strong></span> <span class='ocrx_word' id='word_1_237' title='bbox 901 2830 1016 2887; x_wconf 84' lang='lat' dir='ltr'><strong>Spir.</strong></span> 
     </span>
     <span class='ocr_line' id='line_1_39' title="bbox 126 2890 338 2933; baseline 0.005 -1"><span class='ocrx_word' id='word_1_238' title='bbox 126 2890 338 2933; x_wconf 79' lang='lat' dir='ltr'><strong>Hisdem.</strong></span> 
     </span>
    </p>

    <p class='ocr_par' dir='ltr' id='par_1_11' title="bbox 128 2945 1021 3107">
     <span class='ocr_line' id='line_1_40' title="bbox 181 2945 1021 3004; baseline -0.001 -14"><span class='ocrx_word' id='word_1_239' title='bbox 181 2950 462 2990; x_wconf 79' lang='lat' dir='ltr'><strong>saeculares.</strong></span> <span class='ocrx_word' id='word_1_240' title='bbox 522 2946 598 2990; x_wconf 88' lang='lat' dir='ltr'><strong>Sic</strong></span> <span class='ocrx_word' id='word_1_241' title='bbox 621 2945 851 3004; x_wconf 84' lang='lat' dir='ltr'><strong>edd.Lips.</strong></span> <span class='ocrx_word' id='word_1_242' title='bbox 875 2945 1021 3004; x_wconf 87' lang='lat' dir='ltr'><strong>prima</strong></span> 
     </span>
     <span class='ocr_line' id='line_1_41' title="bbox 128 3005 1019 3061; baseline -0.002 -13"><span class='ocrx_word' id='word_1_243' title='bbox 128 3020 226 3061; x_wconf 85' lang='lat' dir='ltr'><strong>sqq.</strong></span> <span class='ocrx_word' id='word_1_244' title='bbox 284 3006 400 3047; x_wconf 80' lang='lat' dir='ltr'><strong>Vett.</strong></span> <span class='ocrx_word' id='word_1_245' title='bbox 429 3005 530 3048; x_wconf 82' lang='lat' dir='ltr'><strong>libri</strong></span> <span class='ocrx_word' id='word_1_246' title='bbox 550 3005 637 3047; x_wconf 81' lang='lat' dir='ltr'><strong>mei</strong></span> <span class='ocrx_word' id='word_1_247' title='bbox 664 3019 822 3046; x_wconf 88' lang='lat' dir='ltr'><strong>omnes</strong></span> <span class='ocrx_word' id='word_1_248' title='bbox 846 3006 1019 3047; x_wconf 85' lang='lat' dir='ltr'><strong>secula-</strong></span> 
     </span>
     <span class='ocr_line' id='line_1_42' title="bbox 129 3060 1019 3107; baseline -0.002 -3"><span class='ocrx_word' id='word_1_249' title='bbox 129 3075 221 3104; x_wconf 83' lang='lat' dir='ltr'><strong>res.</strong></span> <span class='ocrx_word' id='word_1_250' title='bbox 279 3060 349 3103; x_wconf 88' lang='lat' dir='ltr'><strong>De</strong></span> <span class='ocrx_word' id='word_1_251' title='bbox 371 3078 418 3104; x_wconf 89' lang='lat' dir='ltr'><strong>re</strong></span> <span class='ocrx_word' id='word_1_252' title='bbox 441 3060 842 3107; x_wconf 61' lang='lat' dir='ltr'><strong>cf.Mit‘scherlich.</strong></span> <span class='ocrx_word' id='word_1_253' title='bbox 865 3061 914 3103; x_wconf 88' lang='lat' dir='ltr'><strong>in</strong></span> <span class='ocrx_word' id='word_1_254' title='bbox 943 3077 1019 3103; x_wconf 89' lang='lat' dir='ltr'><strong>ar-</strong></span> 
     </span>
    </p>

    <p class='ocr_par' dir='ltr' id='par_1_12' title="bbox 126 3119 1021 3290">
     <span class='ocr_line' id='line_1_43' title="bbox 191 3119 1021 3163; baseline 0 -3"><span class='ocrx_word' id='word_1_255' title='bbox 191 3127 341 3161; x_wconf 86' lang='lat' dir='ltr'><strong>mento</strong></span> <span class='ocrx_word' id='word_1_256' title='bbox 377 3120 430 3162; x_wconf 90' lang='lat' dir='ltr'><strong>ad</strong></span> <span class='ocrx_word' id='word_1_257' title='bbox 459 3119 614 3163; x_wconf 83' lang='lat' dir='ltr'><strong>Horat.</strong></span> <span class='ocrx_word' id='word_1_258' title='bbox 651 3134 833 3162; x_wconf 86' lang='lat' dir='ltr'><strong>carmen</strong></span> <span class='ocrx_word' id='word_1_259' title='bbox 870 3134 1021 3162; x_wconf 87' lang='lat' dir='ltr'><strong>saecu·</strong></span> 
     </span>
     <span class='ocr_line' id='line_1_44' title="bbox 144 3175 1020 3232; baseline 0.001 -14"><span class='ocrx_word' id='word_1_260' title='bbox 144 3191 217 3218; x_wconf 89' lang='lat' dir='ltr'><strong>are</strong></span> <span class='ocrx_word' id='word_1_261' title='bbox 253 3183 295 3218; x_wconf 81' lang='lat' dir='ltr'><strong>et</strong></span> <span class='ocrx_word' id='word_1_262' title='bbox 329 3190 439 3232; x_wconf 86' lang='lat' dir='ltr'><strong>quos</strong></span> <span class='ocrx_word' id='word_1_263' title='bbox 478 3177 550 3219; x_wconf 81' lang='lat' dir='ltr'><strong>ille</strong></span> <span class='ocrx_word' id='word_1_264' title='bbox 586 3175 737 3219; x_wconf 82' lang='lat' dir='ltr'><strong>laudat</strong></span> <span class='ocrx_word' id='word_1_265' title='bbox 773 3176 827 3218; x_wconf 89' lang='lat' dir='ltr'><strong>de</strong></span> <span class='ocrx_word' id='word_1_266' title='bbox 857 3176 940 3219; x_wconf 87' lang='lat' dir='ltr'><strong>hac</strong></span> <span class='ocrx_word' id='word_1_267' title='bbox 970 3191 1020 3219; x_wconf 90' lang='lat' dir='ltr'><strong>re</strong></span> 
     </span>
     <span class='ocr_line' id='line_1_45' title="bbox 126 3233 384 3290; baseline -0.004 -14"><span class='ocrx_word' id='word_1_268' title='bbox 126 3233 384 3290; x_wconf 81' lang='lat' dir='ltr'><strong>scriptores.</strong></span> 
     </span>
    </p>

    <p class='ocr_par' dir='ltr' id='par_1_13' title="bbox 125 3290 526 3390">
     <span class='ocr_line' id='line_1_46' title="bbox 182 3290 526 3342; baseline 0 -10"><span class='ocrx_word' id='word_1_269' title='bbox 182 3290 379 3342; x_wconf 75' lang='lat' dir='ltr'><strong>spectati</strong></span> <span class='ocrx_word' id='word_1_270' title='bbox 398 3297 526 3333; x_wconf 85' lang='lat' dir='ltr'><strong>sunt.</strong></span> 
     </span>
     <span class='ocr_line' id='line_1_47' title="bbox 125 3347 379 3390; baseline 0 0"><span class='ocrx_word' id='word_1_271' title='bbox 125 3347 243 3390; x_wconf 80' lang='lat' dir='ltr'><strong>etati</strong></span> <span class='ocrx_word' id='word_1_272' title='bbox 259 3355 379 3390; x_wconf 83' lang='lat' dir='ltr'><strong>sunt.</strong></span> 
     </span>
    </p>

    <p class='ocr_par' dir='ltr' id='par_1_14' title="bbox 181 3403 1019 3450">
     <span class='ocr_line' id='line_1_48' title="bbox 181 3403 1019 3450; baseline 0.001 -4"><span class='ocrx_word' id='word_1_273' title='bbox 181 3404 297 3450; x_wconf 76' lang='lat' dir='ltr'><strong>satis</strong></span> <span class='ocrx_word' id='word_1_274' title='bbox 315 3412 558 3447; x_wconf 82' lang='lat' dir='ltr'><strong>narratas.</strong></span> <span class='ocrx_word' id='word_1_275' title='bbox 617 3403 762 3447; x_wconf 80' lang='lat' dir='ltr'><strong>Hodie</strong></span> <span class='ocrx_word' id='word_1_276' title='bbox 782 3411 931 3447; x_wconf 82' lang='lat' dir='ltr'><strong>tamen</strong></span> <span class='ocrx_word' id='word_1_277' title='bbox 954 3420 1019 3448; x_wconf 88' lang='lat' dir='ltr'><strong>sa-</strong></span> 
     </span>
    </p>
   </div>
   <div class='ocr_carea' id='block_1_7' title="bbox 586 3289 1016 3347">
    <p class='ocr_par' dir='ltr' id='par_1_15' title="bbox 586 3289 1016 3347">
     <span class='ocr_line' id='line_1_49' title="bbox 586 3289 1016 3347; baseline -0.002 -14"><span class='ocrx_word' id='word_1_278' title='bbox 586 3289 671 3333; x_wconf 88' lang='lat' dir='ltr'><strong>Ed.</strong></span> <span class='ocrx_word' id='word_1_279' title='bbox 693 3289 814 3347; x_wconf 89' lang='lat' dir='ltr'><strong>Spir.</strong></span> <span class='ocrx_word' id='word_1_280' title='bbox 843 3304 1016 3344; x_wconf 85' lang='lat' dir='ltr'><strong>exspe-</strong></span> 
     </span>
    </p>
   </div>
   <div class='ocr_carea' id='block_1_8' title="bbox 126 3459 1018 3577">
    <p class='ocr_par' dir='ltr' id='par_1_16' title="bbox 126 3459 1018 3577">
     <span class='ocr_line' id='line_1_50' title="bbox 127 3459 1018 3515; baseline 0.004 -13"><span class='ocrx_word' id='word_1_281' title='bbox 127 3459 183 3505; x_wconf 73' lang='lat' dir='ltr'><strong>tis</strong></span> <span class='ocrx_word' id='word_1_282' title='bbox 209 3461 387 3514; x_wconf 82' lang='lat' dir='ltr'><strong>dubias;</strong></span> <span class='ocrx_word' id='word_1_283' title='bbox 424 3479 529 3505; x_wconf 87' lang='lat' dir='ltr'><strong>nam</strong></span> <span class='ocrx_word' id='word_1_284' title='bbox 554 3460 622 3504; x_wconf 82' lang='lat' dir='ltr'><strong>vel</strong></span> <span class='ocrx_word' id='word_1_285' title='bbox 646 3461 742 3504; x_wconf 85' lang='lat' dir='ltr'><strong>sinc</strong></span> <span class='ocrx_word' id='word_1_286' title='bbox 772 3462 943 3515; x_wconf 80' lang='lat' dir='ltr'><strong>ratione</strong></span> <span class='ocrx_word' id='word_1_287' title='bbox 973 3470 1018 3506; x_wconf 82' lang='lat' dir='ltr'><strong>et</strong></span> 
     </span>
     <span class='ocr_line' id='line_1_51' title="bbox 126 3518 1016 3577; baseline 0.002 -16"><span class='ocrx_word' id='word_1_288' title='bbox 126 3534 209 3576; x_wconf 80' lang='lat' dir='ltr'><strong>pro</strong></span> <span class='ocrx_word' id='word_1_289' title='bbox 242 3533 318 3563; x_wconf 84' lang='lat' dir='ltr'><strong>sua</strong></span> <span class='ocrx_word' id='word_1_290' title='bbox 354 3518 457 3565; x_wconf 84' lang='lat' dir='ltr'><strong>talia</strong></span> <span class='ocrx_word' id='word_1_291' title='bbox 487 3518 741 3564; x_wconf 86' lang='lat' dir='ltr'><strong>celebrandi</strong></span> <span class='ocrx_word' id='word_1_292' title='bbox 776 3519 1016 3577; x_wconf 77' lang='lat' dir='ltr'><strong>cupiditate</strong></span> 
     </span>
    </p>
   </div>
   <div class='ocr_carea' id='block_1_9' title="bbox 1090 1799 1995 3582">
    <p class='ocr_par' dir='ltr' id='par_1_17' title="bbox 1094 1799 1992 1961">
     <span class='ocr_line' id='line_1_52' title="bbox 1096 1799 1992 1858; baseline 0.004 -16"><span class='ocrx_word' id='word_1_293' title='bbox 1096 1799 1322 1858; x_wconf 83' lang='lat' dir='ltr'><strong>principes</strong></span> <span class='ocrx_word' id='word_1_294' title='bbox 1338 1799 1472 1846; x_wconf 73' lang='lat' dir='ltr'><strong>ludo&#39;s</strong></span> <span class='ocrx_word' id='word_1_295' title='bbox 1493 1802 1739 1846; x_wconf 81' lang='lat' dir='ltr'><strong>saeculares</strong></span> <span class='ocrx_word' id='word_1_296' title='bbox 1764 1803 1992 1847; x_wconf 77' lang='lat' dir='ltr'><strong>interdum</strong></span> 
     </span>
     <span class='ocr_line' id='line_1_53' title="bbox 1096 1858 1992 1916; baseline 0.004 -18"><span class='ocrx_word' id='word_1_297' title='bbox 1096 1858 1306 1900; x_wconf 52' lang='lat' dir='ltr'><strong>indixisse&gt;</strong></span> <span class='ocrx_word' id='word_1_298' title='bbox 1327 1858 1513 1908; x_wconf 85' lang='lat' dir='ltr'><strong>docent,</strong></span> <span class='ocrx_word' id='word_1_299' title='bbox 1546 1875 1659 1916; x_wconf 86' lang='lat' dir='ltr'><strong>quae</strong></span> <span class='ocrx_word' id='word_1_300' title='bbox 1683 1860 1869 1903; x_wconf 74' lang='lat' dir='ltr'><strong>sueton.</strong></span> <span class='ocrx_word' id='word_1_301' title='bbox 1897 1870 1992 1904; x_wconf 80' lang='lat' dir='ltr'><strong>tra-</strong></span> 
     </span>
     <span class='ocr_line' id='line_1_54' title="bbox 1094 1913 1990 1961; baseline 0.004 -4"><span class='ocrx_word' id='word_1_302' title='bbox 1094 1914 1159 1957; x_wconf 80' lang='lat' dir='ltr'><strong>dit</strong></span> <span class='ocrx_word' id='word_1_303' title='bbox 1182 1915 1227 1957; x_wconf 82' lang='lat' dir='ltr'><strong>iu</strong></span> <span class='ocrx_word' id='word_1_304' title='bbox 1244 1913 1402 1958; x_wconf 79' lang='lat' dir='ltr'><strong>Claud.</strong></span> <span class='ocrx_word' id='word_1_305' title='bbox 1428 1916 1552 1959; x_wconf 73' lang='lat' dir='ltr'><strong>c.21.</strong></span> <span class='ocrx_word' id='word_1_306' title='bbox 1577 1925 1620 1958; x_wconf 88' lang='lat' dir='ltr'><strong>et</strong></span> <span class='ocrx_word' id='word_1_307' title='bbox 1641 1917 1686 1960; x_wconf 84' lang='lat' dir='ltr'><strong>in</strong></span> <span class='ocrx_word' id='word_1_308' title='bbox 1699 1918 1872 1961; x_wconf 83' lang='lat' dir='ltr'><strong>Domit.</strong></span> <span class='ocrx_word' id='word_1_309' title='bbox 1893 1918 1990 1961; x_wconf 79' lang='lat' dir='ltr'><strong>c.4.</strong></span> 
     </span>
    </p>

    <p class='ocr_par' dir='ltr' id='par_1_18' title="bbox 1092 1970 1995 2074">
     <span class='ocr_line' id='line_1_55' title="bbox 1152 1970 1995 2033; baseline 0.008 -21"><span class='ocrx_word' id='word_1_310' title='bbox 1152 1970 1433 2016; x_wconf 76' lang='lat' dir='ltr'><strong>Domitiani.</strong></span> <span class='ocrx_word' id='word_1_311' title='bbox 1489 1973 1605 2017; x_wconf 87' lang='lat' dir='ltr'><strong>Edd.</strong></span> <span class='ocrx_word' id='word_1_312' title='bbox 1638 1973 1757 2033; x_wconf 85' lang='lat' dir='ltr'><strong>Spir.</strong></span> <span class='ocrx_word' id='word_1_313' title='bbox 1787 1975 1890 2019; x_wconf 87' lang='lat' dir='ltr'><strong>Put.</strong></span> <span class='ocrx_word' id='word_1_314' title='bbox 1924 1975 1995 2028; x_wconf 71' lang='lat' dir='ltr'><strong>M.</strong></span> 
     </span>
     <span class='ocr_line' id='line_1_56' title="bbox 1092 2029 1534 2074; baseline 0.005 -3"><span class='ocrx_word' id='word_1_315' title='bbox 1092 2037 1135 2072; x_wconf 78' lang='lat' dir='ltr'><strong>et</strong></span> <span class='ocrx_word' id='word_1_316' title='bbox 1168 2031 1221 2073; x_wconf 86' lang='lat' dir='ltr'><strong>V.</strong></span> <span class='ocrx_word' id='word_1_317' title='bbox 1244 2029 1534 2074; x_wconf 83' lang='lat' dir='ltr'><strong>Domiciani.</strong></span> 
     </span>
    </p>

    <p class='ocr_par' dir='ltr' id='par_1_19' title="bbox 1095 2087 1992 2200">
     <span class='ocr_line' id='line_1_57' title="bbox 1155 2087 1992 2147; baseline 0.007 -19"><span class='ocrx_word' id='word_1_318' title='bbox 1155 2087 1314 2142; x_wconf 84' lang='lat' dir='ltr'><strong>iisque.</strong></span> <span class='ocrx_word' id='word_1_319' title='bbox 1385 2087 1469 2131; x_wconf 90' lang='lat' dir='ltr'><strong>Ed.</strong></span> <span class='ocrx_word' id='word_1_320' title='bbox 1493 2088 1612 2147; x_wconf 86' lang='lat' dir='ltr'><strong>Spir.</strong></span> <span class='ocrx_word' id='word_1_321' title='bbox 1643 2105 1685 2135; x_wconf 89' lang='lat' dir='ltr'><strong>c.</strong></span> <span class='ocrx_word' id='word_1_322' title='bbox 1710 2090 1812 2134; x_wconf 90' lang='lat' dir='ltr'><strong>MS.</strong></span> <span class='ocrx_word' id='word_1_323' title='bbox 1840 2089 1992 2134; x_wconf 83' lang='lat' dir='ltr'><strong>Guelf.</strong></span> 
     </span>
     <span class='ocr_line' id='line_1_58' title="bbox 1095 2147 1271 2200; baseline 0.006 -14"><span class='ocrx_word' id='word_1_324' title='bbox 1095 2147 1271 2200; x_wconf 76' lang='lat' dir='ltr'><strong>hisque.</strong></span> 
     </span>
    </p>

    <p class='ocr_par' dir='ltr' id='par_1_20' title="bbox 1093 2203 1992 2490">
     <span class='ocr_line' id='line_1_59' title="bbox 1153 2203 1992 2251; baseline 0.01 -8"><span class='ocrx_word' id='word_1_325' title='bbox 1153 2203 1392 2246; x_wconf 78' lang='lat' dir='ltr'><strong>intentius.</strong></span> <span class='ocrx_word' id='word_1_326' title='bbox 1416 2203 1494 2246; x_wconf 83' lang='lat' dir='ltr'><strong>Sic</strong></span> <span class='ocrx_word' id='word_1_327' title='bbox 1507 2203 1607 2247; x_wconf 85' lang='lat' dir='ltr'><strong>edd.</strong></span> <span class='ocrx_word' id='word_1_328' title='bbox 1623 2204 1726 2248; x_wconf 89' lang='lat' dir='ltr'><strong>Ber.</strong></span> <span class='ocrx_word' id='word_1_329' title='bbox 1737 2204 1839 2249; x_wconf 79' lang='lat' dir='ltr'><strong>Ale.</strong></span> <span class='ocrx_word' id='word_1_330' title='bbox 1848 2205 1992 2251; x_wconf 85' lang='lat' dir='ltr'><strong>Rhen.</strong></span> 
     </span>
     <span class='ocr_line' id='line_1_60' title="bbox 1095 2260 1988 2318; baseline 0.007 -17"><span class='ocrx_word' id='word_1_331' title='bbox 1095 2274 1192 2318; x_wconf 83' lang='lat' dir='ltr'><strong>sqq.</strong></span> <span class='ocrx_word' id='word_1_332' title='bbox 1225 2269 1273 2302; x_wconf 84' lang='lat' dir='ltr'><strong>ut</strong></span> <span class='ocrx_word' id='word_1_333' title='bbox 1304 2260 1507 2314; x_wconf 86' lang='lat' dir='ltr'><strong>videtur,</strong></span> <span class='ocrx_word' id='word_1_334' title='bbox 1550 2277 1573 2304; x_wconf 89' lang='lat' dir='ltr'><strong>e</strong></span> <span class='ocrx_word' id='word_1_335' title='bbox 1604 2263 1705 2307; x_wconf 85' lang='lat' dir='ltr'><strong>eod.</strong></span> <span class='ocrx_word' id='word_1_336' title='bbox 1733 2262 1833 2305; x_wconf 87' lang='lat' dir='ltr'><strong>MS.</strong></span> <span class='ocrx_word' id='word_1_337' title='bbox 1864 2263 1988 2307; x_wconf 77' lang='lat' dir='ltr'><strong>Flor-</strong></span> 
     </span>
     <span class='ocr_line' id='line_1_61' title="bbox 1094 2316 1990 2378; baseline 0.006 -20"><span class='ocrx_word' id='word_1_338' title='bbox 1094 2316 1207 2359; x_wconf 85' lang='lat' dir='ltr'><strong>Nam</strong></span> <span class='ocrx_word' id='word_1_339' title='bbox 1234 2317 1463 2361; x_wconf 75' lang='lat' dir='ltr'><strong>Victorius</strong></span> <span class='ocrx_word' id='word_1_340' title='bbox 1485 2318 1600 2361; x_wconf 80' lang='lat' dir='ltr'><strong>hanc</strong></span> <span class='ocrx_word' id='word_1_341' title='bbox 1628 2320 1898 2378; x_wconf 85' lang='lat' dir='ltr'><strong>scripturam</strong></span> <span class='ocrx_word' id='word_1_342' title='bbox 1924 2321 1990 2363; x_wconf 85' lang='lat' dir='ltr'><strong>in-</strong></span> 
     </span>
     <span class='ocr_line' id='line_1_62' title="bbox 1094 2375 1990 2431; baseline 0.003 -15"><span class='ocrx_word' id='word_1_343' title='bbox 1094 2383 1257 2417; x_wconf 84' lang='lat' dir='ltr'><strong>tactam</strong></span> <span class='ocrx_word' id='word_1_344' title='bbox 1273 2375 1471 2431; x_wconf 83' lang='lat' dir='ltr'><strong>reliquit.</strong></span> <span class='ocrx_word' id='word_1_345' title='bbox 1509 2376 1585 2419; x_wconf 88' lang='lat' dir='ltr'><strong>Sic</strong></span> <span class='ocrx_word' id='word_1_346' title='bbox 1597 2386 1639 2420; x_wconf 85' lang='lat' dir='ltr'><strong>et</strong></span> <span class='ocrx_word' id='word_1_347' title='bbox 1648 2377 1749 2420; x_wconf 88' lang='lat' dir='ltr'><strong>MS.</strong></span> <span class='ocrx_word' id='word_1_348' title='bbox 1765 2376 1917 2421; x_wconf 84' lang='lat' dir='ltr'><strong>Guelf.</strong></span> <span class='ocrx_word' id='word_1_349' title='bbox 1933 2402 1990 2411; x_wconf 88' lang='lat'>—</span> 
     </span>
     <span class='ocr_line' id='line_1_63' title="bbox 1093 2431 1962 2490; baseline 0.008 -17"><span class='ocrx_word' id='word_1_350' title='bbox 1093 2431 1209 2478; x_wconf 79' lang='lat' dir='ltr'><strong>Edd.</strong></span> <span class='ocrx_word' id='word_1_351' title='bbox 1232 2432 1351 2490; x_wconf 85' lang='lat' dir='ltr'><strong>Spir.</strong></span> <span class='ocrx_word' id='word_1_352' title='bbox 1374 2433 1475 2476; x_wconf 81' lang='lat' dir='ltr'><strong>Put.</strong></span> <span class='ocrx_word' id='word_1_353' title='bbox 1506 2435 1574 2475; x_wconf 90' lang='lat' dir='ltr'><strong>M.</strong></span> <span class='ocrx_word' id='word_1_354' title='bbox 1588 2442 1640 2479; x_wconf 24' lang='lat' dir='ltr'><strong>&lt;et</strong></span> <span class='ocrx_word' id='word_1_355' title='bbox 1662 2435 1720 2479; x_wconf 90' lang='lat' dir='ltr'><strong>V.</strong></span> <span class='ocrx_word' id='word_1_356' title='bbox 1741 2435 1962 2480; x_wconf 86' lang='lat' dir='ltr'><strong>intentus.</strong></span> 
     </span>
    </p>

    <p class='ocr_par' dir='ltr' id='par_1_21' title="bbox 1090 2489 1991 2715">
     <span class='ocr_line' id='line_1_64' title="bbox 1149 2489 1991 2545; baseline 0.01 -15"><span class='ocrx_word' id='word_1_357' title='bbox 1149 2490 1297 2545; x_wconf 80' lang='lat' dir='ltr'><strong>adfui.</strong></span> <span class='ocrx_word' id='word_1_358' title='bbox 1340 2490 1415 2534; x_wconf 84' lang='lat' dir='ltr'><strong>Sic</strong></span> <span class='ocrx_word' id='word_1_359' title='bbox 1426 2490 1527 2533; x_wconf 91' lang='lat' dir='ltr'><strong>MS.</strong></span> <span class='ocrx_word' id='word_1_360' title='bbox 1542 2489 1694 2535; x_wconf 86' lang='lat' dir='ltr'><strong>Guelf.</strong></span> <span class='ocrx_word' id='word_1_361' title='bbox 1711 2499 1754 2534; x_wconf 83' lang='lat' dir='ltr'><strong>et</strong></span> <span class='ocrx_word' id='word_1_362' title='bbox 1766 2500 1872 2538; x_wconf 85' lang='lat' dir='ltr'><strong>vett.</strong></span> <span class='ocrx_word' id='word_1_363' title='bbox 1889 2493 1991 2538; x_wconf 81' lang='lat' dir='ltr'><strong>edd.</strong></span> 
     </span>
     <span class='ocr_line' id='line_1_65' title="bbox 1094 2548 1991 2610; baseline 0.009 -23"><span class='ocrx_word' id='word_1_364' title='bbox 1094 2561 1251 2591; x_wconf 82' lang='lat' dir='ltr'><strong>omnes</strong></span> <span class='ocrx_word' id='word_1_365' title='bbox 1280 2548 1420 2603; x_wconf 85' lang='lat' dir='ltr'><strong>affui,</strong></span> <span class='ocrx_word' id='word_1_366' title='bbox 1460 2562 1557 2590; x_wconf 89' lang='lat' dir='ltr'><strong>non</strong></span> <span class='ocrx_word' id='word_1_367' title='bbox 1580 2548 1741 2604; x_wconf 83' lang='lat' dir='ltr'><strong>adfui;</strong></span> <span class='ocrx_word' id='word_1_368' title='bbox 1783 2550 1853 2593; x_wconf 85' lang='lat' dir='ltr'><strong>ed.</strong></span> <span class='ocrx_word' id='word_1_369' title='bbox 1872 2549 1991 2610; x_wconf 86' lang='lat' dir='ltr'><strong>Spir.</strong></span> 
     </span>
     <span class='ocr_line' id='line_1_66' title="bbox 1091 2603 1986 2663; baseline 0.011 -21"><span class='ocrx_word' id='word_1_370' title='bbox 1091 2603 1243 2661; x_wconf 82' lang='lat' dir='ltr'><strong>affuit.</strong></span> <span class='ocrx_word' id='word_1_371' title='bbox 1284 2605 1396 2648; x_wconf 87' lang='lat' dir='ltr'><strong>Mox</strong></span> <span class='ocrx_word' id='word_1_372' title='bbox 1418 2605 1487 2647; x_wconf 88' lang='lat' dir='ltr'><strong>ed.</strong></span> <span class='ocrx_word' id='word_1_373' title='bbox 1505 2603 1622 2663; x_wconf 86' lang='lat' dir='ltr'><strong>Spir.</strong></span> <span class='ocrx_word' id='word_1_374' title='bbox 1648 2607 1880 2663; x_wconf 79' lang='lat' dir='ltr'><strong>adfuisse;</strong></span> <span class='ocrx_word' id='word_1_375' title='bbox 1909 2625 1986 2652; x_wconf 87' lang='lat' dir='ltr'><strong>ce-</strong></span> 
     </span>
     <span class='ocr_line' id='line_1_67' title="bbox 1090 2661 1441 2715; baseline 0.011 -14"><span class='ocrx_word' id='word_1_376' title='bbox 1090 2668 1210 2704; x_wconf 81' lang='lat' dir='ltr'><strong>terae</strong></span> <span class='ocrx_word' id='word_1_377' title='bbox 1236 2661 1441 2715; x_wconf 80' lang='lat' dir='ltr'><strong>affuisse.</strong></span> 
     </span>
    </p>

    <p class='ocr_par' dir='ltr' id='par_1_22' title="bbox 1090 2715 1987 2892">
     <span class='ocr_line' id='line_1_68' title="bbox 1149 2715 1987 2780; baseline 0.01 -22"><span class='ocrx_word' id='word_1_378' title='bbox 1149 2725 1247 2760; x_wconf 85' lang='lat' dir='ltr'><strong>tum</strong></span> <span class='ocrx_word' id='word_1_379' title='bbox 1258 2715 1463 2772; x_wconf 76' lang='lat' dir='ltr'><strong>pr&#39;aetor.</strong></span> <span class='ocrx_word' id='word_1_380' title='bbox 1496 2718 1581 2762; x_wconf 89' lang='lat' dir='ltr'><strong>Ed.</strong></span> <span class='ocrx_word' id='word_1_381' title='bbox 1594 2718 1713 2780; x_wconf 87' lang='lat' dir='ltr'><strong>Spir.</strong></span> <span class='ocrx_word' id='word_1_382' title='bbox 1728 2729 1834 2766; x_wconf 86' lang='lat' dir='ltr'><strong>tunc</strong></span> <span class='ocrx_word' id='word_1_383' title='bbox 1845 2736 1987 2778; x_wconf 83' lang='lat' dir='ltr'><strong>prae-</strong></span> 
     </span>
     <span class='ocr_line' id='line_1_69' title="bbox 1090 2774 1986 2836; baseline 0.01 -21"><span class='ocrx_word' id='word_1_384' title='bbox 1090 2781 1182 2818; x_wconf 83' lang='lat' dir='ltr'><strong>tor.</strong></span> <span class='ocrx_word' id='word_1_385' title='bbox 1219 2775 1258 2818; x_wconf 89' lang='lat' dir='ltr'><strong>Is</strong></span> <span class='ocrx_word' id='word_1_386' title='bbox 1279 2774 1392 2818; x_wconf 86' lang='lat' dir='ltr'><strong>liber</strong></span> <span class='ocrx_word' id='word_1_387' title='bbox 1407 2776 1580 2834; x_wconf 86' lang='lat' dir='ltr'><strong>saepius</strong></span> <span class='ocrx_word' id='word_1_388' title='bbox 1594 2794 1677 2835; x_wconf 91' lang='lat' dir='ltr'><strong>pro</strong></span> <span class='ocrx_word' id='word_1_389' title='bbox 1690 2776 1867 2836; x_wconf 77' lang='lat' dir='ltr'><strong>v&#39;ulgato</strong></span> <span class='ocrx_word' id='word_1_390' title='bbox 1884 2789 1986 2824; x_wconf 80' lang='lat' dir='ltr'><strong>tum</strong></span> 
     </span>
     <span class='ocr_line' id='line_1_70' title="bbox 1094 2832 1928 2892; baseline 0.005 -17"><span class='ocrx_word' id='word_1_391' title='bbox 1094 2832 1225 2875; x_wconf 85' lang='lat' dir='ltr'><strong>habet</strong></span> <span class='ocrx_word' id='word_1_392' title='bbox 1247 2840 1379 2881; x_wconf 81' lang='lat' dir='ltr'><strong>tunc,</strong></span> <span class='ocrx_word' id='word_1_393' title='bbox 1412 2842 1460 2876; x_wconf 85' lang='lat' dir='ltr'><strong>ut</strong></span> <span class='ocrx_word' id='word_1_394' title='bbox 1485 2849 1624 2892; x_wconf 86' lang='lat' dir='ltr'><strong>porro</strong></span> <span class='ocrx_word' id='word_1_395' title='bbox 1647 2835 1928 2881; x_wconf 87' lang='lat' dir='ltr'><strong>docebimus.</strong></span> 
     </span>
    </p>

    <p class='ocr_par' dir='ltr' id='par_1_23' title="bbox 1095 2889 1986 3003">
     <span class='ocr_line' id='line_1_71' title="bbox 1151 2889 1986 2943; baseline 0.01 -13"><span class='ocrx_word' id='word_1_396' title='bbox 1151 2892 1353 2943; x_wconf 78' lang='lat' dir='ltr'><strong>collegio.</strong></span> <span class='ocrx_word' id='word_1_397' title='bbox 1444 2889 1521 2934; x_wconf 89' lang='lat' dir='ltr'><strong>Sic</strong></span> <span class='ocrx_word' id='word_1_398' title='bbox 1572 2900 1679 2936; x_wconf 79' lang='lat' dir='ltr'><strong>vett.</strong></span> <span class='ocrx_word' id='word_1_399' title='bbox 1739 2892 1843 2937; x_wconf 88' lang='lat' dir='ltr'><strong>libri</strong></span> <span class='ocrx_word' id='word_1_400' title='bbox 1897 2895 1986 2938; x_wconf 87' lang='lat' dir='ltr'><strong>mei</strong></span> 
     </span>
     <span class='ocr_line' id='line_1_72' title="bbox 1095 2951 1641 3003; baseline 0.005 -15"><span class='ocrx_word' id='word_1_401' title='bbox 1095 2963 1251 2989; x_wconf 83' lang='lat' dir='ltr'><strong>onmes</strong></span> <span class='ocrx_word' id='word_1_402' title='bbox 1269 2981 1278 2996; x_wconf 85' lang='lat'><strong>‚</strong></span> <span class='ocrx_word' id='word_1_403' title='bbox 1309 2963 1402 2989; x_wconf 88' lang='lat' dir='ltr'><strong>non</strong></span> <span class='ocrx_word' id='word_1_404' title='bbox 1421 2951 1641 3003; x_wconf 75' lang='lat' dir='ltr'><strong>conlegio.</strong></span> 
     </span>
    </p>

    <p class='ocr_par' dir='ltr' id='par_1_24' title="bbox 1148 3005 1929 3064">
     <span class='ocr_line' id='line_1_73' title="bbox 1148 3005 1929 3064; baseline 0.008 -18"><span class='ocrx_word' id='word_1_405' title='bbox 1148 3005 1426 3059; x_wconf 80' lang='lat' dir='ltr'><strong>antiquitus.</strong></span> <span class='ocrx_word' id='word_1_406' title='bbox 1485 3006 1568 3049; x_wconf 85' lang='lat' dir='ltr'><strong>Ed.</strong></span> <span class='ocrx_word' id='word_1_407' title='bbox 1595 3007 1713 3063; x_wconf 81' lang='lat' dir='ltr'><strong>Spir.</strong></span> <span class='ocrx_word' id='word_1_408' title='bbox 1739 3009 1929 3064; x_wconf 76' lang='lat' dir='ltr'><strong>antiqui.</strong></span> 
     </span>
    </p>

    <p class='ocr_par' dir='ltr' id='par_1_25' title="bbox 1092 3064 1983 3174">
     <span class='ocr_line' id='line_1_74' title="bbox 1151 3064 1983 3117; baseline 0.008 -14"><span class='ocrx_word' id='word_1_409' title='bbox 1151 3064 1541 3117; x_wconf 80' lang='lat' dir='ltr'><strong>exsequebantur.</strong></span> <span class='ocrx_word' id='word_1_410' title='bbox 1606 3064 1721 3107; x_wconf 76' lang='lat' dir='ltr'><strong>vett.</strong></span> <span class='ocrx_word' id='word_1_411' title='bbox 1758 3065 1859 3108; x_wconf 79' lang='lat' dir='ltr'><strong>libri</strong></span> <span class='ocrx_word' id='word_1_412' title='bbox 1892 3066 1983 3110; x_wconf 87' lang='lat' dir='ltr'><strong>mei</strong></span> 
     </span>
     <span class='ocr_line' id='line_1_75' title="bbox 1092 3121 1945 3174; baseline 0.006 -13"><span class='ocrx_word' id='word_1_413' title='bbox 1092 3134 1250 3162; x_wconf 87' lang='lat' dir='ltr'><strong>omnes</strong></span> <span class='ocrx_word' id='word_1_414' title='bbox 1272 3121 1648 3174; x_wconf 79' lang='lat' dir='ltr'><strong>exequebantur,</strong></span> <span class='ocrx_word' id='word_1_415' title='bbox 1681 3129 1730 3164; x_wconf 85' lang='lat' dir='ltr'><strong>ut</strong></span> <span class='ocrx_word' id='word_1_416' title='bbox 1753 3138 1844 3165; x_wconf 88' lang='lat' dir='ltr'><strong>sem</strong></span> <span class='ocrx_word' id='word_1_417' title='bbox 1882 3139 1945 3167; x_wconf 86' lang='lat' dir='ltr'><strong>er.</strong></span> 
     </span>
    </p>

    <p class='ocr_par' dir='ltr' id='par_1_26' title="bbox 1090 3178 1981 3334">
     <span class='ocr_line' id='line_1_76' title="bbox 1147 3178 1980 3224; baseline 0.007 -6"><span class='ocrx_word' id='word_1_418' title='bbox 1147 3178 1562 3220; x_wconf 76' lang='lat' dir='ltr'><strong>caerimoniarum.</strong></span> <span class='ocrx_word' id='word_1_419' title='bbox 1622 3178 1700 3222; x_wconf 83' lang='lat' dir='ltr'><strong>Sic</strong></span> <span class='ocrx_word' id='word_1_420' title='bbox 1731 3178 1831 3223; x_wconf 87' lang='lat' dir='ltr'><strong>edd.</strong></span> <span class='ocrx_word' id='word_1_421' title='bbox 1901 3180 1980 3224; x_wconf 88' lang='lat' dir='ltr'><strong>he-</strong></span> 
     </span>
     <span class='ocr_line' id='line_1_77' title="bbox 1092 3236 1981 3295; baseline 0.008 -21"><span class='ocrx_word' id='word_1_422' title='bbox 1092 3248 1195 3274; x_wconf 87' lang='lat' dir='ltr'><strong>nan.</strong></span> <span class='ocrx_word' id='word_1_423' title='bbox 1230 3248 1281 3289; x_wconf 88' lang='lat' dir='ltr'><strong>sq</strong></span> <span class='ocrx_word' id='word_1_424' title='bbox 1318 3264 1355 3284; x_wconf 88' lang='lat'><strong>.‚</strong></span> <span class='ocrx_word' id='word_1_425' title='bbox 1405 3236 1771 3279; x_wconf 81' lang='lat' dir='ltr'><strong>cerimoniarum</strong></span> <span class='ocrx_word' id='word_1_426' title='bbox 1805 3237 1981 3295; x_wconf 85' lang='lat' dir='ltr'><strong>priores</strong></span> 
     </span>
     <span class='ocr_line' id='line_1_78' title="bbox 1090 3288 1435 3334; baseline 0.003 -3"><span class='ocrx_word' id='word_1_427' title='bbox 1090 3307 1130 3334; x_wconf 88' lang='lat' dir='ltr'><strong>c.</strong></span> <span class='ocrx_word' id='word_1_428' title='bbox 1159 3288 1260 3332; x_wconf 88' lang='lat' dir='ltr'><strong>MS.</strong></span> <span class='ocrx_word' id='word_1_429' title='bbox 1332 3289 1435 3333; x_wconf 85' lang='lat' dir='ltr'><strong>uelf.</strong></span> 
     </span>
    </p>

    <p class='ocr_par' dir='ltr' id='par_1_27' title="bbox 1090 3348 1981 3459">
     <span class='ocr_line' id='line_1_79' title="bbox 1147 3348 1981 3402; baseline 0.012 -15"><span class='ocrx_word' id='word_1_430' title='bbox 1147 3349 1355 3402; x_wconf 78' lang='lat' dir='ltr'><strong>interque</strong></span> <span class='ocrx_word' id='word_1_431' title='bbox 1379 3361 1472 3392; x_wconf 90' lang='lat' dir='ltr'><strong>eos.</strong></span> <span class='ocrx_word' id='word_1_432' title='bbox 1530 3348 1628 3392; x_wconf 91' lang='lat' dir='ltr'><strong>MS.</strong></span> <span class='ocrx_word' id='word_1_433' title='bbox 1647 3350 1802 3396; x_wconf 87' lang='lat' dir='ltr'><strong>Guelf.</strong></span> <span class='ocrx_word' id='word_1_434' title='bbox 1826 3353 1981 3396; x_wconf 84' lang='lat' dir='ltr'><strong>inter-</strong></span> 
     </span>
     <span class='ocr_line' id='line_1_80' title="bbox 1090 3405 1301 3459; baseline 0.009 -15"><span class='ocrx_word' id='word_1_435' title='bbox 1090 3418 1174 3459; x_wconf 81' lang='lat' dir='ltr'><strong>que</strong></span> <span class='ocrx_word' id='word_1_436' title='bbox 1200 3405 1301 3446; x_wconf 80' lang='lat' dir='ltr'><strong>hos.</strong></span> 
     </span>
    </p>

    <p class='ocr_par' dir='ltr' id='par_1_28' title="bbox 1090 3460 1978 3582">
     <span class='ocr_line' id='line_1_81' title="bbox 1145 3460 1978 3523; baseline 0.012 -21"><span class='ocrx_word' id='word_1_437' title='bbox 1145 3460 1199 3502; x_wconf 85' lang='lat' dir='ltr'><strong>L.</strong></span> <span class='ocrx_word' id='word_1_438' title='bbox 1226 3460 1474 3505; x_wconf 80' lang='lat' dir='ltr'><strong>Domitius.</strong></span> <span class='ocrx_word' id='word_1_439' title='bbox 1533 3464 1616 3508; x_wconf 88' lang='lat' dir='ltr'><strong>Ed.</strong></span> <span class='ocrx_word' id='word_1_440' title='bbox 1638 3466 1754 3523; x_wconf 87' lang='lat' dir='ltr'><strong>Spir.</strong></span> <span class='ocrx_word' id='word_1_441' title='bbox 1780 3467 1835 3510; x_wconf 89' lang='lat' dir='ltr'><strong>L.</strong></span> <span class='ocrx_word' id='word_1_442' title='bbox 1865 3484 1978 3512; x_wconf 84' lang='lat' dir='ltr'><strong>nero</strong></span> 
     </span>
     <span class='ocr_line' id='line_1_82' title="bbox 1090 3517 1845 3582; baseline 0.013 -24"><span class='ocrx_word' id='word_1_443' title='bbox 1090 3517 1333 3561; x_wconf 83' lang='lat' dir='ltr'><strong>Domitius</strong></span> <span class='ocrx_word' id='word_1_444' title='bbox 1355 3535 1405 3562; x_wconf 87' lang='lat' dir='ltr'><strong>ex</strong></span> <span class='ocrx_word' id='word_1_445' title='bbox 1429 3520 1845 3582; x_wconf 75' lang='lat' dir='ltr'><strong>interpretamenm.</strong></span> 
     </span>
    </p>
   </div>
  </div>
 </body>
</html>
