2164 3990
189 260 308 322 166

761 291 765 300 ’-
849 253 1366 320 ANNA-LI-UM
1410 275 1411 278 ’

1862 80 1864 82 .
2044 59 2155 77 ·''‘

2023 116 2154 132 ’1,

2048 187 2076 202 S

1734 250 1857 297 Alf,
1877 251 1968 298 8091.

1735 303 1787 338 A.
1807 300 1876 339 C.-
1904 302 1970 338 56.
1996 310 1999 311 ’

190 404 363 467 gustu
435 367 880 468 explorabatur,
963 410 1041 446 ne
1101 390 1471 473 omitteretur
1542 389 1881 454 institutum
1957 406 2060 459 aut
2091 420 2164 466 ις.»

190 471 500 555 utriusque
534 489 724 537 morte
760 477 1110 553 proderetur
1143 476 1360 546 sceIUS,
1411 475 1545 548 talis
1581 478 1755 535 dqus
1789 490 2059 555 repertus
2112 528 2117 530 .

147 600 150 602 -
195 576 299 624 est.

387 563 631 620 innoxia
675 559 869 620 adhuc
905 581 971 618 ac
1004 560 1336 636 praecalida
1375 575 1435 621 et
1468 563 1652 620 libata
1685 575 1861 638 gustu
1884 566 2059 640 'potio

193 649 451 708 traditur
472 648 851 706 Britannico:
898 647 1038 703 dein
1055 691 1072 716 ,
1111 657 1424 724 postquam
1444 650 1675 705 fer-vore
1702 652 2060 724 aspernaba-

195 747 320 805 tur,
393 735 611 809 frigida
653 735 718 790 in
766 753 919 810 aqua
968 732 1317 789 adfunditur
1363 753 1693 804 venenum,
1766 738 1927 811 quod
1979 738 2059 794 ita

199 831 442 879 cunctos
465 821 590 877 eius
612 830 771 875 artus
799 818 1086 895 pervasit,
1137 830 1206 876 ut
1227 837 1343 874 vox
1367 819 1587 894 pariter
1611 833 1666 877 et
1694 821 1935 896 spiritus
1963 844 2062 879 ra-

199 918 499 983 perentur.

118 1067 124 1077 k
200 993 623 1075 imprudentes,

607 903 938 979 trepidatur
991 925 1023 961 a
1078 903 1674 974 circumsedentibus,
1738 907 2061 981 diffugiunt

707 1001 767 1047 at
793 991 1010 1067 quibus
1036 990 1212 1047 altior
1237 989 1601 1059 intellectUS,
1642 991 1923 1051 resistunt
1957 995 2061 1050 de-

199 1078 302 1134 fixi
325 1089 381 1135 et
398 1076 700 1135 Neronem
725 1076 1039 1135 intuentes,
1101 1073 1210 1131 Ille
1225 1121 1241 1144 ,
1282 1085 1352 1130 ut
1374 1085 1498 1131 erat
1519 1075 1759 1131 reclinis
1784 1087 1840 1148 et
1862 1072 2060 1137 nescio

203 1163 442 1233 similis,
468 1160 710 1219 solitum
733 1161 815 1220 ita
842 1162 925 1218 ait
948 1181 1054 1237 per
1081 1161 1434 1217 comitialem
1461 1162 1771 1230 morbum,
1798 1165 1917 1238 quo
1939 1165 2065 1238 pri·-

202 1268 367 1305 mum
403 1249 477 1306 ab
510 1247 761 1304 infantia
797 1248 1195 1305 adflictaretur
1226 1244 1636 1316 BritanniCUS,
1681 1257 1737 1303 et
1770 1248 2066 1328 redituros

203 1477 252 1513 ut
286 1467 370 1514 sibi
403 1476 630 1513 constaret
665 1468 719 1512 de
754 1469 939 1515 veritate
974 1469 1097 1513 cibo·

201 1544 349 1582 rum,3
367 1527 442 1571 sed
475 1535 523 1570 ut
553 1543 603 1583 ex
632 1527 726 1570 eius
751 1535 881 1586 gustu
906 1527 1100 1586 principi

203 1585 346 1637 cibus'
364 1584 616 1644 exploratus
655 1594 769 1628 esset
801 1585 844 1628 h.
868 1601 906 1629 e.
931 1588 1102 1638 explo-

203 1644 403 1685 rabatur
425 1657 488 1684 ex
509 1643 716 1686 ministri
733 1649 885 1696 gusta.
946 1643 1104 1685 Kiess-

204 1697 371 1758 lingius
395 1709 549 1744 censet
572 1700 840 1759 legendum:
871 1701 999 1743 cibas
1014 1716 1103 1756 po-

202 1763 368 1815 casque
419 1760 514 1801 eius
563 1758 730 1801 delecti
784 1774 849 1801 ex
896 1759 1106 1802 mim'stri

195 1824 340 1871 gusta
360 1818 720 1871 explorabatur.

261 1928 320 1956 ne
376 1916 694 1960 omitteretur.
785 1917 921 1961 MSS.
975 1917 1098 1961 Flor.

202 1971 320 2028 (test.
342 1973 482 2027 Vict.)
517 1971 670 2017 Guelf.
707 1975 809 2018 edd.
843 1975 964 2032 Spir.
995 1975 1099 2018 Put.

205 2029 274 2074 M.
296 2036 339 2071 et
351 2028 406 2072 V.
431 2045 487 2073 ne
509 2031 768 2082 orniam-et,
805 2034 927 2091 quod
950 2032 1102 2077 nescio

205 2101 261 2130 an
297 2086 473 2131 defendi
513 2089 650 2147 possit
685 2098 818 2149 atque
850 2090 1008 2134 referri
1046 2090 1104 2133 ad

207 2143 457 2188 Neronem.
557 2146 754 2190 Facilior
811 2156 876 2192 est
930 2148 1104 2206 vulgata

206 2202 454 2260 scriptura,
497 2217 631 2262 quam
667 2206 829 2250 dedere
864 2206 967 2250 Ber.
1001 2204 1102 2249 Alc.

205 2257 413 2304 Rhenan.
436 2276 536 2319 sqq.
560 2263 716 2308 unde?
758 2280 852 2309 non
878 2264 1103 2323 proditur.

206 2316 292 2360 Ed.
317 2317 437 2376 Spir.
465 2330 508 2361 et
529 2319 634 2363 MS.-
657 2319 808 2365 Gueif.
833 2325 965 2366 etiam
986 2337 1101 2377 pro-

205 2378 448 2434 deret-pro
472 2381 777 2432 proderetur.
837 2379 1005 2423 Eadem
1031 2378 1103 2422 ed.

209 2433 326 2490 Spir.
368 2450 424 2476 ac
457 2435 614 2477 libatax
644 2451 730 2495 pro
766 2440 908 2489 et.l.;
961 2440 1108 2479 datur

208 2505 294 2588 psi-o
315 2495 537 2536 traditur.
590 2493 684 2536 Sub
707 2510 816 2539 voce
834 2494 1108 2550 praecalida

254 2547 438 2597 ictor-ius
471 2550 696 2594 adnotavit
724 2552 866 2597 ¹haec:
915 2551 1110 2605 „Calida

210 2605 332 2648 enim
394 2609 650 2652 utebantur.
738 2612 973 2655 Ammian.
1031 2611 1108 2653 lib.

210 2661 422 2706 xxv111.
456 2665 553 2710 585.
593 2681 745 2724 neque
781 2685 959 2726 aquam
989 2671 1110 2720 vulg.

211 2721 492 2776 calefaceret
522 2739 793 2783 quanquam
828 2735 917 2770 etc.
951 2735 994 2770 et
1028 2741 1111 2769 eo-

213 2780 316 2823 dem
351 2780 466 2823 iibro
488 2782 587 2826 586.
624 2793 673 2825 ut
706 2786 750 2827 si
778 2799 955 2841 aquam
987 2783 1108 2826 cali-

211 2840 325 2880 dor‘n
354 2841 538 2882 tardius
561 2845 771 2885 attulerit
790 2856 950 2886 servus
980 2840 1108 2885 etc.”

211 2893 389 2954 Lipsius
421 2897 566 2941 adfert
588 2899 741 2943 locum
770 2900 950 2943 Arrian.
976 2901 1011 2950 1,
1038 2897 1107 2941 13.

212 2952 371 2997 senen.
396 2953 451 3036 de
475 2953 542 2999 ira
565 2956 606 3009 Ξ,
630 2956 703 3002 25.

272 3054 563 3111 adfunditur.
592 3057 696 3106 MS.
709 3057 835 3102 Flor.
858 3058 973 3112 (test.
987 3053 1109 3098 Viet.

216 3128 257 3155 c.
287 3113 446 3163 Pich.)..
473 3117 751 3171 affunditur.
832 3114 895 3158 lta
929 3124 972 3157 et
1001 3112 1107 3162 MS.

214 3168 331 3213 Bud.
347 3181 389 3215 et
403 3172 508 3217 inde
521 3173 664 3217 Rben.
675 3189 773 3231 sqq.
786 3194 842 3206 --
854 3171 1111 3226 effunditur·

216 3226 287 3269 ed.
303 3230 421 3285 Spir.
445 3259 502 3267 —-
534 3233 804 3288 infunditur
826 3229 963 3274 MSS.
981 3227 1107 3272 Harl.

214 3282 348 3327 Bodl.
376 3287 456 3331 les.
485 3289 636 3333 Guelf.
661 3289 760 3332 edd.
787 3289 886 3331 Fut.
910 3288 977 3331 M.
994 3294 1036 3329 et
1052 3286 1106 3330 V.

215 3341 425 3445 ἓεέεέεἱά.
471 3347 573 3392 Alc.
645 3346 719 3393 Cf.
771 3347 812 3399 6,
863 3346 936 3390 28.
994 3344 1108 3388 Hist.

276 3488 372 3530 eius
389 3495 538 3531 ortus.
600 3490 684 3535 Ed.
698 3490 817 3549 Spir.
839 3497 974 3533 artus
994 3487 1111 3533 eius-

217 3543 385 3588 Eadem
407 3545 552 3589 etiam
576 3548 768 3602 spiritus
791 3564 872 3606 pro
904 3554 947 3589 et
977 3545 1111 3601 Sp1‘r1'-

218 3609 311 3648 tus.
364 3603 478 3649 Post
497 3605 688 3659 spiritus
710 3604 941 3649 Ernestius
963 3610 1112 3648 aucto·

1169 1468 1299 1512 ritate
1318 1467 1421 1512 MS.
1447 1467 1558 1526 Reg.
1589 1466 1749 1512 delevit
1780 1470 1899 1520 eius,
1945 1474 2067 1531 quod

1171 1527 1296 1586 prius
1325 1526 1558 1569 edebatur.
1618 1526 1721 1570 MS.
1743 1527 1933 1573 Bud.·id
1965 1547 2066 1589 pro-

1175 1600 1342 1628 nomen
1364 1583 1493 1642 ponit
1516 1593 1620 1642 post
1641 1599 1752 1628 vox.

1233 1684 1516 1742 trepidatur.
1574 1683 1936 1733 sie,MS.Guelf.
1962 1689 2067 1734 edd.

1175 1750 1285 1787 vett.
1335 1742 1460 1797 (cum
1513 1741 1692 1785 silentio
1741 1742 1965 1802 Victorii).
2011 1775 2070 1782 -—

1173 1800 1273 1845 MS.
1297 1799 1414 1842 Bud.
1439 1807 1482 1842 et
1503 1798 1608 1842 iude
1629 1799 1774 1844 Rhen.
1797 1817 1896 1859 sqq.
1925 1805 2067 1859 trepi-

1172 1862 1356 1901 datum.
1421 1858 1637 1901 Veterem
1676 1857 1944 1917 scripturam
1980 1861 2069 1904 Er-

1175 1914 1343 1959 nestius
1389 1914 1602 1958 restituit.
1686 1914 1778 1958 Pro
1825 1919 2100 1962 circumse-‘

1174 1975 1390 2016 dentibus
1401 1972 1502 2016 MS.
1514 1972 1594 2016 Ies.
1617 1971 1748 2016 habet
1769 1975 2070 2020 circumstan-

1177 2032 1311 2074 tibus.

1233 2113 1437 2158 reclinis.
1525 2113 1602 2158 Sic
1642 2112 1745 2157 MS.
1785 2114 1908 2170 Flor.
1951 2117 2069 2173 (test.

1175 2172 1319 2227 Viet.)
1361 2171 1462 2215 edd.
1502 2180 1689 2215 recentt.
1732 2172 1835 2215 inde
1880 2191 1903 2217 a
1936 2175 2070 2233 Lipsii

1206 2231 1336 2276 rima.
1366 2257 1425 2265 -
1464 2231 1643 2273 reclivis
1667 2229 1768 2273 MS.
1795 2229 1948 2278 Guels.
1970 2235 2071 2278 edd,

1241 2288 1293 2330 il'.
1318 2286 1421 2329 Put.
1451 2287 1520 2331 M·
1542 2296 1585 2330 et
1605 2287 1658 2331 V.
1685 2287 1789 2330 ΒΕΓ.
1804 2287 1908 2339 Alc,
1926 2290 2070 2336 Rhea,

1178 2347 1214 2392 A
1237 2345 1278 2390 d.
1339 2343 1401 2388 cf.
1427 2354 1523 2388 not.
1551 2344 1607 2390 ad.
1628 2346 1697 2394 14,
1721 2346 1765 2388 5.

1236 2462 1326 2504 quo
1338 2447 1551 2502 primum
1565 2449 1624 2488 ab
1640 2446 1849 2503 infantia
1884 2447 1961 2493 Sic
1973 2449 2074 2495 libri

1180 2504 1285 2548 vett.
1319 2521 1474 2548 omnes
1506 2514 1680 2563 praeter
1704 2506 1806 2550 cod.
1833 2505 1934 2556 MS.
1960 2507 2073 2566 Agr.

1182 2565 1257 2620 qui
1286 2563 1360 2605 dat
1382 2564 1570 2618 prima,
1610 2563 1744 2617 idque
1775 2565 1952 2609 volebat
1973 2566 2076 2609 Aci·

1182 2621 1338 2666 dalius.
1400 2620 1730 2662 Freinshemius
1763 2622 1972 2669 primum
2005 2639 2075 2667 ac·

1180 2679 1290 2737 cipit
1312 2693 1391 2735 pro
1410 2679 1682 2730 plurimum.
1743 2678 1924 2723 Frustra
1946 2688 2072 2724 uter-

1183 2752 1286 2793 que.
1357 2734 1520 2776 Prima
1552 2737 1612 2776 ab
1647 2735 1848 2791 infantia
1883 2746 1948 2781 est
1983 2751 2075 2781 van

1165 2796 1411 2849 frithester
1436 2791 1666 2834 Kiadlaeit
1689 2808 1752 2834 an
1777 2793 1917 2848 (ef..1‚
1930 2795 1974 2853 4)
1984 2826 2000 2849 ,
2026 2806 2077 2839 ut

1179 2851 1239 2895 ita
1265 2851 1423 2903 prima
1458 2850 1667 2905 infantia
1698 2864 1756 2907 op
1791 2860 1956 2895 onatm·
1985 2868 2074 2909 po-

1179 2908 1371 2952 sceriort
1387 2907 1614 2962 infantiae
1637 2907 1680 2951 h.
1697 2924 1734 2950 e.
1801 2907 2075 2954 ritannicum

1179 2964 1394 3010 infantem
1420 2981 1512 3007 non
1535 2964 1710 3018 solum,
1738 2966 1814 3009 sed
1838 2968 1970 3012 etiam
1994 2967 2076 3011 mi·

1182 3025 1304 3066 nima
1356 3021 1567 3066 infantiae
1620 3031 1760 3066 aetate
1800 3025 2074 3070 adflictatum

1183 3097 1276 3124 esse
1315 3080 1478 3123 morbo
1522 3080 1754 3124 comitiali.
1836 3081 1976 3138 Quod
2017 3101 2075 3128 an

1182 3138 1267 3181 sibi
1299 3137 1404 3180 velit
1436 3137 1584 3191 Nero,
1634 3138 1736 3181 satis
1771 3138 1945 3185 dubito.
2014 3141 2077 3184 At

1177 3197 1388 3250 primum
1411 3196 1469 3238 ab
1493 3196 1699 3252 infantia
1722 3205 1786 3239 est
1814 3200 1957 3240 sehon
1986 3213 2075 3240 von

1180 3246 1409 3295 Kindhbit
1448 3269 1512 3295 an
1558 3255 1625 3296 vel
1654 3252 1776 3308 sru'h
1809 3254 1954 3298 sehon
1986 3269 2074 3296 von

1183 3311 1359 3354 Kindlz.
1406 3326 1497 3362 an,
1549 3319 1597 3354 ut
1638 3311 1696 3353 ita
1734 3309 1946 3360 infantia,
1997 3312 2074 3356 ubi

1180 3368 1379 3429 primum
1428 3367 1757 3416 adflictaretur,
1818 3379 2076 3426 opponatur

1180 3426 1506 3471 adolescentiae
1524 3426 1595 3471 vel
1615 3423 1826 3483 pueritiae
1843 3442 1930 3485 qua
1954 3443 2078 3472 nunc

1183 3494 1261 3528 est.
1322 3483 1423 3528 Hoc
1456 3484 1538 3527 sibi
1573 3482 1684 3526 velte
1717 3481 1947 3526 Neronem
1981 3500 2076 3528 non

1182 3550 1247 3585 est
1279 3542 1401 3599 quod
1432 3541 1610 3584 uberius
1640 3540 1844 3584 doceam.
1902 3539 2075 3588 Eodem

1184 3599 1431 3659 significatu
1449 3599 1659 3654 primum
1682 3596 1843 3655 legitur
1866 3599 1932 3652 14,
1952 3598 2023 3645 63.
