2164 3990
225 223 275 259 A.
289 222 438 264 1108ss-

222 270 272 304 A.
292 268 338 304 C.
377 268 439 301 03.

665 226 836 288 ΜΒ.
866 226 1032 290 XIV.
1063 220 1071 227 ’
1111 226 1305 290 cAP.
1344 229 1474 321 56,
1860 237 1987 295 307

78 426 81 436 ¹
304 355 462 417 LVI.
488 351 750 426 „Verum
777 367 834 414 et
859 357 969 414 tibi
986 358 1180 416 valida
1205 371 1360 417 aetas
1381 360 1674 437 rebusque
1697 374 1752 420 et
1771 364 1992 422 fructui

123 440 380 515 „rerum
405 441 712 509 sufficienS,
725 453 783 498 et
802 462 910 498 nos
930 444 1121 518 prima-
1144 444 1380 519 imperii
1398 446 1583 520 spatia
1605 445 1991 520 ingredimur,

137 528 303 599 „nisi
322 528 473 583 forte
497 538 596 583 aut
620 538 675 583 te
689 524 931 583 Vitellio
957 539 1046 584 ter
1066 529 1296 585 consuli
1321 542 1422 588 aut
1443 550 1537 586 me
1548 528 1798 589 Claudio
1825 546 1990 609 post-

130 613 374 688 1‚‚p0nis.
457 611 572 669 Sed
601 623 885 686 quantum
902 611 1149 669 Volusio
1176 614 1350 687 longa
1372 616 1733 690 parcimonia
1759 619 1991 694 quaesi-

138 740 172 768 ‚‚
186 699 299 767 vit,
363 708 595 754 tantum
630 696 695 751 in
727 707 783 753 te
820 717 948 752 mea
988 698 1308 754 liberalitas
1349 699 1577 774 explere
1617 721 1741 757 non
1779 714 1989 777 potest.

139 782 358 855 „Quin‚
385 782 435 837 si
451 802 564 857 qua
588 781 653 836 in
675 793 838 855 parte
863 782 1159 839 lubricum
1183 785 1605 841 adolescentiae
1627 798 1860 843 nostrae
1886 790 1991 844 de—

143 867 403 939 „c'linat‚
445 886 682 923 revocas
728 879 1120 944 ornatumque
1152 869 1339 926 robur
1373 870 1636 927 subsidio
1667 871 1990 948 impensius

200 1085 312 1130 CAP.
333 1084 404 1128 56.
469 1086 644 1128 Verum
669 1094 713 1128 et
737 1087 844 1130 tibi.
863 1117 876 1129 .
893 1118 904 1129 .
922 1118 932 1129 .
958 1086 1030 1128 in·

140 1145 392 1199 gredimur.
471 1143 593 1186 Nero
642 1143 728 1187 hoc
775 1143 859 1187 sibi
909 1144 1028 1186 vult:

1099 1093 1193 1129 not.
1217 1087 1271 1130 ad
1294 1103 1336 1131 c.
1359 1088 1430 1131 21.
1464 1113 1521 1122 -—-
1561 1089 1664 1133 MS.
1686 1089 1728 1134 A
1790 1123 1800 1135 .
1821 1093 1907 1134 sed
1926 1107 1991 1135 an

1101 1152 1343 1199 quantum.
1404 1146 1535 1190 MSS.
1561 1146 1713 1192 Guelf.
1774 1149 1850 1192 ud.
1885 1151 1991 1204 (see.

142 1218 269 1261 posse
305 1200 450 1244 adbuc
482 1202 527 1243 in
558 1201 775 1243 Senecam
809 1200 1027 1250 conferri,

145 1276 160 1300 t
179 1275 255 1301 uae
277 1259 477 1300 nondum
503 1258 750 1314 acceperim
785 1274 887 1300 nam
911 1259 1024 1302 vali-

143 1276 242 1360 dam
282 1315 346 1357 illi
386 1324 568 1358 aetatem
607 1323 689 1358 etc.
737 1323 778 1358 et
810 1329 856 1357 se
889 1316 1035 1372 prima

142 1382 229 1417 etc.
310 1373 399 1429 Pro
439 1372 627 1427 fructui
669 1372 738 1414 ed.
787 1372 905 1430 Spir.
960 1373 1034 1415 dat

128 1430 310 1486 fructu.
391 1428 542 1476 Guelf.
590 1431 909 1483 ingrediemur
945 1446 1031 1489 pro

140 1487 447 1541 ingredimur.

193 1540 446 1599 postponis.
505 1543 582 1587 Sic
615 1543 751 1587 MSS.
790 1544 914 1588 Flor.
947 1545 1030 1600 (sc.

141 1616 221 1660 per
252 1601 568 1658 compendium
606 1599 773 1655 lipom's
804 1611 902 1645 test.
945 1604 1032 1646 tac.

142 1658 399 1714 Gronovio)
443 1657 507 1700 Re
544 1691 553 1700 .
596 1659 694 1702 edd.
731 1659 906 1702 Broter.
941 1660 1033 1702 Er-

144 1724 261 1759 nest.
304 1732 406 1773 sqq.
495 1675 724 1760 &ictorum
766 1725 914 1759 tamen
959 1717 1032 1759 in-

142 1782 312 1818 tactum
359 1772 563 1830 reliquit,
621 1772 906 1831 defenditque
950 1774 1031 1818 Pi·-

143 1830 281 1874 chena
307 1832 561 1885 praeponis
593 1832 714 1889 quod
742 1841 805 1873 est
828 1834 872 1873 in
898 1832 1032 1876 MSS.

141 1888 255 1931 Bud.
269 1887 420 1932 Guelf.
447 1888 631 1945 aliisque
647 1920 658 1936 ,
683 1889 781 1930 edd.
797 1888 912 1947 Spir.
929 1890 1033 1934 Put.

142 1946 209 1989 M.
234 1955 274 1987 et
287 1947 342 1989 V.
359 1946 459 1989 Ber.
477 1947 576 1987 Alc.
591 1946 734 1988 Rhen.
752 1962 849 2003 sqq.
892 1945 1034 1990 Com-

142 2003 360 2060 pendium
398 2003 643 2060 scripturae
673 2013 715 2046 et
746 2003 820 2046 hic
844 2004 1029 2047 varieta-

143 2069 232 2103 tem
267 2060 437 2111 attulit,
460 2068 521 2103 vet
557 2059 604 2103 in
640 2061 742 2103 MS.
777 2060 929 2103 Guelf.
967 2070 1032 2104 est

137 2119 311 2176 fipom's
364 2118 426 2172 (h.
474 2133 511 2160 e.
560 2118 853 2172 praeponis).
938 2120 1029 2161 lam

139 2177 395 2231 praeponis
418 2176 452 2217 si
475 2174 603 2233 legis,
634 2183 729 2217 tum
755 2174 874 2217 Nero
899 2177 1031 2219 dicit:

143 2234 236 2278 Nisi
267 2233 386 2276 *forte
416 2238 544 2291 putas
573 2240 619 2274 te·
641 2233 794 2275 omnia
815 2229 918 2277 satis
939 2250 1037 2291 per·

144 2291 336 2350 cepisse,
375 2306 487 2348 quae
520 2289 728 2348 princeps
759 2291 806 2332 in
841 2291 1035 2333 amicum

131 2348 378 2392 ‘cumulare
399 2348 562 2406 possit,
586 2355 626 2388 et
648 2349 774 2403 plura
798 2365 821 2390 a
842 2364 915 2390 me
939 2362 1035 2404 per-

145 2407 311 2463 cepisse
334 2421 467 2460 quam
481 2403 726 2454 Vitellium,
751 2405 828 2461 qui
852 2415 1036 2447 auctore

145 2463 334 2507 Claudio
376 2471 443 2505 ter
484 2461 646 2504 consul
690 2461 834 2505 factus
881 2470 969 2512 est,
1012 2480 1034 2505 a

149 2537 237 2577 quo
280 2520 454 2576 fastigio
494 2529 540 2561 tu
582 2517 715 2574 longe
757 2520 875 2562 abes.
955 2518 1035 2561 Sin

146 2593 257 2623 vero
279 2577 551 2631 postponis,
583 2582 681 2618 tum
706 2575 923 2619 sententia
947 2583 1036 2619 este

145 2637 232 2680 nisi
272 2635 391 2677 forte
431 2642 557 2690 putas
597 2642 641 2676 te
681 2648 774 2675 non
809 2650 901 2677 esse
931 2634 1035 2676 ido-

146 2710 281 2738 neum
309 2700 384 2735 aut
405 2691 588 2748 dignum
610 2690 743 2732 tantis
766 2691 972 2747 praemiis
995 2699 1038 2734 et

146 2749 424 2800 honoribus,
464 2747 642 2805 quantis
665 2746 895 2790 Vitellium
927 2747 1034 2791 olim

148 2809 326 2850 ornavit
339 2805 577 2857 Claudiusg
599 2812 674 2848 aut
699 2821 771 2847 me
792 2821 884 2847 non
907 2819 1036 2863 posse

149 2881 234 2908 nec
259 2863 375 2907 velle
399 2862 522 2920 paria
548 2863 594 2903 in
618 2869 660 2903 te
685 2862 938 2913 cumulare,
984 2878 1037 2906 ac

150 2921 361 2965 Claudius
398 2921 443 2962 in
478 2918 724 2961 Vitellium.
792 2919 892 2962 MS.
925 2919 1034 2977 Agr.

149 2980 224 3021 dat
246 2985 356 3019 ante
373 2976 529 3033 ponis.
593 2975 800 3019 Ceterum
825 2984 925 3019 ante
948 2976 1039 3018 nisi

135 3037 267 3093 sorte
295 3044 376 3078 etc.
402 3051 450 3077 ex
481 3032 846 3091 praecedentibus
878 3034 1035 3076 intelli-

150 3092 292 3150 genda
317 3100 379 3134 est
403 3088 644 3150 promissio
669 3089 890 3132 maiorum
915 3107 1037 3149 prae-

151 3149 372 3199 miorum,
420 3162 533 3206 quae
564 3146 685 3188 Nero
726 3145 775 3188 in
815 3147 1037 3191 Senecam

150 3206 394 3250 collaturus
431 3204 500 3248 sit.
569 3201 862 3260 Kiesslingius
901 3221 1041 3262 repo-

150 3265 236 3307 suit
255 3265 519 3318 praeponis·

205 3326 526 3376 sedquantum
553 3316 744 3361 Volusio
771 3324 857 3360 etc.
890 3316 947 3360 cf.
973 3318 1039 3369 13,

150 3375 222 3419 30.
290 3378 389 3420 MS.
421 3376 568 3419 vatic.
615 3375 768 3431 (Lips.)
817 3374 883 3417 ed.
919 3372 1035 3432 Spir,

155 3435 205 3475 V
201 3436 400 3485 olusino,
428 3443 473 3476 ut
498 3449 716 3490 supra.—
742 3433 1039 3482 parcimonia

152 3491 254 3533 edd.
290 3491 430 3548 Ryek.
467 3506 563 3549 sqq.
605 3488 908 3543 parsimonia
939 3489 1038 3533 edd.

155 3555 256 3591 vett.
283 3555 324 3591 et
348 3558 518 3595 ceterae
552 3556 654 3591 ante
678 3543 930 3602 Ryckium.
980 3545 1038 3590 cf.

1098 1205 1176 1256 m.)
1200 1205 1285 1243 sed
1305 1204 1348 1244 si
1363 1213 1606 1258 quantum.
1656 1205 1835 1249 Scilicet
1855 1207 1992 1249 inter-

1105 1259 1246 1315 posita
1292 1262 1508 1317 particula
1554 1262 1618 1305 illi
1663 1262 1764 1306 libri
1809 1280 1992 1321 operam

1106 1316 1212 1358 dant
1249 1318 1525 1361 restituendo
1558 1320 1704 1363 vineto
1738 1321 1856 1364 inter
1887 1321 1996 1365 haec

1106 1382 1148 1415 et
1168 1375 1415 1430 sequentia.
1474 1375 1587 1418 Nam
1602 1377 1674 1419 uti
1695 1393 1820 1421 nunc
1843 1381 1998 1434 legun-

1103 1438 1177 1472 tur
1205 1432 1362 1480 verba,
1406 1434 1517 1488 quin
1550 1435 1593 1476 si
1626 1451 1716 1490 qua
1740 1465 1753 1479 .
1777 1465 1788 1477 .
1816 1468 1826 1478 .
1852 1438 1992 1491 regis,

1103 1487 1175 1532 vix
1207 1488 1253 1530 in
1287 1499 1543 1533 contextum
1570 1491 1802 1547 quadrant.
1863 1493 1996 1537 Nulla

1102 1544 1164 1587 ibi
1196 1553 1260 1587 est
1290 1547 1531 1604 particulae
1561 1549 1671 1603 quin
1700 1549 1858 1594 idonea
1882 1551 1995 1592 ratio

1104 1610 1146 1644 et
1176 1605 1393 1646 sententia
1416 1621 1437 1647 a
1461 1608 1830 1661 praecedentibus
1853 1617 1895 1650 et
1921 1619 1997 1657 se-

1104 1660 1340 1717 quentibus
1385 1661 1542 1705 aliena.
1615 1662 1781 1706 Parum
1823 1666 1998 1719 absum,

1105 1724 1154 1758 ut
1196 1732 1409 1760 mancum
1449 1734 1542 1761 esse
1581 1719 1734 1763 locum
1772 1724 1994 1767 censeam.

1104 1773 1194 1818 Sed
1219 1774 1320 1818 vide
1344 1776 1586 1832 sequentia.
1961 1811 1965 1815 .

1163 1838 1349 1875 tantum
1393 1834 1443 1874 in
1488 1842 1533 1875 te
1574 1850 1680 1876 mea
1726 1838 1995 1885 liberalitas,

1106 1889 1180 1931 Sic
1207 1889 1307 1932 MS.
1332 1888 1483 1934 Guelf.
1515 1891 1614 1934 edd.
1646 1891 1751 1935 Put.
1779 1894 1845 1936 M.
1871 1903 1912 1936 et
1935 1885 1995 1940 V.

1104 1945 1211 1988 Ber.
1250 1947 1374 2000 (cum
1417 1947 1486 1989 sil.
1523 1948 1663 2003 Vict.)
1710 1949 1809 1993 Alc.
1852 1951 1997 1997 Rhen.

1102 2018 1202 2059 sqq,
1280 2003 1341 2047 At
1380 2004 1512 2047 MSS.
1557 2005 1679 2048 Flor.
1730 2004 1998 2059 (secundum

1103 2061 1255 2103 collat.
1283 2060 1370 2104 lac.
1394 2060 1626 2116 Gronov.)
1650 2063 1758 2121 Rvg.
1780 2065 1851 2107 ed.
1877 2067 1995 2125 Spir-

1103 2123 1291 2159 tantum
1315 2119 1364 2159 in
1388 2134 1462 2160 me
1492 2128 1602 2162 mea
1627 2122 1843 2174 libertas,
1918 2141 1997 2168 uae

1106 2173 1190 2216 insi
1227 2174 1293 2217 nis
1324 2174 1499 2219 videtur
1522 2194 1612 2220 esse
1638 2178 1834 2222 varietas.
1930 2182 1999 2226 IS.

1106 2191 1222 2274 Budg:
1247 2248 1315 2289 pr.
1339 2249 1399 2276 m.
1422 2236 1472 2275 in
1494 2250 1568 2276 me
1593 2251 1699 2278 mea
1722 2238 1996 2285 liberalitas.

1166 2291 1275 2344 quin
1297 2293 1450 2346 siqua
1473 2301 1555 2335 etc.
1615 2293 1996 2351 interpretantur:

1106 2345 1167 2388 Ia
1183 2377 1194 2398 ‚
1229 2350 1291 2388 du
1314 2349 1433 2404 russt
1454 2357 1538 2391 etc.
1563 2357 1611 2390 ut
1632 2350 1882 2395 sint-verba
1909 2354 1990 2397 ad-

1108 2403 1345 2447 firmantis.
1408 2404 1496 2447 Sed
1531 2421 1723 2462 quaero,
1765 2410 1997 2465 quomodo

1090 2460 1214 2503 ,haec
1247 2474 1350 2503 cum
1382 2464 1854 2509 contextuconciliari
1888 2483 1995 2526 pos-

1107 2517 1225 2560 sint?
1255 2516 1472 2560 Putabam
1496 2519 1649 2562 locum
1675 2522 1996 2582 interrogando

1108 2574 1432 2618 enuntiandum
1472 2591 1565 2619 esse
1610 2578 1677 2632 (ut
1708 2579 1815 2623 infr.
1851 2598 1891 2624 c.
1924 2583 1996 2626 59.

1112 2631 1257 2689 Quin,
1301 2631 1451 2687 inquit
1480 2635 1634 2685 Nero,
1663 2644 1750 2680 etc.
1810 2637 1994 2684 Terent.

1109 2689 1296 2731 Phorm.
1329 2690 1372 2738 2,
1401 2689 1445 2740 3,
1469 2691 1538 2733 82.
1583 2691 1732 2750 Quin,
1803 2700 1898 2738 uod
1914 2693 1997 2753 ‚ffl-

1108 2749 1330 2801 rendum,
1367 2746 1563 2804 fers?),
1614 2757 1664 2791 ut
1691 2749 1750 2793 ita
1827 2769 1904 2796 ero
1942 2757 2000 2799 vi-

1110 2805 1265 2846 deatur
1287 2803 1414 2866 quefi
1437 2805 1491 2847 de
1514 2806 1648 2848 nimia
1682 2823 1758 2851 sua
1796 2810 2000 2856 libertate

1110 2871 1152 2904 et
1197 2861 1395 2911 lieentia,
1444 2878 1556 2918 quae
1602 2864 1811 2922 impediat
1859 2869 2001 2927 parci-

1107 2918 1318 2961 moniam.
1379 2917 1464 2963 Sed
1500 2936 1555 2961 ne
1589 2936 1636 2963 ea
1668 2920 1852 2978 quidem
1883 2942 1999 2969 con-

1107 2976 1278 3019 iectura
1302 2976 1532 3019 sanitatem
1559 2974 1660 3020 loco
1683 2979 1843 3024 reddit.

1165 3034 1405 3074 lubricum.
1477 3033 1561 3076 Ed.
1605 3034 1723 3092 Spir.
1767 3040 2001 3082 ludicrum

1110 3099 1153 3133 et
1185 3089 1249 3132 sic
1283 3087 1426 3132 Guelf
1472 3092 1514 3145 (a
1550 3107 1638 3134 sec.
1674 3095 1772 3149 nu).
1831 3095 2002 3139 Eadem

1112 3147 1181 3189 ed.
1219 3145 1338 3203 Spir.
1374 3163 1475 3189 mox
1509 3149 1705 3191 inclinat
1740 3166 1822 3208 pro
1858 3157 2003 3196 decli-

1111 3211 1208 3246 nat.

1166 3266 1481 3316 ornatumque
1521 3262 1674 3304 robur.
1744 3263 1820 3309 Sic
1867 3266 2002 3313 MSS.

1110 3317 1234 3363 Flor.
1257 3317 1306 3371 (t.
1330 3317 1448 3361 Vict.
1473 3334 1511 3360 c.
1534 3319 1608 3372 al.)
1633 3319 1740 3378 Reg.
1763 3321 1871 3380 Agr.
1897 3326 2000 3370 edd.

1109 3375 1230 3431 Spir.
1261 3373 1443 3417 Pichen.
1479 3390 1573 3431 sqq.
1604 3399 1662 3408 —
1710 3379 2002 3425 inornatum-

1111 3447 1198 3487 que
1228 3434 1369 3473 robur
1401 3431 1532 3474 MSS.
1556 3431 1667 3476 Bud.
1695 3433 1849 3480 Guelf.
1873 3439 1998 3485 Harl.

1110 3487 1241 3530 Bodl.
1275 3487 1356 3530 les.
1391 3488 1490 3531 edd.
1526 3487 1628 3532 Put.
1661 3491 1728 3534 M.
1753 3501 1795 3534 et
1817 3492 1871 3536 V.
1896 3496 2001 3541 Ber.-

1110 3546 1212 3588 Alc.
1257 3543 1400 3613 Rhen.
1451 3561 1548 3603 sqq.
1605 3563 1717 3604 quae
1767 3552 2004 3612 scriptura,

1337 3606 1475 3662 ΒΞ
