2164 3990
165 229 216 263 Α.
238 226 288 261 U.
305 225 388 259 819.

165 275 214 308 A.
235 269 280 305 C.
327 268 375 300 ω

567 226 735 287 ΜΒ.
772 226 902 287 xv.
991 229 1037 286 C
1054 226 1106 284 A
1119 227 1183 287 P.
1224 225 1323 287 58.
1361 225 1459 287 59.
1807 228 1929 284 399
1995 311 1999 315 Ι

81 358 389 417 hortorum
424 357 708 414 adiacere.
796 367 968 432 atque
1003 356 1106 412 ubi
1135 356 1440 412 dicendam
1465 357 1540 412 ad
1569 376 1799 413 causam
1832 357 1931 412 in-

78 441 377 513 troissent,
432 443 710 498 laetatum
748 461 880 514 erga
919 442 1280 511 coniurato&
1335 441 1383 496 si
1416 441 1691 497 fortuitus
1739 462 1927 498 sermo

77 541 132 586 et
169 530 350 586 subiti
388 546 687 594 occUrSUS,
729 526 778 580 si
818 526 1187 595 convivium,
1243 527 1292 581 si
1327 526 1718 601 spectaculum
1756 527 1931 583 simul

79 615 359 683 inissent,
403 633 507 687 pro
547 611 793 666 crimine
831 611 1041 685 accipi,
1087 633 1220 667 cum
1249 631 1423 686 super
1443 610 1695 667 Neronis
1727 633 1792 667 ac
1820 611 1929 667 Ti-

78 700 284 773 gellini
317 717 513 754 saevas
551 696 1053 770 percunctationes
1077 695 1294 752 Penius
1317 715 1551 772 quoque
1571 693 1767 752 Rufus
1799 697 1930 753 vio-

2 807 7 812 ·
78 787 267 840 lenter
291 793 523 855 urgeret
549 782 816 836 nondum
841 782 913 836 ab
939 781 1234 837 indicibus
1268 781 1632 849 nominatUS‚
1675 782 1775 838 sed
1812 802 1930 856 quo

79 871 254 925 fidem
299 867 566 922 inscitiae
609 877 876 940 pararet,
933 877 1098 921 atrox
1141 867 1420 922 adversus
1464 865 1668 926 sociOS.
1766 864 1931 921 Idem

78 953 295 1011 Subrio
338 951 540 1007 Flavio
578 951 882 1006 adsistenti
925 951 1358 1026 adnuentique,
1425 971 1502 1006 an
1546 951 1700 1008 inter
1746 950 1933 1026 ipsam

79 1038 474 1111 cognitionem
521 1035 902 1108 destringeret
949 1036 1211 1108 gladium
1260 1037 1610 1112 caedemque
1661 1047 1935 1111 patraret,

79 1123 278 1179 renuit
298 1121 650 1196 infregitque
674 1121 958 1195 impetum
981 1121 1099 1177 iam
1138 1141 1379 1176 manum
1416 1123 1492 1177 ad
1530 1123 1806 1196 capulum
1838 1142 1934 1177 re—

83 1208 341 1265 ferentiS'.

251 1290 410 1350 LIX.
464 1290 653 1347 Fuere
687 1290 789 1366 qui
824 1291 1055 1368 prodita
1097 1291 1532 1359 coniuratione,
1588 1293 1728 1346 dum
1763 1290 1935 1347 audi-

85 1389 184 1433 tur
216 1372 531 1443 Milichus,
587 1376 729 1429 dum
778 1375 1008 1431 dubitat
1047 1374 1363 1445 ScevinUS,
1416 1372 1794 1432 hortarentur
1833 1374 1936 1432 Pi·-

85 1464 287 1517 sonem
323 1479 561 1535 pergere
595 1459 660 1514 in
701 1471 884 1517 castra
920 1471 1021 1516 aut
1057 1472 1243 1517 rostra
1278 1462 1586 1517 escendere
1626 1461 1936 1537 studiaque

1048 1710 1091 1758 4,
1114 1711 1184 1755 402
1226 1713 1312 1754 An.
1343 1708 1409 1762 14,
1432 1711 1506 1756 50.
1525 1739 1584 1748 --
1632 1709 1736 1755 Mox
1768 1712 1935 1754 Flavio

1050 1769 1153 1811 edd.
1187 1769 1304 1827 Lips.
1338 1768 1463 1812 Pieb.
1488 1784 1609 1826 sqq.;
1654 1770 1806 1811 ,Flavo
1831 1769 1934 1813 MS.

1051 1824 1200 1869 Guelf.
1225 1828 1324 1870 edd.
1352 1835 1450 1870 vett.
1513 1827 1602 1870 Sed
1631 1825 1690 1869 cf.
1716 1843 1752 1870 c.
1775 1827 1848 1871 49.

1105 1898 1433 1952 adnuentique.
1494 1896 1571 1939 Sic
1594 1896 1682 1939 sive
1707 1900 1947 1940 annuenti

1050 1955 1186 1999 MSS.
1213 1956 1323 1997 [sud.
1349 1953 1498 1997 Guelf.
1528 1957 1574 2009 (a
1599 1969 1691 1996 sec.
1722 1957 1803 2010 m.)
1837 1955 1938 1998 edd.

88 1724 268 1751 nasmus
301 1715 467 1750 manet.
540 1707 653 1750 Sunt
679 1716 827 1751 tamen
854 1708 976 1751 salva

91 1766 282 1832 vulgata.
353 1763 465 1807 Nam
498 1764 679 1807 Tacitus
713 1782 805 1808 non
840 1767 975 1809 semel

89 1821 321 1887 eonmngit
356 1822 578 1888 vocabula
611 1839 888 1882 synonyma,
929 1832 975 1865 ut

89 1887 243 1936 augeat
272 1895 358 1921 vim
383 1880 613 1921 orationm.

144 1941 390 1978 laetatum.
449 1935 526 1979 Sic
541 1937 673 1980 MSS.
691 1937 805 1982 Bud.
822 1937 975 1982 Guelf.

90 1992 478 2051 edd.Spir.Rhen.
505 2010 601 2051 sqq.
626 2023 682 2029 --
714 1997 840 2037 laeta
863 2003 976 2045 tum,

90 2051 260 2094 duabus
282 2051 492 2101 vocibus,
527 2052 596 2094 ed.
619 2051 824 2094 Beroald.
854 2054 974 2104 (eum

90 2107 233 2150 silent.
249 2107 384 2163 Vict.)
408 2135 466 2142 —-
493 2110 697 2149 lotatum
710 2108 842 2151 MSS.
857 2109 975 2151 Harl.

90 2164 221 2207 Bodl.
245 2163 328 2207 les.
354 2164 456 2206 edd.
477 2163 581 2207 Put.
605 2164 672 2213 Μ,
698 2174 740 2207 et
767 2165 823 2209 V.
848 2166 947 2209 Alc.

144 2222 186 2264 si
215 2220 454 2276 fortuitus
491 2236 664 2264 sermo.
757 2223 832 2266 Sic
872 2223 976 2267 MS.

89 2279 203 2322 Bud.
228 2277 328 2320 edd.
349 2277 558 2321 Beroald.
573 2280 645 2331 (c.
673 2277 820 2324 silent.
839 2279 978 2336 Vict.)

89 2337 190 2380 Ale.
216 2334 363 2378 Rhen.
399 2334 501 2378 Ald.
529 2334 649 2392 Lips.
669 2335 855 2379 Pichen.
879 2354 978 2405 sqq.

87 2391 318 2504 232¹¹f⁸032¹
341 2391 647 2492 sE¹¹¹e⁵1¹1³0¹¹d¹¹¹31
670 2392 746 2492 ‘2¹¹2‘
769 2393 982 2493 fesci&

302 2478 316 2492 .
369 2481 403 2499 .,
651 2467 670 2493 s
693 2468 712 2490 a
767 2467 814 2492 ln
926 2478 941 2494 k
963 2482 974 2495 .

90 2506 213 2551 Harl.
244 2503 377 2549 Bodl.
413 2465 494 2551 leqs.
528 2505 637 2564 Reg.
681 2506 832 2550 Guelf.
874 2508 975 2551 edd.

91 2564 206 2622 Spir.
240 2562 344 2606 Put.
375 2562 444 2605 M.
476 2572 520 2607 et
542 2562 598 2605 V.
659 2564 718 2608 cf.
744 2581 782 2608 c.
804 2565 875 2608 71.
901 2580 977 2607 oc-

89 2621 274 2664 casione
309 2621 661 2671 coniurationis,
700 2625 784 2664 sed
805 2623 983 2665 Neroni

89 2680 276 2721 tnvisus.
369 2677 536 2721 Verum
577 2680 621 2721 si
659 2695 750 2722 esse
790 2678 835 2722 in
872 2680 977 2722 MS.

91 2734 213 2778 Flor.
244 2734 348 2778 satis
377 2743 558 2793 apparet
583 2751 606 2779 e
627 2736 805 2780 silentio
840 2736 975 2779 trium

92 2792 319 2842 virorum,
350 2792 427 2849 qui
455 2791 694 2850 inspexere.
758 2793 853 2836 Sed
873 2793 978 2837 licet

91 2846 296 2906 explicari
332 2848 470 2905 possit
507 2865 590 2907 per
627 2860 727 2894 ante
759 2851 974 2894 omissum

89 2920 185 2948 non
205 2908 343 2946 modo
363 2905 716 2959 (ennamshorn.
732 2909 811 2952 Gr.
834 2913 861 2963 §
881 2909 975 2951 181.

92 2979 136 3020 p.
161 2961 260 3004 585.
285 2962 384 3018 b))‚
425 2962 579 3006 durius
610 2973 757 3009 tamen
784 2964 858 3009 hic
883 2982 976 3009 esse

89 3019 291 3068 videtur,
331 3035 415 3063 nee
451 3021 577 3062 loeus
610 3022 710 3064 satis
743 3031 894 3079 aptus.
930 3023 974 3065 in

90 3091 182 3134 quo
206 3090 301 3118 non
321 3080 463 3123 modo
487 3077 633 3120 omini
654 3080 805 3136 possit.
856 3079 974 3123 Con-

91 3134 197 3177 iicio
216 3135 298 3175 sed
302 3133 532 3189 fortuitus
554 3143 705 3178 ortum
729 3152 776 3179 ex
797 3145 843 3180 et
858 3137 972 3192 for-

91 3194 231 3234 tuitus
262 3198 304 3233 et
337 3191 480 3234 littera
516 3190 636 3235 finali
673 3195 972 3248 praecedentis

92 3246 310 3291 vocabuli.
351 3272 408 3283 ....
478 3248 621 3292 Video
657 3248 973 3310 Kiesslingium

91 3303 220 3348 etiam
249 3304 474 3348 reduxisse
500 3307 553 3348 si.

146 3369 344 3415 urgeret.
404 3358 505 3405 MS.
537 3362 574 3405 F
576 3361 662 3405 lor.
691 3367 811 3419 (test.
839 3363 975 3421 vict.)

88 3425 326 3470 urgueret,
357 3419 421 3462 uti
446 3419 576 3463 solet.

144 3474 377 3518 indicibus.
456 3476 537 3519 Ed.
576 3476 695 3534 Spir.
744 3478 975 3531 iudicibus,

91 3530 259 3587 vulgari
284 3531 399 3575 vitio.
459 3534 514 3576 ef.
539 3543 633 3576 not.
658 3534 710 3576 ad
733 3533 845 3578 Hist.
872 3537 908 3586 1,
926 3535 971 3579 8.

1049 2014 1168 2070 Spir.
1207 2014 1305 2055 Put.
1338 2012 1441 2054 Ber.
1478 2013 1538 2065 (c.
1562 2010 1633 2054 sil.
1664 2011 1800 2068 Viet.)
1843 2012 1941 2056 Ale.

1048 2071 1190 2113 Rhen.
1224 2085 1322 2126 sqq.
1358 2076 1532 2126 praeter
1568 2065 1704 2126 Ryck.
1741 2078 1784 2111 et
1816 2070 1941 2112 Bro-

1050 2129 1233 2176 terium,
1267 2127 1341 2182 qui
1367 2142 1388 2166 e
1414 2125 1548 2168 MSS.
1566 2124 1838 2170 Harl.Bodl.
1856 2127 1937 2171 les.

1048 2186 1162 2242 Agr.
1198 2184 1360 2226 dedere
1390 2185 1714 2239 manentique,
1756 2184 1820 2230 uti
1858 2199 1938 2229 vo-

1051 2243 1189 2285 luerat
1213 2240 1465 2292 Addaiius,
1494 2240 1702 2298 idemque
1735 2258 1759 2285 a
1785 2257 1852 2299 pr.
1877 2259 1940 2286 m.

1050 2299 1134 2342 fuit
1171 2298 1215 2340 in
1251 2298 1352 2340 MS.
1381 2297 1534 2340 Guelf.
1603 2298 1834 2341 Ernestius
1869 2309 1939 2343 ta-

1050 2372 1154 2399 men
1191 2354 1501 2398 animadvertit
1533 2364 1573 2397 et
1608 2359 1819 2398 adnuere
1851 2356 1942 2401 dici

1051 2428 1134 2472 pro
1173 2414 1386 2453 innuere.
1442 2411 1503 2456 cf.
1538 2411 1636 2457 Cic.
1669 2425 1751 2470 pro
1776 2411 1941 2468 Quint.

1051 2487 1092 2515 c.
1116 2471 1156 2513 5.
1217 2468 1376 2512 Kiessl.
1400 2467 1536 2512 edidit
1560 2471 1878 2526 innuentique.

1107 2540 1437 2591 destringeret.
1506 2537 1583 2582 Sic
1609 2539 1710 2583 MS.
1737 2539 1774 2583 F
1776 2540 1865 2585 lon.
1892 2543 1942 2599 (t.

1049 2597 1190 2647 Vici.)
1220 2597 1321 2639 edd.
1345 2595 1488 2654 Ryck.
1507 2598 1595 2640 lac.
1613 2595 1820 2643 Gronov.
1843 2615 1943 2659 sqq.

1051 2655 1111 2699 cf.
1145 2663 1240 2697 not.
1275 2653 1330 2696 ad
1371 2657 1408 2704 1,
1442 2653 1514 2697 32.
1549 2654 1621 2697 44.
1659 2664 1702 2698 et
1731 2655 1852 2704 alibi.
1882 2686 1942 2695 .-

1049 2714 1350 2764 distringeret
1373 2710 1475 2754 MS.
1503 2709 1658 2760 Guelf.
1690 2713 1790 2757 edd.
1816 2714 1944 2774 Spir.

1049 2786 1148 2828 sqq.
1170 2770 1224 2812 ad
1247 2766 1488 2826 Ryckium.
1927 2777 1930 2780 ⁴

1105 2841 1270 2882 renuit.
1331 2838 1408 2881 Sic
1430 2837 1533 2883 MS.
1563 2839 1688 2885 Flor.
1718 2845 1834 2898 (test.
1856 2843 1939 2888 Pi-

1000 2907 1003 2910 “
1049 2897 1204 2948 chena)
1243 2895 1344 2939 edd.
1379 2895 1500 2954 Spir.
1538 2896 1722 2942 Pichen.
1753 2915 1852 2958 sqq.
1896 2910 1940 2947 et

1047 2963 1232 3054 1-2³.:.³¹¹'
1244 2963 1738 3056 ἧῗῖἔξῗέἳὲἳὲἱῖῧζῗ
1754 2958 1944 3074 ,ἔῖἒῒξῑῖ

1046 3069 1260 3118 retinuit,
1308 3068 1431 3126 quod
1475 3077 1539 3112 est
1568 3068 1615 3111 in
1648 3070 1784 3115 MSS.
1820 3071 1938 3120 Bud.

1047 3126 1166 3168 Harl.
1205 3124 1334 3168 Bodl.
1375 3124 1458 3168 les.
1495 3124 1647 3170 Guelf.
1695 3128 1806 3172 edd..
1833 3130 1936 3177 Put.

1047 3181 1254 3225 Beroald.
1293 3181 1397 3226 Alc.
1431 3181 1633 3227 Rhenan.
1666 3185 1770 3230 Ald.
1811 3187 1936 3248 Lips.

1047 3239 1229 3282 Gruter.

1101 3308 1213 3352 Cn.
1242 3307 1314 3350 59.
1374 3312 1634 3356 escendere.
1693 3308 1938 3363 Sic'MSS.

1045 3366 1179 3424 Lipsii
1211 3365 1500 3424 eiusdemque
1524 3368 1623 3413 edd.
1646 3380 1690 3415 et
1711 3386 1795 3431 sqq
1876 3375 1938 3420 cf.

1046 3433 1140 3466 not.
1167 3424 1219 3465 ad
1249 3421 1368 3473 13,5.
1386 3451 1443 3459 --
1475 3433 1779 3473 conscendere
1799 3430 1934 3478 MSS.

1046 3479 1325 3524 Bud.Guelf.
1353 3479 1427 3523 alii
1464 3497 1544 3534 ue,
1574 3484 1674 3530 edd.
1698 3486 1730 3530 S
1765 3487 1937 3534 iupus.

1045 3537 1144 3579 Ber.
1166 3539 1228 3591 (c.
1252 3535 1397 3581 silent.
1424 3496 1563 3596 δίει.)
1592 3542 1692 3587 Ale.
1747 3545 1931 3590 {henam
