2196 4004
1771 218 1823 300 ἐξ
1841 219 1897 299 gf
1966 245 2001 300 ⁷1

237 222 315 278 18
900 205 1413 286 ANNAL-FUM
1455 240 1458 242 *

234 361 570 425 paraverat,
613 351 786 423 unde
805 362 997 408 metus
1028 349 1154 406 eius
1189 349 1254 406 in
1278 356 1537 420 -c'eter05‚
1579 353 1836 412 accivere
1854 351 2110 430 Barda:-⁴

233 455 391 496 nem.
480 433 619 505 Ille,
662 448 728 493 ut
761 447 885 494 erat
917 434 1145 508 magnis
1176 435 1333 493 ausis
1365 446 1725 511 promptus„
1754 440 1939 498 biduo
1975 438 2088 498 tria

231 520 420 576 millia
462 521 790 578 stadiorum
822 520 1051 576 invadit
1085 518 1474 598 ignarumque
1511 533 1565 579 et
1590 525 1930 582 exterritum
1956 522 2088 583 Go-

232 614 448 662 tarzem
472 608 808 680 proturbat:
851 625 1041 680 neque
1063 616 1398 675 cunctatur,
1427 608 1574 683 quin
1598 610 1894 684 proximas
1915 629 2088 686 prae,-

221 685 483 747 *fecturas
506 691 813 766 corripiat,
847 690 987 746 solis
1002 688 1451 748 Seleucensibus
1475 691 1941 752 dominationem
1960 694 2088 750 eius

231 776 643 836 abnuentibus,
730 777 796 831 in
823 794 970 851 quos
994 786 1061 831 ut
1079 775 1261 850 patris
1283 777 1376 832 sui
1401 799 1635 856 quoque
1660 781 1979 837 defectores
2001 769 2089 836 ira

185 876 190 879 ’
229 862 418 935 magis
453 882 630 938 quam
672 881 739 916 ex
768 880 881 917 usu
918 860 1211 934 praesenti
1251 881 1523 919 accensus
1559 865 1898 940 implicatur
1926 864 2090 922 obsi-

231 947 410 1004 dione
442 946 608 1003 urbis
641 946 872 1002 validae
907 956 963 1002 et
990 946 1379 1002 munimentis
1413 944 1629 1006 obiecti
1661 950 1850 1006 amnis
1883 969 2090 1006 muro-

229 1052 346 1109 que
385 1043 442 1087 et
483 1031 905 1088 commeatibus
938 1030 1219 1090 firmatae.
1307 1028 1556 1088 Interim
1582 1031 1863 1093 Gotarzes
1885 1031 2090 1092 Daha-

226 1138 363 1174 rum
377 1114 910 1195 Hyrcanorumque
934 1116 1146 1190 opibus
1173 1127 1374 1173 auctus
1399 1118 1625 1174 bellum
1646 1129 1921 1190 renovat,
1955 1138 2091 1176 coa·-

229 1214 471 1279 ctusque
512 1200 816 1258 Bardanes
860 1202 1130 1258 omittere
1171 1199 1499 1261 Seleuciam
1540 1202 1889 1262 Bactrianos
1931 1203 2091 1280 apud

228 1307 464 1364 campos
492 1297 678 1344 castra
705 1287 976 1348 contulit.

229 1484 271 1520 et
300 1491 407 1520 cum
440 1474 494 1519 iis
527 1474 601 1519 alii
634 1490 720 1533 pro
747 1483 1124 1531 praeparaverat

224 1533 386 1579 volunt
412 1542 776 1589 properaverat.
834 1533 926 1576 Sed
952 1535 1016 1577 nil
1037 1536 1124 1577 ob-

225 1600 336 1644 stat,
376 1606 466 1648 quo
499 1591 649 1634 minus
681 1591 883 1634 dicamus
911 1607 1124 1647 praepa-

221 1665 332 1694 rare
354 1663 519 1691 necem
540 1650 702 1698 alicui,
731 1656 781 1691 ut
802 1648 858 1691 sit
879 1659 1036 1706 parare
1061 1665 1124 1701 ea,

226 1723 340 1766 quae
373 1714 475 1749 sunt
509 1704 758 1750 necessaria
781 1706 835 1748 ad
859 1721 1018 1749 necem
1047 1706 1122 1748 fu-

221 1774 373 1809 turam
394 1764 676 1822 patrandam.
739 1762 814 1806 Sic
826 1762 1011 1806 sueton.
1025 1762 1124 1808 Cal.

224 1839 267 1867 c.
291 1822 364 1864 24.
398 1829 493 1863 tres
511 1821 702 1873 gladios
723 1821 772 1861 in
798 1835 958 1862 necem
981 1835 1122 1863 suam

153 1924 159 1928 ,
219 1887 537 1936 praeparatos
561 1910 573 1921 .
590 1911 600 1921 .
618 1910 629 1920 .
652 1881 951 1920 consecravit.
1009 1878 1118 1920 Ete-

207 1937 319 1980 .nim
342 1934 560 1979 Gotarzes
585 1934 787 1993 arguitur
812 1934 1122 1978 clandestinus

218 1994 342 2037 illius
363 1993 485 2036 necis
508 2000 690 2040 auctor,
722 2008 855 2049 quam
879 1991 975 2050 ipse
999 2008 1122 2050 prae-

220 2051 389 2111 paravit
410 2058 484 2093 aut
504 2065 678 2092 veneno
702 2049 899 2094 adhibito
923 2058 998 2092 aut
1021 2051 1123 2093 sub·

219 2109 321 2153 ditis
342 2107 697 2167 percussoribus.
756 2106 1019 2160 properare
1037 2123 1118 2150 ne-

219 2182 322 2210 cem
353 2165 500 2207 alicui
526 2163 570 2207 h.
595 2179 636 2206 e.
662 2179 822 2207 necem
851 2164 1117 2207 destinatam

219 2232 323 2268 ante
383 2231 564 2281 tempus
618 2220 887 2265 destinatum
944 2229 1119 2279 patrare

218 2281 606 2338 (beschleunigem
647 2278 706 2322 cf.
743 2278 785 2327 2,
817 2278 888 2323 31.
933 2278 1001 2329 13,
1033 2281 1119 2336 17.)

219 2340 275 2383 ab
306 2338 406 2391 hoc,
425 2337 530 2392 loco
561 2335 758 2379 alienum
786 2345 865 2381 est.
924 2335 1118 2379 Dissen-

218 2412 318 2440 sum
340 2393 496 2446 illum,
531 2409 664 2451 quem
687 2393 887 2452 Ryckius
910 2394 1023 2439 vidit
1043 2393 1117 2436 in-

217 2463 288 2498 ter
310 2451 483 2511 loseph.
507 2451 618 2495 Ant.
644 2450 715 2503 20,
738 2451 782 2495 2.
806 2459 851 2494 et
875 2451 997 2495 hunc
1020 2451 1119 2495 No-

220 2519 363 2555 strum
380 2543 393 2562 ,
425 2523 509 2566 ego
534 2525 626 2552 non
650 2509 802 2553 video.
864 2509 979 2553 Nam
991 2509 1118 2570 Taci-

219 2576 293 2612 tus
326 2583 421 2612 non
451 2566 593 2609 refert
616 2564 857 2609 Gotarzem
884 2567 1118 2610 Artabano

219 2625 483 2670 successisse
498 2655 511 2673 ,
535 2623 611 2666 sed
635 2623 880 2668 succedere
905 2624 1119 2670 voluisse.

219 2682 451 2728 Artabano
486 2689 674 2724 mortuo
713 2682 917 2725 accivere
949 2681 1119 2725 Barda·

218 2756 350 2793 nem3
390 2738 595 2782 Bardane
628 2737 873 2781 interfecto
905 2739 1119 2783 successit

221 2796 455 2841 Gotarzes.
527 2797 639 2839 Mox
682 2794 835 2839 Guelf.
878 2797 929 2839 in
967 2805 1121 2840 certos

219 2871 304 2915 pro
328 2855 380 2897 in
401 2861 588 2897 ceteros.

277 2938 507 2988 accivere.
567 2936 669 2980 MS.
703 2937 828 2981 Flor.
862 2938 911 2993 (t.
937 2937 1010 2993 V.)
1045 2937 1115 2980 ed.

219 2994 340 3053 Spir.
384 3003 429 3037 et
467 2994 681 3037 accivere.
769 2995 997 3038 Nimirum
1045 2994 1116 3037 ed.

220 3051 338 3110 Spir.
362 3060 463 3109 post
482 3061 860 3107 praeparaverat
886 3053 1017 3118 plene
1041 3052 1109 3094 in-

218 3111 446 3166 terpungit
467 3117 509 3152 et
530 3125 689 3153 novam
711 3117 977 3152 sententiam
999 3109 1115 3153 inci-

219 3166 285 3225 pit
313 3182 336 3208 a
358 3182 470 3209 voce
493 3167 643 3210 Unde.
711 3166 826 3209 Edd.
848 3165 1023 3209 Puteol.
1047 3167 1116 3210 M.

220 3231 265 3267 et
288 3222 342 3267 V.
366 3221 576 3265 Beroald.
599 3223 701 3267 Alc.
735 3224 939 3268 Rhenan.
976 3231 1114 3267 tuen-

217 3289 296 3325 tur
309 3279 537 3337 ¹⁸vulgatam
563 3281 847 3338 scripturam.

276 3363 431 3412 biduo,
488 3361 625 3404 Deest
648 3362 692 3404 in
715 3363 821 3406 MS.
847 3364 963 3407 Bud.
1022 3363 1113 3407 Nu·

218 3437 302 3481 per
350 3419 419 3463 vir
465 3418 626 3462 doctus
671 3421 888 3474 (Allgem.
931 3421 1113 3465 Schulz.

222 3477 347 3524 1880.
385 3493 455 3521 nr.
490 3475 544 3519 17
575 3478 693 3533 sqq.)
727 3477 965 3533 legendum
1001 3496 1110 3524 cen-

248 3536 338 3581 uit:
364 3535 520 3578 triduo
543 3535 636 3576 duo
662 3534 813 3576 millia
834 3537 1112 3581 stadiorum.

1198 1479 1311 1522 Nam
1339 1478 1654 1523 incredibilem
1679 1492 1773 1522 esse
1798 1493 1979 1523 cursum
2011 1493 2091 1537 per

1197 1538 1279 1581 tria
1300 1538 1443 1580 millia
1466 1538 1711 1581 stadiorum
1732 1537 1871 1580 biduo
1899 1536 2091 1581 factum.

1249 1603 1451 1650 invadit.
1530 1607 1754 1653 Absolute
1793 1606 2003 1656 dieitur„
2042 1615 2091 1649 ut

1196 1665 1251 1708 sit
1275 1666 1500 1717 impetum
1511 1666 1692 1721 facere.
1724 1666 1797 1718 cf.
1825 1667 1861 1724 l,
1883 1663 1940 1707 36
1956 1671 2000 1707 et
2019 1664 2090 1723 67.

1195 1723 1494 1767 Accu-sativus
1521 1723 1612 1764 tria
1639 1723 1795 1765 millia
1823 1722 2090 1774 stadiorum

1198 1778 1411 1822 describit
1459 1779 1787 1822 dimensionem
1834 1777 2093 1821 invasionis.

1193 1836 1268 1880 Sic
1304 1837 1521 1879 Herodot.
1572 1840 1610 1888 1,
1656 1837 1726 1880 31.
1777 1835 1996 1883 σταδίους
2035 1835 2091 1880 ’δὲ

1193 1896 1328 1937 πέντε
1370 1896 1447 1937 καὶ
1485 1890 1830 1951 τεσσαράκοντα
1869 1894 2092 1951 διακομί-

1192 1964 1354 2000 σαντες
1378 1953 1459 2005 (sc.
1484 1955 1690 2008 matrem)
1722 1950 1946 1995 ἀπίκοντο
1969 1952 2016 1999 ἐς
2037 1948 2090 1994 τὸ

1194 2005 1313 2067 ἱρόν.
1375 2009 1496 2052 Hinc
1523 2025 1615 2051 non
1637 2019 1755 2063 erat,
1797 2008 2088 2067 quod-Hein-

1193 2067 1286 2110 sius
1331 2066 1419 2110 hoe
1461 2067 1564 2110 loco
1604 2067 1808 2111 haereret
1845 2066 2095 2126 malletque¹

1193 2126 1367 2173 evadit,
1790 2147 1795 2157 ·

1245 2184 1513 2239 proturbat.
1596 2181 1675 2225 Sic
1719 2180 1823 2231 MS.
1866 2180 1988 2226 Flor.
2033 2181 2087 2238 (t.

1192 2240 1332 2297 Vici..)
1375 2240 1476 2282 edd.
1512 2239 1543 2281 S
1580 2239 1632 2281 ir.
1667 2239 1872 2282 Rhenan.
1903 2254 2002 2297 sqq.
2030 2266 2090 2275 -

1185 2299 1434 2354 perturbat
1470 2298 1522 2339 ed
1559 2329 1569 2340 .
1600 2297 1702 2339 Put.
1732 2296 1800 2339 Μ.
1833 2305 1878 2340 et
1900 2297 1955 2340 V.
1981 2297 2085 2340 Ber.

1191 2354 1295 2400 Alc.
1334 2365 1378 2397 et
1419 2353 1557 2397 MSS.
1601 2354 1717 2397 Bud.
1751 2353 1904 2398 Guelf·
1941 2353 2090 2400 Com-

1192 2424 1355 2484 pendia
1380 2433 1422 2480 ,Ρ
1443 2435 1484 2469 et
1512 2430 1549 2482 P
1567 2424 1809 2470 sexcenties
1822 2422 2090 2483 permuta‘n-

1192 2493 1266 2525 tur
1298 2483 1344 2525 in
1379 2492 1486 2527 vett.
1524 2481 1665 2526 libris.
1726 2481 1784 2527 cf.
1819 2490 1915 2525 not.
1940 2481 1993 2525 ad
2021 2483 2088 2534 15,

1190 2541 1263 2583 45.
1323 2540 1437 2585 Hist.
1472 2543 1512 2592 1,
1544 2541 1616 2583 30.
1646 2541 1689 2588 2,
1711 2540 1753 2583 4.
1783 2536 1826 2587 4,
1847 2540 1889 2582 9.
1914 2540 1985 2583 41.
2009 2539 2082 2585 61.

1193 2597 1350 2641 Germ.
1375 2599 1499 2642 e.45.
1561 2596 1670 2654 Agr.
1694 2613 1736 2640 c.
1761 2594 1834 2640 32.
1893 2595 2095 2645 Pet-eurr

1190 2657 1272 2697 bat
1297 2671 1388 2698 non
1413 2664 1477 2698 est
1497 2654 1627 2697 huius
1654 2654 1768 2707 loci;
1797 2669 1903 2696 nam
1929 2668 1978 2696 ea
1996 2669 2084 2699 no-

1191 2713 1255 2754 tio
1300 2713 1386 2755 iam
1433 2711 1547 2755 inest
1594 2713 1735 2755 verbo
1778 2711 2083 2756 exterritum.

1191 2770 1349 2812 lustin.
1370 2769 1410 2820 3,
1432 2771 1475 2813 4.
1507 2770 1768 2812 Phalantus
1787 2783 1873 2822 per
1893 2770 2083 2813 seditio-

1190 2841 1302 2868 nem
1320 2828 1368 2868 in
1397 2828 1612 2870 exsilium
1633 2828 1955 2882 proturbatus.

1245 2905 1505 2940 cunctatur.
1562 2897 1645 2940 Ed.
1670 2896 1787 2956 Spir.
1809 2904 2043 2940 cantatur.

1245 2968 1370 3009 solis.
1433 2967 1538 3011 MS.
1563 2967 1715 3011 Guelf.
1753 2968 1860 3010 soli.

1245 3044 1296 3079 ut
1312 3040 1465 3091 patris
1483 3054 1520 3082 s.
1545 3055 1586 3094 q.
1602 3038 1883 3094 defectores.
1930 3038 2081 3082 Victo-

1188 3093 1281 3137 rius
1320 3095 1430 3138 haec
1473 3095 1728 3154 parenthesi
1771 3095 2081 3146 circumdedit,

1187 3158 1237 3192 ut
1259 3167 1283 3193 e
1307 3153 1409 3195 cod.
1434 3154 1556 3196 Flor.

1245 3226 1596 3267 commeatibus.
1680 3222 1763 3269 Ed.
1822 3223 1941 3282 Spir.
1999 3239 2081 3267 co-

1186 3281 1440 3331 meatibus,
1473 3281 1537 3323 uti
1562 3281 1688 3325 solet.

1242 3350 1497 3394 Daharum
1511 3352 1939 3408 Hyrcanorumque.
1998 3350 2080 3394 Ed.

1184 3409 1303 3466 Spir.
1340 3417 1595 3453 monstrose
1627 3414 1830 3453 duarum
1861 3411 2082 3451 hircano-

1184 3481 1400 3525 rumque.

1240 3536 1516 3581 Seleuciam.
1577 3535 1659 3581 Ed.
1673 3536 1791 3595 Spir.
1813 3536 2050 3581 seluciam.
