2164 3990
847 90 858 123 ι
1915 73 1948 95 ··”

213 201 340 267 '204
886 201 1413 271 ANNALIUM,
1496 192 1500 201 '

383 331 606 394 XLIII.
691 332 814 391 Nee
857 334 1099 390 deerant
1138 335 1256 411 qui'
1289 331 1433 395 haec
1476 337 1686 394 iisdem
1729 342 1927 398 verbis
1969 355 2072 403 aut

210 419 754 481 versa'indeterius
778 418 1032 476 Senecae
1069 419 1378 481 deferrent.
1465 424 1798 502 repertique
1834 447 2071 486 accusa-

209 519 366 566 tores
391 505 652 581 direptos
679 504 895 571 sociOS,
939 523 1073 559 cum
1095 503 1320 563 Suilius
1346 509 1715 583 provinciam
1737 506 1941 568 Asiam
1974 534 2069 570 re-

207 603 398 667 geret,
450 611 516 647 ac
556 589 823 666 publicae
859 588 1143 663 pecuniae
1186 592 1519 665 peculatum
1554 595 1833 657 detulere.
1919 597 2065 656 Mox

206 678 347 756 quia
380 675 823 753 inquisitionem
861 693 1122 730 annuam
1165 675 1648 750 impetraverant,
1701 681 1941 739 brevius
1974 683 2069 740 vi·-

206 783 340 821 sum
394 762 732 820 suburbana
787 757 1036 837 crimina
1090 759 1300 835 incipi,
1369 784 1623 839 quorum
1677 767 1842 822 obvii
1884 779 2065 825 *testes

207 859 394 907 erant.
479 847 526 903 ii
559 844 870 901 acerbitate
900 845 1285 902 accusationis
1314 845 1391 919 Q.
1416 845 1812 924 Pomponium
1847 854 1921 909 ad
1957 874 2066 910 ne-

207 934 530 993 cessitatem
575 929 721 986 belli
762 929 954 986 civilis
991 931 1326 1001 detrusum,
1394 931 1605 989 Iuliam
1656 933 1837 993 Drusi
1877 938 2061 995 filiam

205 1019 604 1093 Sabinamque
633 1013 969 1089 Poppaeam
1015 1016 1091 1073 ad
1122 1029 1373 1075 mortem
1415 1029 1598 1088 actaS,
1662 1031 1720 1076 et
1752 1019 2062 1080 Valerium

206 1101 566 1171 Asiaticum,
629 1098 883 1160 Lusium
936 1100 1359 1174 Saturninum,
1423 1104 1770 1167 Cornelium
1822 1105 2062 1183 Lupum

1762 208 1814 244 Α.
1830 208 1884 243 u.
1902 207 1986 244 812.

1762 253 1815 287 A.
1834 249 1882 296 e.
1926 253 1986 288 so.

201 1396 296 1424 non
327 1357 623 1423 toleraturum
660 1378 936 1422 submittere.
1015 1377 1090 1421 Nil
1161 1380 1586 1435 provincialibus.’'
1684 1379 1772 1424 Sed
1827 1383 2058 1426 suburba-

199 1440 247 1482 in
280 1454 327 1481 ea
364 1444 586 1479 structura
620 1444 708 1484 est,
740 1436 862 1492 quod
894 1443 963 1479 eat
987 1452 1092 1478 con·

197 1504 270 1539 tra
304 1494 582 1538 latinitatem.
642 1492 703 1537 cf.
737 1493 778 1541 3,
803 1491 845 1535 3.
878 1492 1093 1550 perferre

197 1568 294 1596 non
317 1553 554 1594 toleravit.

225 1695 227 1697 ‚
255 1633 368 1691 CAp'.
390 1633 460 1678 43.
521 1635 703 1678 iisdem.
763 1633 848 1679 Ed.
871 1633 986 1693 Spir.
1015 1650 1095 1693 per

200 1695 565 1739 contractionem
586 1696 747 1736 isdem.

254 1786 340 1820 aut
358 1791 517 1821 versa.
580 1776 657 1821 Sic
681 1777 783 1820 edd.
806 1783 910 1820 vett.
936 1777 997 1832 (c.
1023 1774 1093 1820 sil.

194 1835 336 1892 Viet.)
363 1843 405 1878 et
429 1843 615 1878 recentt.
677 1833 855 1878 Desunt
885 1833 932 1876 in
956 1832 1091 1876 MSS.

193 1892 322 1945 Harl.
356 1891 490 1935 Bodl.
531 1893 615 1936 les.
661 1891 780 1936 Bud.
814 1890 967 1935 Guelf.
1039 1891 1089 1933 In

195 1949 352 1996 G'uelf.
383 1949 724 1999 Strombeckius
755 1949 878 1993 falso·
901 1955 1089 1993 testatur

195 2010 348 2054 deesse
391 2014 476 2049 aut
516 2021 652 2050 versa
682 2006 759 2052 in.
846 2006 963 2049 Nam
1016 2005 1089 2048 de·

194 2075 260 2112 est
285 2073 462 2109 tantum
498 2072 581 2106 aut
609 2080 774 2109 versa.-
813 2062 1087 2123 praepositio

192 2124 244 2168 in
266 2126 372 2167 cum
395 2137 488 2190 seq.
511 2121 738 2167 vocabulo
768 2120 998 2169 concrevit
1028 2120 1089 2163 le-

191 2178 404 2284 giiurque
439 2180 719 2225 ⁴mdetmn'us.
807 2180 857 2224 ln
886 2177 1003 2222 Bud.
1038 2178 1087 2221 in

190 2257 223 2292 a,
251 2247 329 2284 est.

196 2360 201 2363 ,
247 2311 473 2357 detulere.
532 2307 618 2353 Ed.
633 2307 751 2367 Spir.
771 2310 1057 2351 detulerunt.

191 2405 217 2412 -ν
244 2383 632 2435 impetraverant.
698 2378 776 2423 Sic
803 2377 929 2421 Pich.
959 2392 1086 2443 seqq.

190 2457 226 2484 ev
247 2439 352 2483 MS.
384 2437 509 2481 Flor.
573 2437 798 2480 Victorius
821 2445 980 2479 *tamen
1017 2451 1086 2476 m·

188 2506 360 2549 tactum
381 2494 564 2553 reliquit
586 2496 939 2550 impetraverat,
961 2492 1085 2551 quod

189 2565 256 2605 est
278 2555 335 2598 in¹
354 2553 492 2597 MSS.
514 2553 623 2611 Reg.
648 2552 774 2596 Harl.
796 2550 962 2595 =Guelf.
998 2551 1084 2594 les.

189 2613 292 2657 edd.
321 2620 429 2655 vett.
445 2642 458 2661 ,
486 2611 620 2669 idque
642 2610 808 2668 placuit
830 2608 1017 2653 Aurelio
1041 2615 1086 2651 et

186 2668 534 2718 Strombeckio‚
582 2677 633 2712 ut
667 2666 893 2710 referrent
925 2666 977 2708 ad
1017 2666 1084 2710 Si-

184 2726 321 2773 lium.
393 2726 481 2770 Sed
513 2727 628 2769 bene
661 2725 694 2768 l.
719 2725 794 2769 Fr.
816 2723 1083 2769 Gronovius

188 2783 577 2831 animadvertitid
601 2798 694 2826 esse
710 2791 873 2826 >contra
904 2797 1082 2824 morem

187 2852 234 2888 et
258 2841 503 2887 rationem.
583 2840 764 2884 Melius*
793 2840 988 2882 referres
1028 2838 1083 2882 ad

186 2900 433 2951 Senecam,
459 2899 591 2942 huius
611 2896 908 2941 accusationis
931 2905 1084 2939 aucto·

186 2956 301 3003 rem.
348 2956 465 3000 Nam
487 2964 803 3001 accusatorum
820 2962 884 2997 est
898 2968 1084 3011 poscere

189 3023 369 3073 tempus
392 3015 731 3058 evocandorum
765 3012 965 3055 testium.
1023 3008 1083 3054 cf.

186 3089 232 3119 c.
254 3072 341 3123 62.
363 3071 455 3173 7De
485 3071 707 3132 particula
738 3072 844 3127 quia
870 3068 965 3117 vid.
987 3075 1083 3112 not.

187 3131 246 3176 ad
268 3131 361 3180 3,·4
393 3162 404 3174 .
877 3138 883 3148 ³

188 3213 191 3215 ’
240 3200 536 3245 'subur-bana.
620 3197 699 3242 Sic
730 3196 864 3246 MSS.
898 3204 942 3240 et
976 3194 1081 3239 edd.

188 3266 299 3304 vett.
323 3274 419 3316 sqq.
443 3272 586 3315 usque
616 3257 669 3301 ad
692 3255 972 3306 Ernestium‚
1005 3253 1082 3312 qui

190 3314 316 3370 dedit
353 3317 551 3359 urbana.
619 3312 735 3357 Nam
766 3329 886 3362 ..cur
916 3314 1080 3356 subur-

185 3374 351 3421 bana?
377 3372 546 3429 inquit,
577 3371 729 3415 omnia
750 3369 831 3415 ista
852 3371 899 3414 in
922 3370 1083 3414 urbem

187 3438 460 3490 perpetrata.
518 3428 713 3479 Vereor,
744 3445 800 3471 ne
821 3429 905 3471 sub
931 3435 1082 3470 ortum

184 3488 246 3534 sit
265 3484 627 3533 e-terminatione
657 3484 962 3542 praecedemis
987 3499 1083 3527 ver-

189 3544 255 3599 bi.
325 3544 522 3594 Urbana
551 3544 757 3590 crimina
788 3549 1082 3603 opponuntur

1162 1452 1277 1478 num
1311 1437 1525 1480 Romanis
1555 1454 1648 1480 non
1688 1439 1841 1481 stricte
1881 1456 2058 1498 semper

1164 1494 1284 1539 valet
1307 1495 1360 1537 de
1379 1510 1446 1546 eo,
1479 1495 1600 1552 quod
1624 1496 1676 1538 ad
1700 1495 1933 1554 regionem
1955 1499 2056 1540 sub·

1167 1552 1382 1594 urbanam
1419 1551 1602 1610 proprie
1635 1553 1800 1597 dictam
1842 1555 2057 1611 pertinet;

1164 1608 1241 1651 sed
1284 1610 1330 1651 in
1376 1608 1638 1652 universum
1683 1611 1813 1654 etiam
1849 1610 2056 1664 denotat,

1165 1666 1288 1724 quod
1338 1667 1520 1708 obvium
1562 1682 1708 1723 neque
1755 1666 2056 1726 longinquum

1167 1732 1257 1772 est,
1290 1724 1552 1782 saepiusque
1583 1727 1857 1767 suburbana
1881 1734 1925 1770 et
1945 1729 2047 1768 lon-

1163 1783 1334 1837 ginqua
1377 1781 1573 1826 invicem
1616 1782 1699 1824 sibi
1744 1792 2055 1841 opponuntur.

1165 1837 1224 1883 cf.
1251 1838 1346 1884 Cic.
1377 1841 1426 1882 in
1453 1841 1584 1882 Verr.
1608 1840 1650 1891 2,
1671 1839 1713 1883 8.
1744 1840 1923 1896 Populo
1953 1841 2052 1884 Ro-

1161 1912 1306 1939 mano
1355 1898 1557 1938 iucunda
1603 1899 1936 1942 suburbanitas
1984 1905 2054 1941 est

1159 1957 1345 1996 huiusce
1377 1955 1652 2009 provinciae.
1730 1955 1848 1999 Plin.
1881 1972 1981 2014 epp.
2012 1957 2053 2008 8,

1159 2012 1234 2055 24.
1271 2011 1376 2069 Quo
1407 2014 1561 2065 magis
1591 2013 1860 2064 nitendum,
1911 2011 1974 2055 he
2004 2015 2053 2056 in

1158 2071 1420 2125 longinqua
1446 2071 1688 2124 provincia
1718 2086 1858 2125 quam
1881 2071 2051 2113 subur-

1161 2130 1287 2168 bana
1311 2157 1324 2169 .
1341 2158 1353 2170 .
1370 2157 1382 2168 .
1405 2128 1678 2177 humanior,
1706 2130 1896 2176 melior,
1922 2129 2052 2181 peri-

1157 2186 1247 2227 tior
1281 2185 1437 2240 fuisse
1485 2186 1698 2226 videaris.
1785 2185 2052 2243 Longinqua

1156 2241 1393 2301 provincia
1425 2249 1491 2285 est
1521 2241 1754 2299 Bithynia,
1793 2243 2051 2286 suburbana

1156 2299 1343 2344 Achaia.
1400 2299 1511 2342 Tae.
1546 2299 1634 2343 An.
1669 2299 1711 2351 3,
1735 2300 1806 2343 47.
1836 2315 1946 2354 pere
1980 2302 2048 2342 ri-

1155 2359 1285 2401 natio
1316 2358 1599 2400 suburbana.
1669 2356 1747 2400 Sic
1771 2365 1812 2399 et
1835 2358 1922 2400 hoc
1963 2373 2050 2401 oco

1157 2414 1343 2458 crimina
1359 2416 1627 2457 suburbana
1644 2415 2050 2472 opponuntur·lon-

1156 2471 1334 2531 gi'nquis
1367 2480 1411 2515 et
1439 2473 1488 2514 in
1521 2471 1758 2530 provincia
1783 2472 2051 2525 commissis,

1154 2529 1210 2574 ad
1262 2545 1374 2588 quae
1425 2529 1619 2573 eruenda
1670 2529 1954 2585 profectione
2001 2531 2049 2573 in

1154 2586 1307 2631 Asiam
1342 2601 1581 2644 annuaque
1613 2585 1908 2643 inquisitione
1935 2602 2048 2646 opus

1155 2651 1265 2687 erat.
1345 2642 1640 2698 Kiesslingius
1683 2645 1952 2686 suburbana
1979 2661 2048 2688 re-

1154 2701 1328 2759 posuit:
1358 2709 1484 2758 putat
1503 2714 1614 2745 vero
1628 2699 1835 2744 Tacitum
1849 2701 2049 2760 scripsis-

1154 2774 1200 2803 se
1220 2760 1302 2802 sub
1323 2760 1526 2800 urbana.
1587 2756 1670 2800 Vix
1695 2759 1847 2802 credo.

1212 2843 1251 2885 ii
1267 2842 1536 2885 acerbitate.
1591 2841 1676 2885 Ed.
1695 2841 1814 2901 Spir.
1834 2843 1892 2896 hi,
1924 2842 2048 2904 quod

1153 2900 1261 2944 huic
1293 2900 1398 2946 loco
1432 2900 1594 2943 melius
1623 2901 1864 2952 convenit,
1893 2908 2047 2960 estque

1154 2958 1286 3003 etiam
1313 2958 1361 3001 in
1382 2957 1519 3000 MSS.
1545 2956 1670 3002 Harl.
1697 2957 1779 3002 les.
1808 2956 1959 3006 Guelf.

1216 3042 1272 3099 Q.
1299 3042 1615 3097 Pomponium
1634 3044 1714 3083 'ad
1745 3055 1844 3084 nec.
1875 3043 1989 3086 bella·
2008 3058 2044 3087 e.

1151 3101 1414 3144 detrusum.
1473 3099 1543 3142 De
1569 3098 1631 3154 Q.
1661 3098 1776 3141 Pom
1813 3101 1919 3142 onio
1951 3100 2046 3145 vid.

1151 3157 1313 3258 (31ἱῖδῆ
1343 3157 1398 3201 de
1420 3156 1514 3200 eius
1542 3157 1660 3201 bello
1685 3156 1773 3203 civi
1794 3156 1808 3199 i
1826 3155 1891 3200 nil
1913 3155 2044 3202 inno·

1210 3286 1387 3330 Iuliam
1411 3285 1565 3329 Drusi
1580 3286 1759 3343 filiam.
1818 3284 1878 3329 cf.
1909 3301 1947 3331 c.
1971 3285 2044 3332 32.

1155 3342 1248 3387 Dio
1270 3345 1339 3396 60,
1367 3345 1432 3387 18.

1158 3414 1531 3516 ¹1«S'csszbinamque
1595 3414 1877 3470 Poppaeam.
1977 3415 2037 3459 cf.

1214 3543 1463 3588 Valerium
1479 3543 1754 3600 Asiaticum.
1817 3541 1877 3589 cf.
1903 3543 1970 3595 11,
1997 3543 2038 3591 l.
