2164 3990
1745 186 1795 222 Α.
1813 180 1865 221 tr.
1881 185 1966 221 815.

1747 231 1799 265 A.
1817 228 1865 265 c.
1906 229 1966 265 6².

200 154 333 248 284
865 158 1378 260 ‚ANNALIUM

198 340 335 378 rum
358 318 662 376 cumulum
691 327 989 374 auxerant.
1073 311 1246 372 Clara
1272 328 1329 374 et
1357 318 1615 394 antiquis
1650 319 1914 376 victorii-s
1947 339 2054 395 par

202 426 270 462 ea
301 404 398 460 die
430 403 559 460 laus
591 414 786 478 parta:
850 401 1067 476 quippe
1104 412 1243 457 sunt
1288 403 1394 478 qui
1428 404 1606 478 paulo
1643 404 1842 461 minus
1867 425 2054 481 ‘quam

203 489 497 563 octoginta
529 489 717 544 millia
741 484 1168 541 Britannorum
1199 487 1471 543 cecidisse
1493 489 1758 559 tradant,
1793 489 2054 546 militum
2103 539 2119 543 κ

198 573 647 655 'quadringentis
680 572 863 626 ferme
900 560 1220 627 interfectis
1256 590 1365 628 nec
1397 574 1586 630 multo
1625 573 1879 649 amplius
1918 574 2058 631 vul-

195 660 442 736 neratis.
534 656 833 714 Boudicca
877 655 1060 710 vitam
1105 674 1335 711 veneno
1374 657 1586 718 finivit.
1681 656 1762 716 Et
1795 657 2054 715 Poenius

200 746 516 804 Postumus
545 741 869 818 praefectus
897 751 1221 798 castrorum
1249 743 1537 798 secundae
1571 744 1818 817 legionis
1851 743 2055 817 cogni-

198 832 278 890 tis
311 829 979 908 quartadecumanorum
1011 824 1620 902 vicesimanorumque
1641 830 1934 905 prosperis
1959 848 2055 885 re-

200 917 344 986 buS‚
387 915 523 992 quia
553 908 688 987 pari
708 910 893 983 gloria
917 909 1209 983 legionem
1233 930 1397 970 suam
1423 911 1797 972 fraudaverat
1826 916 2054 971 abnue-

201 1015 409 1081 ratque
435 1008 640 1055 contra
675 996 859 1055 ritum
892 995 1140 1052 militiae
1174 995 1330 1053 iussa
1363 995 1562 1067 duciS,
1604 1017 1665 1054 se
1702 998 1898 1074 ipsum
1930 1000 2054 1074 gla-

204 1088 306 1146 dio
333 1083 630 1158 transegit.

373 1216 743 1280 XXXVIII(
802 1214 1153 1276 Contractus
1182 1219 1393 1277 deinde
1419 1220 1614 1278 omnis
1638 1220 1922 1279 exercitus
1946 1209 2055 1278 sul)

200 1309 454 1389 pellibus
473 1303 712 1364 habitus
735 1315 820 1360 est
840 1305 914 1360 ad
939 1304 1162 1380 reliqua
1191 1305 1335 1361 belli
1357 1308 1764 1382 perpetranda.
1842 1295 2058 1365 Auxit-

203 1416 318 1474 que
352 1394 548 1469 copias
573 1391 787 1450 Caesar
812 1389 1006 1446 missis
1033 1409 1063 1444 e
1089 1386 1409 1448 Germania
1445 1393 1677 1450 duobus
1699 1392 2057 1466 legionario-

198 1503 336 1541 rum
362 1479 656 1546 millibus,
697 1487 828 1532 octo
854 1474 1229 1531 auxiliarium
1253 1471 1595 1534 cohortibus
1619 1499 1683 1534 ac
1704 1477 1867 1533 mille
1890 1478 2057 1554 equi-

201 1568 394 1636 tibus,
437 1582 691 1641 quorum
718 1561 976 1616 adventu
1000 1559 1229 1615 nonani
1249 1561 1572 1634 legionario
1609 1562 1795 1618 milite
1821 1563 2058 1637 supple-

202 1654 252 1711 ti
297 1662 459 1709 sunt:
528 1644 799 1705 cohortes
849 1646 1088 1721 alaeque
1141 1645 1313 1701 novis
1366 1643 1766 1704 hibernaculis
1816 1647 2058 1717 locatae,

203 1738 479 1816 quodque
504 1733 816 1790 nationum
842 1731 1184 1804 ambiguum
1210 1742 1311 1788 aut
1339 1726 1649 1789 adversum
1669 1733 1886 1802 fuerat,
1932 1732 2058 1805 igni

204 1836 379 1900 atque
411 1822 566 1878 ferro
593 1828 870 1875 vastatur.
958 1815 1077 1873 Sed
1113 1812 1269 1872 nihil
1307 1837 1489 1894 aeque
1519 1838 1698 1894 quam
1730 1818 1912 1874 fames
1951 1819 2058 1874 ad-

202 1909 444 1982 fligebat
489 1904 750 1961 serendis
798 1901 1066 1974 frugibus
1108 1901 1434 1959 incuriosos
1476 1914 1531 1959 et
1565 1903 1730 1959 omni
1766 1913 1949 1958 aetate
1982 1904 2059 1959 ad

202 1995 429 2052 bellum
472 2010 669 2056 versa,
727 1989 871 2043 dum
915 1999 1148 2042 nostros
1190 2001 1546 2045 commeatus
1588 1989 1703 2044 sibi
1738 1988 2056 2045 destinant:
2146 2015 2154 2021 »

203 2089 516 2165 gentesque
548 2073 909 2150 praeferoces
951 2072 1174 2129 tardius
1205 2072 1280 2128 ad
1314 2093 1516 2150 pacem
1548 2073 1867 2143 inclinant,
1920 2073 2058 2149 quia

266 2334 519 2388 octoginta.
596 2329 672 2373 Sic
705 2328 775 2371 ed.
808 2327 925 2386 Spir.
958 2334 999 2369 et
1029 2343 1098 2370 re·
1228 2327 1340 2371 CAP.
1369 2327 1440 2371 38.
1521 2342 1546 2374 e
1592 2327 1870 2372 Germania.
1951 2327 2054 2371 MS.

209 2402 346 2442 centt.
363 2391 468 2433 inde
494 2387 648 2445 aLips.
674 2386 832 2444 prima.
851 2413 909 2421 —-
939 2391 1099 2426 octoa-
1171 2384 1321 2429 Guelf,
1345 2401 1407 2428 ex
1430 2385 1704 2429 Germania,

205 2455 340 2508 ginta
381 2448 481 2492 edd*
514 2447 614 2488 Pm'
640 2445 706 2488 Μ’
737 2451 779 2486 et
802 2442 857 2486 V‘
891 2441 1096 2509 Rem-ald'
1226 2469 1556 2514 auxiliarium.
1642 2469 1719 2513 Sic
1758 2469 1892 2513 MSS.
1932 2469 2054 2513 Flos.

207 2511 307 2580 Ah?
338 2506 540 2550 Rhenan'
573 2503 770 2568 Ald.·--
827 2507 1098 2567 oetfmgmm
1170 2530 1290 2583 (test.
1321 2527 1440 2571 Vict.
1475 2544 1514 2570 e.
1546 2527 1632 2570 Iac.
1664 2523 1897 2582 Gronoir.)
1937 2527 2055 2570 Bud.

205 2568 309 2612 Mb.
346 2562 498 2608 Guelf.
529 2576 628 2628 'non
661 2575 758 2602 sme
791 2558 970 2625 alternus
1002 2573 1095 2600 ma-
1169 2587 1277 2643 ΑΨ.
1303 2584 1412 2642 ΚΘΕ·
1447 2584 1545 2628 edd·
1580 2583 1694 2642 Spin
1729 2586 1814 2627 lae.
1850 2583 2055 2627 Gronov·

207 2642 292 2669 nus
348 2627 645 2666 correctione.
688 2645 746 2653 --
831 2622 1098 2668 octmgenm

1169 2642 1344 2685 Ernest.
1389 2657 1489 2699 sqq.
1539 2665 1597 2673 —
1683 2641 2056 2686 auxiliariorum

1170 2698 1304 2752 MSS.
1338 2698 1461 2743 Harl.
1494 2698 1626 2741 Bodl.
1656 2695 1745 2742 les.
1770 2697 1921 2742 Guelf.
1953 2698 2054 2742 edd.

1171 2757 1273 2800 Put.
1297 2757 1364 2798 M.
1393 2764 1436 2798 et
1460 2757 1515 2799 V.
1552 2755 1760 2800 Beroald.
1783 2756 1883 2800 Ale.
1911 2755 2055 2799 Rhen.

208 2680 348 2727 MSS.
371 2678 497 2723 Flor.
532 2682 650 2733 (test.
674 2673 809 2730 Vict.)
837 2671 1098 2723 Bud.Bodl.

176 2741 293 2786 „Iesſs
328 2737 490 2785 Corb.,
547 2733 624 2790 qui
677 2746 895 2783 numerus
943 2746 999 2772 an
1043 2729 1099 2773 sit

210 2793 440 2843 credibilis
467 2792 641 2834 dubito.

266 2895 488 2940 cecidaese.
541 2889 619 2933 Sic
637 2889 740 2942 edd.
757 2887 787 2931 S
823 2888 876 2931 ir.
890 2885 1102 2941 Beroald.

212 2956 271 3010 (e.
292 2953 440 2997 silent.
464 2947 601 3002 Viet.)
626 2948 724 2991 Ale.
746 2947 784 2989 R
820 2963 888 2990 en.
911 2960 1010 3002 sqq.
1043 2972 1103 2980 --

211 3012 427 3054 occidisse
468 3007 604 3050 MSS.
639 3005 755 3048 Bud.
799 3002 952 3046 Guelf.
997 3001 1101 3046 edd.

211 3069 316 3120 Put.
344 3067 409 3110 M.
436 3073 479 3109 et
501 3066 557 3108 V.
622 3062 683 3108 cf.
705 3071 802 3105 not.
834 3061 888 3104 ad
912 3077 950 3104 c.
972 3059 1042 3103 33.

221 3192 227 3193 ⁷
270 3167 525 3212 Boudicca.
585 3162 644 3209 cf.
669 3170 763 3205 not.
787 3159 841 3204 ad
867 3159 906 3203 cl
928 3158 1000 3210 δῖ.

273 3267 414 3307 vitam
449 3275 628 3305 veneno
659 3259 832 3314 finiuit.
913 3257 1004 3300 Dio
1036 3257 1106 3307 62,

215 3322 288 3376 12.
325 3315 654 3371 ἀποθανούσης
689 3317 739 3361 δὲ
768 3317 821 3360 ἰν
853 3312 999 3371 τούτῳ
1030 3316 1107 3367 τῆς

216 3376 529 3437 Βουνδουῖκης
583 3372 729 3431 νόσῳ,
793 3374 972 3431 ἐκείνην
1017 3373 1106 3432 μὲν

218 3438 382 3497 ῥεινῶς
405 3435 667 3488 ἐπένθησαν
689 3447 730 3474 κ.
753 3447 791 3474 τ.
818 3432 858 3474 λ.

273 3517 489 3571 Poenius.
547 3515 629 3560 Ed.
651 3515 771 3574 Spir.
790 3529 1005 3573 poemus.

1171 2829 1269 2873 sqq.

1227 2897 1418 2941 nonani.
1476 2896 1559 2939 Ed.
1581 2895 1698 2954 Spir.
1723 2911 1916 2940 nonam.
1976 2895 2057 2940 Ea-

1173 2955 1274 3011 dem
1296 2970 1398 2998 mox
1419 2956 1636 3011 aliaeque
1657 2971 1741 3013 pro
1761 2957 1970 3015 alaeque.

1228 3067 1380 3095 versa.
1464 3051 1540 3095 Sic
1571 3050 1705 3095 MSS.
1741 3051 1856 3096 Bud.
1901 3051 2054 3096 Guelf.

1172 3110 1275 3153 edd.
1299 3110 1401 3152 Put.
1424 3110 1490 3152 M.
1520 3117 1562 3152 et
1584 3107 1640 3152 V.
1666 3109 1872 3152 Beroald.
1905 3112 1963 3165 (c.
1990 3110 2057 3154 sil.

1174 3165 1313 3220 Vict.)
1353 3166 1457 3210 Alc.
1489 3167 1634 3209 Rhen.
1662 3182 1758 3223 sqq.
1791 3185 1845 3199 —-
1903 3181 2060 3210 versos*

1176 3225 1246 3268 ed.
1265 3224 1383 3282 Spir.
1415 3240 1518 3266 cum
1556 3224 1659 3267 MS.
1683 3223 1793 3281 Reg.
1829 3224 1950 3266 unde
1978 3225 2060 3266 Er-

1176 3282 1343 3325 nestius
1374 3282 1577 3325 volebatz
1628 3283 1757 3323 omni
1786 3288 1963 3323 aestate
1995 3284 2060 3324 ad

1177 3342 1345 3382 bellam
1379 3353 1545 3382 versos.
1621 3338 1707 3382 Sed
1743 3336 2059 3395 significantius

1177 3404 1244 3440 est
1274 3398 1409 3439 omni
1432 3403 1613 3445 aetate:
1642 3411 1801 3451 nempe
1830 3410 1885 3438 ne
1907 3395 2060 3438 mulie-

1177 3470 1248 3497 res
1278 3462 1319 3496 et
1354 3469 1481 3496 senes
1513 3452 1693 3511 quidem
1727 3451 1847 3494 domi
1890 3462 2059 3499 manse.

1177 3520 1309 3563 rum,
1338 3519 1387 3555 ut
1409 3516 1623 3556 sererent.
1682 3507 1742 3552 ef.
1767 3524 1862 3569 cap..
1887 3509 1957 3557 34.
