2164 3990
158 267 210 304 A.
226 266 278 304 U.
293 262 379 300 815.

161 311 212 348 A.
230 311 278 347 C.
318 309 377 344 53.

546 262 725 349 LIB.
759 259 899 321 ΧΠ.
983 257 1180 324 CAP.
1221 258 1323 324 55.
1362 260 1463 323 56.
1813 268 1932 327 129

72 402 415 468 turbantur,
487 394 666 472 quodl
715 391 851 449 duri
916 390 1138 447 circum
1204 391 1323 448 loci
1379 392 1792 470 peditibusque
1851 399 1927 454 ad

74 503 332 562 pugnam
384 479 589 539 idonei
646 487 912 554 equestre
966 477 1259 550 proelium
1310 471 1477 536 haud
1533 479 1926 553 patiebantur.

75 569 232 629 Dein
275 587 375 625 rex
425 566 552 622 eius
591 582 731 619 orae
766 556 1130 639 Antioch11S‚
1191 561 1614 620 blandimentis
1651 566 1928 622 adversus
2010 622 2013 636 ,

76 655 338 731 plebem,
378 639 585 708 fraude
613 648 677 703 in
698 647 909 703 ducem
937 667 1071 703 cum
1090 647 1478 703 barbarorum
1510 649 1704 723 copias
1735 650 1927 707 disso—
1969 656 1972 667 ¹

75 739 306 808 ciasset,
357 734 693 793 Trosobore
728 729 1044 808 paucisque
1075 732 1436 807 primoribus
1474 733 1793 792 interfectis
1831 755 1927 792 ce-

73 835 230 882 teros
257 820 566 880 clementia
593 816 939 892 composuit.

239 903 399 966 LVI.
483 904 609 963 Sub
672 903 831 958 idem
882 913 1115 975 tempus
1172 900 1327 958 inter
1380 903 1573 959 lacum
1628 902 1923 961 Fucinum

74 1010 423 1069 amnemque
467 988 659 1048 Lirim
707 997 987 1063 perrupto
1029 996 1261 1055 monte,
1327 1008 1443 1063 quo
1491 989 1924 1062 magnificentia

70 1078 264 1154 operis
289 1097 321 1134 a
345 1075 619 1152 pluribus
641 1071 954 1140 viseretur,
996 1070 1128 1126 lacu
1158 1070 1224 1125 in
1247 1071 1374 1146 ipso
1401 1073 1608 1129 navale
1629 1075 1925 1149 proelium

72 1163 423 1231 adornatur,
488 1171 556 1216 ut
599 1158 897 1234 quondam
932 1151 1232 1228 Augustus
1274 1166 1491 1213 structo
1536 1159 1617 1214 cis
1652 1158 1922 1216 Tiberim

72 1259 308 1321 stagno,
374 1247 473 1301 sed
504 1243 731 1300 levibus
767 1240 1018 1313 navigiis
1054 1251 1110 1297 et
1144 1240 1374 1297 minore
1421 1243 1587 1318 copia
1641 1244 1922 1304 ediderat.

69 1331 353 1390 Claudius
386 1329 651 1386 triremes
684 1322 1196 1402 quadriremesque
1235 1337 1291 1382 et
1322 1328 1695 1402 undeviginti
1724 1325 1923 1386 homi-

69 1436 216 1473 num
241 1414 429 1470 millia
455 1411 731 1480 armavit,
773 1410 961 1466 cincto
989 1411 1214 1466 ratibus
1247 1412 1473 1468 ambitu
1500 1434 1575 1469 ne
1600 1432 1747 1488 vaga
1773 1415 1923 1471 effu-

69 1501 164 1575 gia
187 1501 406 1561 forent:
451 1519 517 1555 ac
542 1509 742 1555 tamen
772 1495 1027 1570 spatium
1065 1496 1367 1570 amplexus
1404 1498 1479 1554 ad
1513 1500 1638 1554 vim
1671 1500 1919 1572 remigii,

68 1583 525 1659 gubernantium
563 1594 741 1650 arteS,
797 1581 1047 1655 impetus
1091 1581 1336 1638 navium
1379 1594 1435 1640 et
1469 1584 1693 1658 proelio
1733 1585 1922 1644 solita.

68 1670 134 1727 in
167 1671 392 1728 ratibus
427 1667 853 1744 praetoriarum
893 1659 1224 1722 cohortium
1256 1668 1550 1742 manipuli
1583 1673 1948 1745 turmaeque

1029 1924 1180 1953 mana
1199 1911 1344 1964 copia.
1402 1911 1473 1954 De
1490 1928 1539 1954 re
1562 1910 1622 1955 cf.
1645 1912 1735 1957 Dio
1758 1915 1828 1966 60,
1847 1912 1918 1959 33.

1027 1966 1215 2011 Sueton.
1243 1967 1399 2012 Claud.
1423 1969 1552 2012 c.21.

1083 2039 1383 2091 undeviginti.
1450 2037 1551 2083 MS.
1586 2038 1739 2087 Guelf.
1771 2059 1916 2086 unum

1026 2098 1084 2138 de
1103 2095 1219 2137 XX.
1244 2097 1376 2138 milia
1393 2098 1648 2140 hominum.
1687 2098 1773 2143 Ed.
1796 2102 1915 2160 Spir-

1027 2155 1132 2196 inde
1164 2154 1324 2206 viginti
1348 2155 1393 2196 h.
1427 2156 1573 2197 milia.
1631 2155 1734 2201 Put.
1763 2162 1916 2202 unde-

1026 2210 1261 2265 vz'ginti'h.
1287 2212 1435 2254 milia.

1081 2267 1279 2322 remigii.
1338 2268 1442 2311 MS.
1468 2268 1619 2313 Guelf.
1643 2274 1836 2327 navigii.

1077 2338 1448 2391 gubernantium.
1529 2341 1605 2384 Sic
1645 2341 1746 2384 MS.
1788 2344 1912 2388 Flor.

1024 2395 1139 2450 (test.
1163 2395 1280 2438 vict.
1305 2411 1341 2440 e.
1365 2396 1511 2451 Pich.)
1537 2398 1638 2440 edd.
1657 2397 1913 2457 Spir.Pich.

71 1930 177 1958 mox
205 1914 465 1969 peditesque
503 1927 588 1970 pro
627 1911 957 1966 peditibusque.

70 1972 188 2016 Dein
214 1971 506 2013 'orationibus
534 1983 619 2026 pro
650 1982 760 2010 orae
781 1968 958 2010 Antio·-

70 2032 198 2130 {gu-{⁶
278 2027 350 2070 De
382 2026 470 2070 hoc
503 2025 730 2069 Antiocho
771 2024 831 2070 cf.
863 2024 956 2068 Dio

125 2159 190 2199 ad
230 2126 475 2211 pugnarn.¹
540 2153 643 2196 MS.
692 2151 844 2197 Guelf.
890 2156 957 2195 ad

64 2229 242 2271 pugna.
315 2213 425 2256 Mox
461 2213 709 2254 adversum
744 2226 827 2269 pro
862 2214 952 2254 ad-

69 2285 241 2316 versus.

123 2331 174 2372 in
193 2332 374 2372 ducem.
434 2325 517 2370 Ed.
542 2324 658 2384 Spir.
679 2326 912 2369 inducere.

126 2400 237 2444 CAP.
261 2397 329 2441 56.
387 2397 534 2440 Lirim
552 2403 792 2451 perrupto.
852 2397 952 2440 MS.

67 2455 216 2502 Guelf.
230 2455 390 2512 Lyrim
410 2460 681 2508 praerupto,
739 2452 820 2496 Ed.
835 2452 951 2511 Spir.

65 2518 208 2560 lirim.
255 2513 358 2556 Put.
378 2527 475 2570 sqq.
498 2512 634 2567 ζγνίη.

121 2588 399 2630 adornatur.
473 2581 556 2624 Ed.
595 2579 714 2638 spir.
758 2581 951 2624 ordina-

30 2690 34 2693 ,
67 2651 157 2687 tur.
214 2641 286 2685 De
305 2640 438 2683 rebus
460 2637 591 2681 huius
618 2652 716 2694 cap.
751 2638 807 2681 cf.
828 2636 951 2682 Suet.

67 2700 227 2746 Claud.
253 2715 292 2742 c.
311 2697 382 2740 20.
423 2695 513 2739 Dio
535 2695 605 2746 60,
627 2695 695 2738 11.

124 2778 176 2814 ut
197 2771 433 2826 quondam
449 2765 701 2819 Augustus.
756 2765 812 2809 ef.
826 2763 951 2811 Suet.

68 2828 176 2873 Oct.
198 2843 238 2870 e.
257 2825 330 2869 43.

120 2890 307 2930 structo.
364 2879 468 2923 MS.
498 2877 648 2923 Guelf.
668 2881 843 2923 stricto.

122 2943 188 2986 eis
220 2938 424 2983 Tiberim
452 2945 638 2991 stagno.
711 2937 795 2981 Ed.
829 2936 950 2997 Spir.

67 3002 133 3046 eis
151 3005 315 3052 stagno
339 2994 539 3037 tiberim.

127 3067 348 3113 Claudius
378 3066 593 3107 triremes
614 3071 697 3109 etc.
754 3063 949 3110 Levibus

66 3123 258 3183 Augusti
285 3121 471 3179 navigiis
497 3128 790 3180 opponuntur
821 3121 949 3165 trire-

66 3199 162 3228 mes
230 3178 589 3236 uadriremesque
622 3178 820 3230 Claudii,
870 3180 952 3221 mi-

66 3239 170 3284 nori
187 3238 202 3280 i
222 3237 306 3280 lius
326 3236 475 3292 copiae
501 3237 578 3289 (sc.
597 3235 842 3287 hominum,
865 3252 952 3278 nec

69 3297 124 3341 de
164 3294 444 3351 navigiorum
491 3293 617 3349 copia
661 3292 948 3349 cogitandum

70 3354 150 3408 est)
200 3352 328 3394 huius
380 3349 661 3406 undeviginti
711 3349 947 3392 hominum

70 3408 220 3452 millia.
279 3405 340 3449 na
372 3422 466 3449 non
498 3406 768 3449 desideratur
792 3422 946 3449 nume·

67 3481 143 3508 rus
178 3471 276 3507 ante
310 3465 544 3514 triremes,
585 3471 632 3505 ut
666 3471 823 3521 putant
850 3462 897 3507 Li
932 3485 948 3495 ·

69 3523 158 3564 sius
181 3519 355 3576 aliique.
416 3519 485 3562 De
510 3536 619 3563 voce
641 3521 772 3575 copia
794 3519 854 3564 cf.
879 3523 900 3562 1
936 3551 948 3568 ,

68 3579 136 3622 55.
160 3590 253 3620 non
274 3579 411 3619 modo
434 3591 521 3619 sua
543 3578 699 3633 copia;
727 3578 769 3628 4,
787 3577 829 3619 4.
844 3578 945 3620 Ro-

147 3643 388 3694 TAcvrns
417 3641 482 3690 Π.

1022 2469 1041 2494 s
1077 2467 1121 2508 q.
1134 2481 1192 2488 —
1216 2460 1261 2494 et
1279 2455 1472 2506 gubern.
1489 2455 1622 2498 MSS.
1638 2455 1784 2501 Guelf.
1799 2459 1913 2502 Bud.

1025 2523 1048 2550 e
1083 2511 1125 2552 d.
1150 2509 1252 2552 Put.
1285 2509 1351 2551 M.
1376 2519 1419 2553 et
1438 2510 1487 2553 V.
1513 2511 1617 2553 Ber.
1642 2505 1741 2555 Ale.
1765 2514 1910 2558 Rhen.

1023 2581 1121 2624 sqq.
1180 2565 1272 2608 Pro
1296 2574 1423 2610 artes
1444 2567 1708 2611 MS.G1.1elf.
1732 2579 1882 2616 rates.

1064 2638 1300 2735 lzc'lmpsetuS.
1315 2635 1437 2734 PSic
1451 2638 1593 2735 lieffSS.
1615 2639 1735 2734 szlor.
1761 2640 1911 2686 Guelf.

1023 2709 1127 2794 ³10:
1193 2702 1480 2806 zffbetullvll'ue
1511 2702 1612 2794 edil.
1634 2697 1923 2815 fihffssfzssgf

1023 2823 1164 2907 usque
1184 2807 1239 2850 ad
1264 2808 1520 2890 Pieli-enam,
1554 2810 1628 2878 qui
1651 2810 1813 2857 delevit
1835 2829 1910 2858 co-

1021 2880 1083 2923 pu
1103 2880 1177 2907 am
1203 2873 1465 2908 auetontate
1491 2865 1590 2909 MS.
1613 2867 1736 2912 Flor.

1080 2942 1125 2977 et
1174 2937 1371 2988 proelio.
1466 2935 1541 2977 Sic
1591 2937 1727 2983 MSS,
1777 2940 1902 2984 Flor.

1023 2990 1172 3035 Guelf.
1199 2992 1300 3035 edd.
1325 2991 1442 3049 Spir.
1463 2991 1563 3035 Put.
1586 2993 1651 3038 M.
1676 3004 1719 3038 et
1743 2995 1799 3041 V.
1823 2999 1905 3041 Be.

1020 3048 1161 3092 roald.
1183 3047 1283 3092 Alc.
1317 3057 1359 3090 et
1383 3048 1507 3091 Pich.
1538 3066 1635 3108 sqq.
1662 3076 1719 3085 -
1763 3069 1908 3104 prae-

1019 3108 1080 3149 lio
1102 3105 1175 3151 vel
1195 3107 1373 3160 proelio
1399 3105 1509 3148 (sine
1541 3117 1601 3163 ec)
1634 3109 1736 3152 edd.
1758 3110 1902 3158 Rham

1022 3180 1120 3222 sqq.
1146 3178 1284 3219 usque
1308 3163 1360 3205 ad
1386 3162 1509 3204 Pich.
1846 3159 1849 3163 ’

1079 3235 1237 3275 solita.
1315 3231 1392 3274 Sic
1430 3232 1529 3274 edd.
1562 3233 1747 3280 Pichen.
1783 3239 1851 3292 (ut
1880 3254 1904 3282 e

1022 3292 1122 3334 MS.
1159 3291 1302 3341 Flor.)
1342 3305 1436 3346 sqq.
1470 3314 1525 3323 -
1576 3293 1705 3334 soliti
1731 3295 1814 3341 (sc.
1853 3297 1902 3338 in

1020 3349 1201 3390 ratibus
1222 3348 1325 3401 etc.)
1350 3345 1481 3390 MSS.
1500 3346 1649 3392 Guelf.
1663 3349 1777 3394 Bud.
1800 3353 1901 3396 edd.

1019 3406 1050 3448 S
1084 3405 1138 3447 ἰι·.
1167 3403 1268 3445 Put.
1291 3404 1357 3446 M.
1386 3411 1427 3445 et
1450 3402 1505 3446 V.
1533 3404 1742 3452 Beroald.
1777 3408 1900 3463 (cum

1020 3421 1165 3506 siYent.
1181 3459 1316 3515 Viet.)
1339 3461 1434 3504 Alc.
1451 3484 1503 3494 -
1533 3465 1696 3507 solitos
1721 3466 1799 3520 (se.
1814 3467 1899 3507 im—

1013 3520 1164 3573 petus)
1189 3517 1290 3560 edd.
1313 3516 1518 3562 Rhenan.
1549 3535 1644 3577 sqq.
1675 3538 1814 3580 usqne
1845 3523 1899 3565 ad

1019 3575 1204 3618 Pichen.

1236 3634 1260 3690 Ι
