2164 3990
186 240 240 276 A.
260 240 313 277 U.
330 240 413 277 815.

156 321 159 332 ,
186 287 239 321 Α.
259 283 306 320 C.
349 283 410 316 62.

562 242 736 329 ΜΒ.
767 240 934 303 xlv.
1020 240 1216 302 CAP..
1252 244 1351 300 32.
1384 243 1483 302 33.
1823 236 1947 303 279

102 376 318 432 sidium
358 370 701 432 adventanti
736 371 945 427 obvius
976 371 1132 428 fudit
1162 371 1455 444 legionem
1491 383 1546 428 et
1581 374 1741 448 quod
1775 375 1945 449 pedi-

97 474 227 526 tum
268 457 575 516 interfecit.
659 453 907 512 Cerialis
943 476 1076 512 cum
1116 457 1412 532 equitibus
1446 457 1629 513 evasit
1659 458 1723 513 in
1761 470 1946 516 castra

97 557 156 602 et
175 543 559 602 munim‘entis
589 541 860 597 defensus
887 551 987 599 est.
1073 562 1188 617 qua
1224 542 1387 598 clade
1423 553 1479 598 et
1513 542 1668 597 odiis
1701 544 1947 618 provin-

99 631 250 699 ciae,
291 649 470 706 quam
493 626 738 684 avaritia
771 625 836 680 in
861 625 1086 682 bellum
1120 638 1341 700 egerat,
1376 627 1640 703 trepidus
1666 646 1947 703 procura-⁷

98 726 193 773 tor
215 713 393 772 Catus
418 714 482 768 in
507 710 766 769 Galliam
787 711 1039 770 transiit.

266 845 552 906 XXXIII.
617 841 701 904 At
723 844 1219 904 Suetonius'mira
1246 846 1572 904 constantia
1600 845 1825 903 medios
1851 847 1946 902 in*-

33 931 36 934 ’
98 949 186 995 ter
217 931 411 993 hostes
442 932 812 990 Londinium
855 932 1110 1007 perrexit
1146 943 1533 1004 cognomento
1570 932 1811 1009 quidem
1848 953 1946 989 co-

99 1020 294 1079 loniae
319 1038 442 1075 non
467 1017 727 1090 insigne,
772 1019 871 1073 sed
901 1017 1067 1091 copia
1092 1017 1525 1089 negotiatorum
1564 1028 1619 1073 et
1654 1038 1946 1082 commea„—

98 1120 265 1164 tuum
302 1103 554 1159 maxime
594 1103 838 1161 celebre.
925 1102 1012 1157 ibi
1055 1102 1364 1173 ambiguus
1414 1122 1491 1157 an
1537 1103 1702 1158 illam
1749 1104 1945 1161 sedem

97 1192 254 1248 bello
290 1189 597 1260 deligeret,
651 1187 1064 1260 circumspecta
1101 1186 1495 1266 infrequentia
1539 1187 1743 1243 militis
1777 1188 1948 1244 satis-

98 1297 212 1353 que
257 1273 484 1347 magnis
531 1272 898 1328 documentis
951 1271 1338 1327 temeritttem
1372 1270 1573 1328 Petilii
1618 1273 1944 1342 coercitam,

96 1361 274 1419 unius
321 1357 527 1433 oppidi
578 1357 795 1412 damno
841 1376 1070 1412 servare
1117 1356 1393 1412 universa
1434 1358 1652 1416 statuit.
1752 1377 1942 1434 neque

94 1447 238 1502 fletu
264 1455 320 1500 et
342 1441 918 1499 lacrimis⁶auxilium
947 1442 1072 1497 eius
1096 1442 1394 1499 orantium
1417 1443 1601 1498 flexus
1639 1453 1754 1512 est,
1799 1442 1946 1518 quin

84 1533 258 1590 daret
291 1526 670 1604 profectionis
708 1527 939 1600 signum
971 1539 1029 1583 et
1056 1527 1397 1584 comitantes
1420 1527 1483 1582 in
1510 1538 1736 1602 partem
1761 1527 1947 1600 agmi-

96 1617 188 1671 nis
207 1615 507 1688 acciperet.
551 1612 597 1666 si
616 1631 762 1687 quos
785 1611 1040 1667 imbellis
1058 1631 1222 1667 sexus
1247 1623 1347 1667 aut
1369 1614 1515 1668 fessa
1543 1624 1696 1668 aetas
1711 1612 1805 1667 vel
1830 1610 1957 1668 loci*

94 1701 343 1757 dulcedo
371 1697 711 1766 attinuerat,
754 1697 826 1752 ab
853 1692 1018 1752 hoste
1044 1697 1304 1771 oppressi
1335 1708 1489 1757 sunt.
1572 1694 1797 1753 Eadem
1827 1697 1946 1753 cla-

94 1788 196 1842 des
215 1782 537 1856 municipio
550 1779 895 1838 Verulamio
919 1782 1048 1850 fuit,
1076 1782 1211 1858 quia
1235 1782 1474 1838 barbari
1495 1782 1726 1838 omissis
1741 1782 1944 1838 castel—

96 1871 167 1927 lis
207 1867 630 1945 praesidiisque
665 1866 1014 1924 militarium
1054 1868 1211 1944 quod
1254 1862 1622 1940 uberrimum
1665 1867 1942 1942 spolianti

153 2108 265 2153 CAP.
299 2106 371 2150 33.
451 2107 641 2148 medios.
722 2105 797 2150 Sic
839 2105 975 2148 MSS.

94 2167 216 2211 Flor.
254 2166 367 2218 (test.
402 2162 536 2220 Viet.)
571 2162 685 2207 Bud.
722 2163 821 2206 edd.
853 2162 975 2220 Spir.

92 2225 237 2268 Rhen.
258 2238 355 2280 sqq.
387 2246 443 2255 -
502 2221 683 2263 medius
703 2220 806 2263 MS.
826 2219 979 2263 Guelf.

92 2283 195 2325 edd.
217 2281 319 2324 Put.
346 2280 413 2323 M.
437 2287 479 2322 et
503 2278 558 2322 V.
579 2277 784 2321 Beroald.
807 2277 909 2320 Alc.

1051 2113 1146 2148 not.
1183 2105 1237 2149 ad
1274 2108 1340 2154 ll,
1378 2106 1422 2150 2.
1452 2108 1535 2149 sub
1570 2105 1739 2149 verbis:
1801 2115 1940 2163 atque

1049 2165 1127 2205 ille
1140 2162 1362 2219 functam
1373 2166 1487 2219 sato
1514 2167 1833 2217 responderet.

1108 2265 1398 2308 Verulamio.

1471 2265 1552 2307 Ed.
1588 2264 1709 2322 Spir.
1747 2267 1933 2307 verula-

149 2388 510 2424 commeatuum.
582 2378 658 2421 Sic
688 2378 824 2420 MSS.
853 2378 978 2422 Flor-

94 2442 210 2494 (test.
230 2437 432 2493 Piehen.)
452 2437 561 2491 Reg.
579 2436 718 2479 Corb.
740 2435 853 2476 Bud.
878 2435 977 2477 edd.

93 2497 212 2553 Spir.
247 2494 429 2537 Pichen.
463 2508 559 2551 sqq.
599 2516 656 2524 —·
715 2499 978 2534 commeatu

94 2552 226 2596 MSS.
259 2551 408 2594 Guels.
441 2550 563 2593 Harl.
598 2549 730 2591 Bodl.
763 2550 845 2591 les.
878 2549 979 2592 edd.

93 2611 196 2653 P'ut.
221 2609 289 2651 M.
309 2618 349 2651 et
374 2610 428 2650 V.
455 2606 660 2650 Beroald.
682 2610 804 2662 (cum
832 2605 978 2648 silent.

94 2667 229 2723 Vict.)
254 2666 352 2709 Ate.
374 2665 517 2708 Rhen.
539 2679 636 2722 sqq.
704 2662 887 2706 Scilicet
911 2663 976 2706 lit-

96 2734 234 2768 teram
261 2740 310 2765 m
336 2721 554 2781 absorpsit
576 2737 764 2779 sequens
788 2722 977 2765 vocabu·

95 2782 208 2825 lum.

150 2883 384 2935 deligeret.
463 2880 548 2923 Ed.
582 2879 699 2935 Spir.
732 2880 980 2928 delegeret.

95 2940 205 2983 Mox
231 2947 331 2980 ante
359 2939 567 2993 satisque
599 2954 646 2978 ex
678 2933 979 2992 praecedenti-

95 2999 178 3040 bus
202 2994 419 3053 intellige:
445 3003 487 3037 ει
508 2997 850 3048 circumspecte.
880 2990 978 3034 Pla-

98 3071 152 3096 ne
181 3053 247 3096 sic
275 3055 312 3100 1.
336 3053 401 3094 15.
435 3068 483 3094 ex
512 3054 696 3093 decreta
717 3050 769 3092 ad
793 3064 978 3106 sequen-

94 3113 152 3154 tia
174 3109 358 3167 intelligi
381 3109 577 3154 vidimus
600 3111 835 3150 decretum
855 3113 938 3149 est.

152 3205 390 3266 deciperet.
449 3209 511 3250 Ex
538 3207 726 3252 Acidalii
752 3207 978 3251 coniectu-

98 3286 147 3312 ra
166 3269 263 3312 edd.
293 3266 500 3310 Oberlin.
521 3282 621 3322 sqq.
653 3265 867 3307 dederant
897 3280 975 3306 ac-

98 3333 294 3382 ceperat.
389 3322 612 3366 Bekkerus
654 3330 848 3364 veterem
883 3320 974 3363 for-

98 3399 216 3426 mam
239 3382 443 3426 restituit.
490 3380 644 3422 Recte.
696 3376 831 3421 Nulla
855 3378 974 3420 enim

100 3447 163 3481 est
193 3438 447 3483 mutationis
479 3437 725 3480 necessitas.
793 3434 978 3492 Saepius

99 3496 147 3538 in
175 3494 327 3539 Tacito
356 3495 459 3540 talia
495 3502 668 3537 mutant
701 3493 979 3550 interpretes,

83 3565 231 3611 ‘quam
261 3562 310 3596 ut
341 3553 475 3601 fidem
505 3552 556 3596 iis
589 3550 844 3595 habeamus.
918 3547 978 3598 cs.

1051 2324 1145 2364 m'o.

1104 2421 1442 2475 praesidiisque
1484 2423 1776 2466 militarium.
1861 2425 1938 2467 Sic

1050 2477 1149 2519 libri
1182 2486 1285 2520 vett.
1356 2477 1550 2521 Pichena
1584 2480 1773 2522 malebat
1807 2483 1937 2524 mili-

1049 2536 1244 2576 taribus.
1331 2533 1533 2578 Probant
1573 2535 1647 2579 alii
1690 2538 1748 2579 ob
1789 2554 1830 2582 c.
1860 2539 1933 2582 45.

1050 2607 1186 2633 omne
1235 2593 1325 2634 iter
1376 2595 1655 2636 militaribus
1690 2599 1937 2648 praesidiis

1048 2650 1206 2703 sepsit.
1277 2648 1365 2691 Sed
1399 2649 1458 2691 ibi
1484 2654 1722 2703 praesidia
1753 2655 1931 2698 milita}-

1049 2708 1124 2748 ria
1147 2714 1251 2748 suut
1273 2705 1356 2762 ipsi
1381 2707 1539 2749 milites
1569 2710 1772 2764 praesidii
1803 2727 1932 2756 causa

1050 2763 1198 2806 locati.
1274 2763 1359 2805 Hie
1387 2767 1627 2816 praesidia
1656 2768 1931 2811 militarium

1049 2830 1152 2863 sunt
1195 2821 1319 2871 loca,
1371 2821 1533 2878 quibus
1574 2823 1736 2868 milites
1781 2826 1931 2869 insunt

1051 2877 1459 2934 (Milicdrplc'z‘tze).
1546 2879 1604 2922 cf.
1645 2881 1754 2925 Hist.
1790 2882 1831 2935 8,
1862 2884 1930 2926 61.

1049 2934 1217 2978 omissi
1242 2936 1484 2990 praesidii.
1548 2937 1701 2993 Quare
1724 2940 1933 2983 Muretus

1050 2993 1230 3036 volebat
1269 2993 1470 3034 militum
1512 3011 1596 3051 pro
1640 2999 1931 3042 militarium.

1050 3049 1137 3092 Sed
1189 3049 1398 3093 militares
1438 3061 1541 3094 sunt
1584 3054 1662 3097 viri
1707 3055 1934 3108 militares,

1051 3122 1164 3164 quos
1185 3106 1350 3150 Noster
1380 3107 1488 3149 dicit
1523 3111 1588 3158 15,
1614 3114 1681 3154 10.
1750 3111 1822 3154 Nil
1854 3111 1931 3171 igi—

1047 3174 1122 3207 tur
1154 3179 1265 3220 opus
1299 3172 1362 3206 est
1405 3167 1740 3217 emendatione,
1795 3185 1931 3227 quan·

1050 3237 1183 3278 quam
1208 3221 1304 3264 MS.
1326 3220 1437 3278 Agr.
1462 3222 1591 3267 habet
1613 3228 1824 3270 militum.
1876 3242 1878 3245 ’

1389 3322 1450 3364 Ex
1478 3325 1783 3371 emendatione
1809 3328 1930 3372 Mer·

1180 3435 1188 3444 ⁶
1228 3395 1359 3435 quam
1423 3392 1630 3440 recepere
1683 3383 1930 3440 Gronovii‚

1050 3435 1245 3494 Rycluus
1278 3453 1378 3494 sqq.
1419 3459 1476 3469 -—
1542 3441 1750 3493 spellant
1794 3443 1929 3490 MSS.

1050 3502 1092 3535 et
1116 3492 1217 3535 edd.
1252 3502 1359 3538 vett.
1430 3496 1466 3540 1.
1499 3495 1762 3547 Gronovius
1794 3509 1929 3549 tenta-

1050 3551 1125 3596 bat
1145 3552 1364 3604 spoliata.

1104 3323 1330 3375 spoh‘cmti.

1050 3380 1138 3422 ceri
1153 3411 1164 3428 ‚
