2164 3990
153 191 266 231 A.U.
283 194 363 228 817.

153 240 203 275 Λ.
223 237 271 273 c.
303 237 366 270 64.

593 193 772 254 LIB.
819 165 951 255 xv.
1039 192 1243 257 CAP.
1282 163 1384 253 23.
1794 193 1918 272 353
1937 244 1943 260 Α,

69 350 217 407 quae
254 324 638 400 multiplicata
682 323 1076 400 exsolutaque.
1177 335 1232 381 et
1268 322 1499 380 additae
1521 324 1917 398 'supplicatio-

69 435 172 471 nes
207 413 608 486 templumque
643 405 692 463 F
694 408 1014 465 ecunditati
1053 419 1122 464 et
1163 420 1455 475 certamen
1503 409 1578 463 ad
1623 409 1918 485 exemplar

69 498 345 556 Actiacae
362 492 665 568 religionis
692 493 1014 549 decretum:
1040 503 1243 569 ‚utque
1266 492 1666 570 Fortunarum
1696 495 1914 568 effigies

67 589 274 640 aureae
323 581 389 637 in
432 579 581 636 solio
617 575 941 650 Capitolini
986 577 1141 634 Iovis
1189 579 1548 636 locarentur:
1617 578 1913 635 ludicrum·

65 669 319 730 circense
345 677 412 722 ut
439 663 624 721 Iuliae
647 662 807 735 genti
828 663 984 737 apud
1006 661 1268 719 Bovillas
1297 663 1376 720 ita
1399 661 1681 720 Claudiae
1701 662 1914 720 Domi-

65 755 294 830 tiaeque
317 751 473 825 apud
489 746 741 804 Antium
768 749 1056 806 ederetur.
1144 768 1293 823 quae
1319 749 1478 805 fluxa
1498 749 1691 818 fuere,
1736 769 1912 824 quar-

66 851 194 896 tum
220 835 396 922 ‘intra'
423 852 685 889 mensem
723 833 995 889 defuncta
1032 830 1274 891 infante.
1360 829 1709 910 Rursusque
1745 853 1914 889 exor-

66 935 157 979 tae
195 919 563 978 adulationes
603 917 968 974 censentium
1009 912 1298 973 honorem
1335 918 1504 974 divae
1543 917 1600 975 et
1635 919 1916 994 pulvinar

64 1008 383 1083 aedemque
406 1003 471 1062 et
487 1004 862 1062 sacerdotem.
918 998 1112 1077 Atque
1135 1003 1258 1076 ipse
1282 1013 1347 1058 ut
1374 1003 1627 1069 laetitiae
1653 1004 1733 1061 ita
1751 1024 1915 1060 mae-

64 1093 216 1149 roris
279 1090 630 1146 immodicus
679 1087 811 1161 egit.
924 1084 1294 1144 Adnotatum
1347 1099 1451 1143 est·
1489 1089 1654 1144 omni
1710 1101 1917 1150 senatu,

65 1172 316 1235 Antium
345 1177 453 1233 sub
482 1185 774 1231 recentem
800 1183 1034 1247 partum
1063 1171 1246 1228 effuso
1279 1167 1602 1230 Thraseam
1641 1170 1914 1249 prohibi·
1942 1175 1945 1179 ’

119 1396 439 1447 exsolutaque.
526 1389 603 1432 Sic
663 1388 766 1431 MS.
826 1386 952 1430 Flor.
1027 1389 1092 1432 vel
1135 1385 1366 1439 Antiatis,
1414 1387 1484 1432 vel
1526 1389 1802 1431 Antiatinae
1842 1406 1915 1433 vo-
1948 1405 1951 1411 ’

62 1453 176 1505 (test.
200 1449 340 1504 Viet.)
372 1456 414 1491 et
444 1444 544 1491 edd.
572 1455 760 1489 recentt.
796 1444 900 1487 inde
930 1461 953 1487 a
1026 1446 1148 1497 lunt,
1188 1446 1469 1488 documentis
1502 1445 1676 1489 idoneis
1707 1447 1916 1490 nondum

59 1508 180 1565 Lips.
209 1506 386 1565 *primm
475 1508 763 1559 exolutaque
804 1501 953 1545 Guelf.
1026 1504 1221 1546 docuere
1266 1504 1405 1545 Antii
1450 1511 1679 1546 certamen
1730 1504 1776 1546 in
1829 1521 1912 1548 usu

62 1565 163 1608 edd.
200 1572 308 1610 vett.
345 1561 414 1618 ef.
446 1571 538 1605 noi.
573 1563 625 1605 ad
655 1564 692 1611 1,
715 1561 783 1602 15.
844 1560 952 1601 Mox
1013 1562 1173 1604 fuisse.

63 1622 215 1679 (zuels.
244 1637 340 1663 non
365 1620 496 1662 habet
524 1628 568 1661 et
590 1627 690 1662 ante
715 1621 920 1660 adduae.
1079 1645 1332 1699 religionis·
1412 1643 1584 1703 Lipsius
1638 1644 1918 1690 coniectabat

1021 1705 1232 1756 regionis.
1294 1702 1380 1745 Sed
1417 1702 1583 1754 religio
1614 1717 1718 1744 sane
1749 1702 1834 1745 fuit
1867 1703 1914 1745 in

1023 1760 1234 1802 omnibus
1264 1758 1742 1810 eiusmodivinstitutis,
1781 1760 1913 1805 etiam

1020 1817 1067 1859 in
1095 1818 1338 1859 certamine
1361 1815 1574 1867 Actiaco,
1606 1817 1727 1873 quod
1753 1817 1916 1861 docent

1025 1875 1162 1920 verba
1186 1873 1349 1917 Dionis
1373 1873 1510 1916 modo
1533 1874 1723 1916 laudata.

106 1705 413 1763 fecundz‘dati.
502 1701 579 1746 Sic
638 1700 772 1744 MSS.
827 1701 949 1743 Flor.

62 1766 178 1819 (test.
196 1763 336 1818 Viet.)
365 1760 519 1804 Guelf.
547 1759 647 1802 edd.
673 1758 790 1816 Spir.
817 1766 859 1800 et
884 1774 951 1799 re-

62 1829 196 1864 centt.
230 1819 335 1862 inde
356 1835 379 1860 a
401 1818 519 1876 Lips.
544 1818 700 1874 prima.
751 1817 952 1871 foecun-

60 1879 217 1920 didaci
235 1876 346 1926 edd.
383 1876 485 1918 Put.
510 1875 576 1917 M.
602 1883 642 1916 et
668 1874 721 1917 V.
745 1872 950 1917 Beroald.

60 1937 162 1980 Alc.
187 1935 328 1979 Rhen.
353 1934 461 1976 Ald.

1081 1958 1421 2000 Fortunarum.
1502 1955 1700 2012 Intellige
1739 1958 1916 2001 Fortu-

24 2623 26 2627 *
60 2612 140 2638 cae
175 2611 196 2636 3
235 2609 296 2636 In.
332 2607 421 2634 See·

118 2020 356 2072 Actiacae.
412 2016 488 2061 Sic
511 2015 608 2060 MS.
637 2015 745 2072 Reg.
781 2023 824 2058 et
855 2014 954 2057 edd.

60 2079 233 2125 Ernest.
251 2076 427 2121 Broter.
447 2083 544 2132 sqq.
574 2102 631 2109 —
687 2075 951 2127 accz'aceque

61 2137 129 2179 ed.
161 2134 279 2191 Spir.
312 2132 526 2176 Accierce
564 2130 665 2174 MS.
695 2131 730 2173 F
733 2129 820 2172 lor.
850 2136 949 2171 test.

60 2195 148 2237 lac.
192 2189 456 2241 Gronovio3
503 2189 750 2241 secundum
796 2186 948 2229 Victo·

58 2252 176 2294 rium
198 2250 415 2298 actiecce,
436 2247 557 2303 quod
581 2247 617 2288 is
643 2245 760 2288 corri
796 2245 806 2286 i
827 2244 950 2287 iubet

45 2310 290 2351 Actiacae.
325 2333 380 2341 —
439 2306 713 2356 Accicaeque
789 2300 950 2345 S.Vat.

60 2372 159 2408 test.
193 2363 310 2420 Lips.
371 2364 598 2405 Anciacae
631 2361 732 2403 MS.
769 2360 949 2401 Farnes.

58 2421 284 2466 Antiatem
344 2419 446 2462 MS.
495 2418 633 2460 Corb.
722 2417 953 2459 Antiacae

60 2481 159 2533 MS.
191 2479 302 2536 Agr.
376 2479 561 2520 Act-icae
593 2474 692 2517 MS.
730 2471 885 2515 Guelf.
928 2487 951 2512 a

61 2550 129 2596 pr.
151 2551 217 2579 m.
255 2537 373 2589 (nam
407 2534 471 2577 sic
499 2534 544 2575 in
568 2534 739 2589 marg.).
799 2531 952 2572 accia-

503 2591 661 2633 Actice
694 2587 798 2631 MS.
831 2585 948 2628 Bud.

60 2652 244 2695 Atticae
267 2649 385 2692 MSS
427 2647 550 2691 Harl.
578 2647 710 2689 Bodl.
737 2648 818 2688 les.
845 2643 947 2685 edd.

59 2711 162 2753 Put.
198 2708 264 2751 Μ·.
286 2716 328 2749 et
354 2707 407 2749 V.
432 2704 640 2748 Beroald.
671 2704 769 2748 Ate.
803 2700 945 2743 Rhen.

61 2784 159 2824 sqq.
231 2765 437 2808 Muretus
484 2763 659 2805 volebat
699 2762 951 2805 Αηίιάηαε,

61 2823 246 2867 Grotius
268 2816 471 2865 Antiatis
485 2852 497 2868 ,
527 2817 722 2877 Ryckius
743 2816 949 2860 Antiati-

61 2897 168 2923 nae.
238 2879 308 2922 Ad
342 2879 607 2935 scripturam
642 2878 858 2918 Actiacae
893 2871 953 2913 cf.

65 2939 247 2982 Sueten.
274 2935 382 2978 Oet.
409 2950 449 2978 c.
478 2934 545 2976 18.
581 2933 769 2990 Quoque
791 2931 950 2973 Actia-

62 3009 145 3038 cae
169 2993 391 3036 victoriae
417 2997 647 3032 memoria
680 2988 955 3031 celebratior

63 3054 113 3095 in
130 3058 368 3107 posterum
390 3055 527 3099 esset,
567 3048 729 3088 urbem
754 3046 952 3098 Nicopo-

63 3112 127 3151 lin
153 3111 283 3164 apud
304 3107 493 3148 Actium
524 3106 749 3157 condidit,
790 3106 944 3143 ludos-

64 3173 148 3224 que
181 3166 272 3208 illic
308 3163 676 3220 quinquennales
708 3157 952 3202 constituit.

64 3224 153 3266 Dio
180 3224 248 3273 51,
270 3225 310 3264 1.
342 3215 502 3278 ἀγῶνά
526 3220 577 3261 τέ
593 3233 692 3260 τινα
720 3220 794 3259 καὶ
828 3231 952 3274 μου-

65 3279 196 3325 omar
230 3281 306 3322 καὶ
340 3277 591 3335 γυμνικὸν,
638 3276 953 3332 ἱπποδρομίας

65 3354 136 3391 τε,
170 3333 515 3393 πεντετηρικὸν,
549 3332 674 3392 ἱερὸν
708 3329 842 3387 (οὕτω
863 3330 953 3389 γὰρ

65 3395 171 3443 τοὺς
210 3394 291 3449 τὴν
331 3391 737 3448 σίιησινιὲχοντας
776 3385 953 3431 &voud-

67 3457 205 3509 ζουσι)
259 3451 541 3503 κατέδειξεν,
599 3446 755 3490 ’Ἀκτια
811 3427 953 3489 miror

66 3506 447 3567 προςαγορεύσας.
547 3506 639 3563 Qui
699 3506 952 3550 Antianoe,

153 3577 394 3626 TAcrrUs
442 3573 508 3624 II.

1022 2030 1111 2057 nas
1133 2028 1324 2057 sorores
1349 2013 1470 2057 Antii
1496 2013 1679 2056 locatas.
1712 2014 1769 2058 cf.
1793 2014 1914 2059 Mar-

1024 2073 1113 2115 tial.
1141 2073 1181 2120 5,
1206 2075 1244 2123 1,
1267 2072 1307 2114 3.
1367 2071 1509 2114 Bulen
1544 2086 1607 2112 er.
1640 2071 1694 2114 de
1717 2073 1914 2116 sortibus

1021 2129 1254 2185 (Thesaur.
1300 2128 1465 2174 Graev.
1505 2128 1558 2172 ''.
1590 2126 1646 2171 V.
1693 2145 1736 2187 p.
1775 2129 1912 2187 363.)-

1022 2189 1210 2230 Sueton.
1239 2184 1379 2245 Calig.
1407 2203 1448 2230 c.
1475 2186 1546 2229 57.

1080 2275 1360 2314 locarentur.
1405 2271 1481 2314 Sic
1493 2270 1627 2314 MSS.
1643 2270 1768 2313 Flor.
1794 2272 1912 2326 (test.

1025 2330 1143 2373 vict.
1165 2346 1204 2372 c.
1230 2330 1315 2371 lac.
1339 2327 1502 2383 Gron.)
1528 2328 1637 2384 Reg.
1660 2328 1774 2370 Bud.
1797 2329 1837 2371 A
1872 2344 1911 2371 r.

1025 2387 1162 2431 Corb.
1193 2386 1294 2428 edd.
1330 2384 1446 2442 Spir.
1481 2386 1568 2427 lac.
1603 2384 1806 2426 Gronov.
1855 2402 1914 2428 ⁴1·-

1026 2453 1137 2486 nest.
1164 2459 1259 2499 sqq.
1290 2470 1347 2478 —
1406 2444 1745 2484 collocarentur
1775 2441 1912 2485 MSS.

1025 2500 1147 2543 Harl.
1175 2499 1306 2542 Bodl.
1332 2499 1411 2540 les.
1428 2498 1577 2541 Guelf.
1601 2499 1701 2541 edd.
1723 2498 1823 2548 Put,
1843 2499 1910 2544 Μ.

1023 2570 1064 2602 et
1092 2559 1144 2602 V.
1172 2556 1381 2599 Beroald.
1407 2555 1508 2599 Alc.
1536 2556 1675 2598 Rhen.
1697 2572 1795 2613 sqq.
1890 2583 1892 2585 v

1079 2642 1300 2684 Bovillas.
1363 2638 1421 2683 cf.
1455 2638 1495 2687 2,
1521 2638 1592 2681 41.
1654 2639 1756 2683 MS.
1785 2639 1911 2685 Flor.

1022 2702 1135 2755 (test.
1163 2699 1300 2753 Vici.)
1336 2698 1554 2747 nobilem,
1591 2696 1718 2740 solita
1754 2698 1913 2741 littera·

1021 2772 1123 2800 rum
1165 2772 1189 2797 υ
1234 2763 1275 2796 et
1314 2757 1340 2796 b
1380 2754 1729 2811 permutatione,
1785 2757 1913 2798 cuius

1021 2813 1148 2872 plura
1169 2813 1255 2856 iam
1278 2811 1592 2855 adnotavimus
1613 2811 1826 2869 exempla.

1083 2907 1202 2953 quae
1223 2894 1383 2950 fluxa.
1445 2893 1525 2937 Ed.
1548 2893 1664 2952 Spir.
1693 2910 1813 2950 quae
1841 2896 1911 2951 es.

1019 2954 1173 3012 fluxa.
1245 2953 1352 2995 Mox
1384 2953 1643 2994 inmodicus
1663 2951 1762 2995 MS.
1783 2952 1910 2996 Flor.

1026 3015 1142 3069 (test.
1164 3011 1320 3065 Vict.).
1348 3034 1400 3042 —-
1453 3011 1678 3052 rmodicus
1701 3011 1769 3052 ed.
1792 3011 1912 3068 Spir.

1027 3095 1082 3102 —-
1112 3070 1389 3111 immodicus
1422 3066 1522 3109 edd.
1557 3066 1657 3109 Put.
1689 3066 1756 3108 M.
1790 3076 1829 3109 et
1860 3066 1913 3113 V,

1027 3128 1126 3170 Ber.
1153 3127 1251 3169 Alc.
1277 3124 1418 3168 Rhen.
1446 3138 1543 3181 sqq.

1080 3215 1362 3254 adnotatum
1395 3215 1476 3249 est.
1537 3205 1613 3249 Sic
1635 3205 1769 3249 MSS.
1790 3193 1911 3250 Fl‘or.

1025 3277 1145 3327 (test.
1186 3267 1320 3321 Vici.)
1358 3265 1470 3306 ssud.
1511 3264 1611 3304 edd.
1646 3262 1764 3319 Spir.
1804 3262 1912 3306 Rhe-

1024 3343 1126 3428 33¹3·
1175 3339 1314 3423 {ifissff
1333 3323 1795 3420 deaqgfftemgxgm
1811 3329 1914 3422 Aist

1023 3412 1131 3484 M...
1153 3410 1327 3480 inmota
1352 3395 1915 3491 Ms.'F101-.'(1est.‘v101.33‚

1025 3503 1217 3543 immoto
1240 3494 1336 3536 edd.
1365 3500 1464 3535 veu.

1274 3554 1318 3608 Z
