2164 3990
656 208 841 275 Lm.
879 213 986 275 Χῖ.
1071 213 1268 276 CAP.
1317 215 1411 274 16.
1880 200 1981 276 29

113 348 301 407 marris
325 349 640 413 adventum,
682 354 858 420 atque
893 363 960 400 eo
1004 344 1164 420 quod
1200 344 1388 400 nullis*
1420 344 1733 403 discordiis
1766 345 1973 404 imbu-

112 447 204 493 tus
238 433 368 508 pari
401 433 466 490 in
493 434 698 486 omnes
725 429 919 486 studio
946 440 1167 502 ageret,
1219 430 1532 498 celebrari,
1581 431 1732 500 coli,
1779 433 1969 489 modo·

108 519 438 576 comitatem
471 526 528 572 et
559 514 1004 589 temperantiam
1030 514 1185 571 nulli
1208 514 1489 584 invisam,
1532 515 1974 591 saepiusvino-:

105 597 348 659 lentiam
386 623 451 658 ac
489 600 798 669 libidines,
852 611 1013 672 grata
1050 600 1347 669 barbariS‚
1400 619 1711 676 usurpans.
1810 601 1964 657 iam-

105 709 218 764 que
242 689 400 763 apud
423 685 751 761 proximoS‚
795 685 914 741 iam
941 684 1174 758 longius
1199 686 1536 755 clarescere,
1580 706 1714 743 cum
1748 697 1962 762 poten-

104 774 247 830 tiam
275 773 402 829 eius
422 781 833 846 suspectante5‚
875 770 979 846 qui
1009 770 1362 826 factionibus
1390 770 1734 841 floruerant,
1770 772 1964 828 disce-

103 859 253 914 dunt
284 859 360 914 ad
395 855 791 914 conterminos
826 856 1078 930 populos
1116 875 1181 910 ac
1216 855 1599 912 testificantur
1633 856 1820 913 adimi
1855 875 1962 914 ve-

102 954 286 999 terem
314 939 669 999 Germaniae
691 941 1020 997 libertatem
1047 951 1104 996 et
1127 937 1430 997 Romanas
1454 961 1594 1016 opes
1624 942 1927 1017 insurgere
1941 964 1967 998 ε.

101 1029 246 1084 adeo
272 1027 570 1083 neminem
597 1026 807 1081 iisdem
828 1026 893 1081 in
917 1024 1086 1082 terris
1111 1035 1307 1081 ortum
1323 1070 1340 1094 ‚
1383 1026 1487 1102 qni
1510 1026 1842 1103 principem
1863 1027 1960 1084 lo-

101 1134 235 1170 cum
278 1113 547 1188 impleat,
602 1110 718 1166 nisi
762 1109 1150 1185 exploratoris
1183 1107 1380 1166 Flavii
1424 1112 1735 1187 progenies
1777 1133 1966 1188 supra

100 1208 338 1254 cunctos
370 1194 709 1254 attollatur?
762 1196 977 1251 frustra
1015 1190 1361 1251 Arminium
1394 1197 1744 1271 praescribi,
1787 1198 1967 1255 cuius·

99 1283 148 1337 si
169 1282 324 1339 filius
345 1277 551 1338 hostili
575 1280 640 1335 in
662 1279 787 1336 solo
814 1280 1051 1336 adultus
1084 1280 1150 1336 in
1181 1299 1427 1353 regnum
1462 1283 1748 1354 venisset,
1784 1302 1966 1360 posse
2018 1316 2031 1329 α

199 213 251 251 Α.
268 212 323 253 U.
337 211 426 251 mn,

200 256 314 302 luc,
360 257 426 294 47.

150 1506 290 1555 atque
320 1514 374 1543 eo
407 1499 542 1555 quod.
603 1498 679 1542 Sic
699 1498 833 1542 MSS.
858 1499 982 1542 Flor.

98 1559 160 1612 (t.
176 1555 263 1613 V.)
295 1557 544 1602 Covarruv.
558 1556 673 1598 Bud.
698 1557 767 1598 ed.
783 1557 902 1614 Spir.
926 1581 982 1588 —

96 1621 238 1670 atque
250 1629 302 1656 eo
312 1614 469 1667 ‘magis
484 1617 604 1668 quod
617 1613 869 1656 MS.Guelf.
884 1613 983 1655 edd.

94 1671 197 1714 Put.
225 1673 296 1714 Μ.
321 1679 363 1713 et
385 1669 439 1713 V.
474 1669 683 1712 Beroald.
709 1671 810 1713 Ale.
841 1669 983 1713 Rhen.

94 1745 190 1786 sqq.
249 1728 336 1770 Sed
362 1728 515 1780 magis
545 1727 599 1770 ab
631 1726 719 1770 hoc
748 1728 849 1770 loco
885 1727 982 1769 alie·

94 1800 207 1827 num
241 1793 326 1835 est,
358 1785 464 1828 dum
501 1784 814 1842 interpungas:
844 1791 984 1839 atque

94 1858 149 1885 eo
173 1845 300 1899 quod
315 1872 327 1884 .
345 1873 357 1885 .
373 1873 383 1884 .
401 1872 413 1884 .
432 1847 591 1896 ageret
604 1871 617 1889 ,
646 1841 879 1883 celebrari
900 1849 982 1883 etc.

94 1898 240 1958 Vulgo
288 1897 453 1942 edunt:
522 1905 711 1950 ageret:
761 1898 986 1940 celebrari

91 1964 178 2000 etc.
229 1954 394 1999 cf.Cic.
419 1956 470 1998 ad
484 1955 608 1998 Fam.
633 1954 675 2006 3,
695 1955 738 1997 6.
763 1955 832 1996 Eo
849 1958 915 1996 ced
937 1963 984 1997 te

91 2015 277 2056 tardius
313 2012 490 2067 scripsi
531 2015 655 2068 quod
695 2015 898 2068 quotidie
938 2020 981 2054 te

91 2071 244 2124 ipsum
269 2071 613 2125 exspectabam.

146 2141 268 2183 nulli
291 2142 503 2183 invisam.
577 2138 978 2196 Quemadmodum

89 2199 206 2257 apud
233 2198 406 2243 Persas.
447 2196 508 2242 cf.
530 2197 571 2250 2,
595 2201 639 2241 2.

144 2283 462 2325 vinolentiam.
538 2281 638 2324 MS.
676 2278 832 2324 Guelf.
876 2281 977 2323 vio-

88 2341 308 2388 lentiam,
346 2339 469 2397 quod
490 2336 829 2382 Strombeckius
855 2354 977 2395 prae-

88 2395 175 2438 fert
202 2405 384 2453 propter
409 2396 659 2453 oppositam
693 2396 975 2438 comitatem.

88 2452 442 2496 Commendatur
486 2469 534 2495 ea
576 2453 794 2510 scriptura
834 2469 977 2494 exem-

87 2509 187 2567 plo,
220 2510 340 2566 quod
368 2518 433 2552 est
454 2511 494 2558 1,
519 2509 588 2553 59.
607 2509 876 2557 Arminium
895 2523 974 2551 su-

81 2581 169 2622 per
200 2567 387 2609 insitam
420 2566 693 2609 violentiam
722 2573 808 2615 etc.
885 2565 974 2610 Ac-

87 2623 220 2681 cipias
247 2639 342 2666 non
376 2622 430 2665 de
462 2622 726 2667 crudelitate
757 2623 804 2664 in
837 2621 974 2675 cives,

85 2681 161 2724 sed
185 2682 237 2725 de
263 2680 536 2725 vehementia
557 2680 832 2724 adfectuum.
897 2680 974 2724 Sic

84 2748 127 2782 et
146 2738 187 2790 3,
211 2739 277 2781 19.
339 2736 583 2795 Vulgatum
605 2737 827 2794 originem
854 2737 972 2778 vide-

83 2806 158 2839 tur
202 2795 379 2838 traxisse
406 2811 445 2837 te
485 2794 588 2839 loco
623 2793 781 2839 Germ.
813 2810 866 2838 c.
899 2795 973 2838 22.

81 2853 249 2896 Eadem
277 2853 509 2909 utriusque
531 2851 738 2894 vocabuli
762 2850 972 2895 confusio

82 2910 310 2955 invenitur
334 2911 400 2957 12,
423 2910 481 2952 64
499 2917 542 2952 et
561 2909 632 2952 67.
684 2908 971 2952 Vocabulum

81 2969 292 3010 libidines
312 2965 383 3010 hic
411 2981 503 3008 non
526 2966 579 3009 ad
597 2982 691 3009 rem
705 2964 970 3016 Veneream‚

81 3025 159 3068 sed
202 3025 256 3067 ad
298 3023 610 3082 petulantiam,
670 3022 968 3074 insolentiam,

79 3082 295 3126 ferociam
322 3096 635 3138 quamcunque
657 3087 837 3138 spectat.
889 3079 967 3124 Uti

79 3140 152 3183 hic
194 3138 507 3193 temperantia
546 3146 590 3179 et
627 3139 839 3181 libidines
879 3137 965 3180 sibi

78 3197 273 3241 invicem
303 3204 615 3252 opponuntur,
665 3196 725 3237 ita
762 3190 889 3250 ὕβρις
923 3203 966 3237 et

77 3250 358 3310 σωφροσύνη
397 3269 419 3294 a
455 3252 513 3293 ud
544 3251 750 3309 Xenoph.
784 3250 890 3309 Cyr.
924 3252 963 3302 8,

75 3314 118 3360 4,
156 3314 221 3354 14.
303 3307 415 3352 Rick
439 3307 502 3350 ess
547 3309 752 3365 opinatur
804 3316 962 3351 nostro

77 3369 179 3412 loco
229 3366 558 3426 oppositionem
613 3365 742 3422 plane
788 3364 959 3409 nullam

76 3424 246 3482 quaeri.
325 3423 469 3465 Immo
506 3424 655 3465 omnia
694 3422 767 3466 hic
810 3431 959 3466 exacte

75 3481 157 3524 sibi
183 3479 477 3538 respondent:
509 3483 648 3521 modo
671 3498 726 3518 =
745 3481 961 3533 saepius,-

72 3541 192 3582 nulli
230 3539 427 3582 invisam
456 3554 513 3577 =
534 3544 675 3593 grata
713 3537 932 3580 barbaris
944 3555 961 3590 ;

1056 1497 1119 1541 ita
1154 1505 1198 1542 et
1232 1499 1430 1542 comitas
1450 1517 1506 1538 =
1533 1501 1779 1553 violentia3
1831 1508 1951 1544 tem-

1051 1559 1277 1610 perantia
1296 1575 1353 1594 =
1372 1558 1602 1601 libidines.
1662 1558 1776 1601 Satis
1807 1559 1954 1603 credi-

1054 1612 1146 1654 bile
1170 1614 1302 1656 estin
1329 1613 1425 1657 aliis
1455 1615 1832 1672 quoque'MSStis
1865 1615 1954 1674 legi

1056 1671 1345 1723 violentiam,
1397 1687 1541 1729 neque
1585 1674 1952 1718 animadvertisse

1057 1727 1133 1783 qui
1177 1727 1479 1783 inspexerunt.
1571 1729 1715 1788 Culpa
1757 1729 1862 1774 latet
1901 1729 1965 1773 in-

1057 1785 1326 1851 compendio
1353 1786 1620 1854 scripturae.

1055 1855 1304 1942 νείἷῗᾜὶἷῗ
1325 1846 1490 1941 2‘1'11‘2‘3‘1‘.
1512 1843 1782 1959 p?L{,⁶s‘'q‘{1‘¹,‘
1813 1843 1949 1946 Ἧῗιῗὲ

1054 1953 1296 1998 Pichenam
1341 1955 1441 1999 edd.
1477 1955 1594 2014 Lips.
1636 1958 1852 2002 dederant
1882 1962 1951 2002 ad

1053 2027 1138 2112 pil-g
1166 2016 1308 2112 effugi.
1370 2012 1712 2114 Ast‘irunit'iam
1744 2016 1870 2060 deest
1898 2017 1948 2061 in

1058 2098 1070 2111 .
1107 2098 1152 2111 r.
1218 2085 1242 2112 u
1285 2101 1320 2122 .,
1353 2087 1375 2113 a
1411 2087 1508 2113 ero
1536 2087 1663 2116 vilo.

1102 2127 1368 2182 principem
1379 2085 1560 2172 Ilocum.
1616 2130 1694 2174 sic
1704 2131 1805 2175 MS.
1820 2131 1947 2178 Flor.

1051 2185 1175 2239 (test.
1207 2184 1330 2227 Pich.
1370 2194 1413 2228 et
1433 2184 1575 2240 Viet.)
1594 2195 1651 2231 *et
1681 2188 1747 2232 sic
1781 2189 1946 2234 Noster

1051 2243 1091 2289 1,
1110 2239 1186 2284 13.
1222 2251 1266 2285 et
1297 2241 1420 2287 alibi.
1489 2242 1608 2287 Hinc
1635 2261 1843 2304 recepere
1871 2247 1944 2291 Pi·

1050 2297 1190 2342 ebena
1212 2315 1310 2357 sqq.
1341 2323 1400 2332 —
1451 2302 1674 2356 principis
1698 2305 1849 2346 locum
1870 2304 1945 2348 ha-

1047 2355 1302 2400 benthS.
1317 2356 1598 2402 Eud-Guelf.
1617 2358 1693 2403 alii
1760 2377 1805 2413 e,
1839 2362 1942 2407 edd.

1047 2411 1166 2469 Spir.
1181 2412 1285 2456 Put.
1306 2413 1374 2457 M.
1399 2423 1441 2457 et
1458 2414 1511 2458 V.
1534 2415 1640 2460 Ber.
1664 2417 1706 2461 A
1728 2434 1771 2462 c.
1791 2418 1939 2464 Rhea.

1047 2469 1158 2512 Ald.
1185 2469 1305 2529 Lips.
1332 2471 1519 2538 {huten
1920 2503 1925 2512 ,-

1046 2528 1940 2647 ΡιῑέἭ·εὲἱῖἒέἶέῗΐέἓεξῗέῑνὲἰῗς

1045 2639 1148 2684 Alc.
1171 2639 1317 2684 Rhen.
1341 2658 1440 2702 sqq.
1498 2659 1640 2700 super
1660 2647 1741 2690 ed-
1757 2648 1890 2705 Spir.·

1101 2714 1370 2756 attollatur.
1441 2713 1518 2757 Sic
1551 2715 1686 2760 MSS.
1723 2716 1848 2761 Flor.
1883 2719 1937 2776 (t.

1044 2765 1122 2823 V.)
1136 2769 1252 2811 Bud.
1269 2768 1419 2812 Guelf.
1437 2771 1538 2814 edd.
1551 2771 1695 2817 Rhen.
1710 2790 1806 2833 sqq.
1823 2777 1935 2830 (non

1043 2827 1342 2880 adtollotur).
1413 2827 1497 2870 Ed.
1542 2830 1573 2872 S
1608 2830 1661 2874 ir.
1705 2834 1935 2877 attolitur.

1040 2881 1157 2926 Edd.
1184 2883 1286 2926 Put.
1316 2883 1383 2926 M.
1400 2892 1452 2928 *et
1479 2883 1536 2929 V.
1622 2887 1791 2932 eroald.
1825 2889 1933 2934 Alc.

1041 2943 1316 2983 extollatur.

1097 3012 1255 3053 hostili
1279 3013 1324 3053 in
1353 3013 1466 3056 solo.
1525 3014 1600 3058 Sic
1630 3015 1766 3059 MSS.
1803 3007 1937 3070 Flor.

1039 3071 1164 3124 (test.
1193 3067 1334 3121 Vict.)
1354 3069 1473 3113 Bud.
1510 3071 1614 3115 edd.
1637 3072 1758 3131 Spir.
1780 3070 1929 3127 Rhen.
2009 3075 2013 3078 ’

1035 3141 1157 3226 {a
1184 3125 1290 3226 aa
1307 3127 1412 3227 ζῇς
1426 3125 1705 3230 ‘xie-2022?-
1855 3131 1928 3177 Μ·

1092 3253 1312 3305 venisset,
1358 3267 1497 3308 posse
1531 3257 1775 3301 extimesci
1801 3258 1927 3316 infe·-

1033 3317 1156 3352 ctum
1188 3317 1272 3353 etc.
1333 3310 1411 3357 Sic
1441 3311 1541 3355 edd.
1562 3312 1670 3356 Ber.
1702 3319 1759 3372 (t.
1785 3313 1946 3375 vict.)

1031 3366 1173 3409 Rhen.
1209 3383 1307 3424 sqq.
1377 3366 1514 3415 Recte
1537 3378 1581 3413 et
1599 3372 1652 3413 ad
1677 3370 1766 3416 loci
1789 3373 1922 3418 ratio·

1031 3440 1154 3466 nem.
1212 3423 1325 3467 Edd.
1351 3423 1456 3469 Put.
1475 3425 1546 3470 M.
1559 3435 1601 3470 et
1613 3426 1670 3470 V.
1695 3445 1800 3472 cum
1816 3433 1918 3478 MS.

1031 3480 1183 3523 Guelf.
1222 3483 1395 3524 uenisse
1423 3492 1580 3536 posset
1614 3487 1861 3532 extimesci
1885 3493 1916 3535 i.

1030 3538 1114 3580 Ed.
1131 3537 1248 3593 Spir.
1274 3541 1447 3584 venisse
1466 3555 1615 3594 posse.
1655 3543 1922 3593 Testimcsci
