2164 3990
1738 197 1788 231 A.
1808 197 1861 232 n.
1886 198 1969 234 εις.
2008 182 2010 185 ’

1738 237 1854 276 A.C.
1907 239 1967 280 ⁶⁶·

198 199 322 258 414
866 171 1384 258 ANNALIUM

194 328 479 404 paulatim
515 327 589 384 ab
627 327 898 385 extremis
943 327 1166 382 cedere·
1194 326 1465 402 spiritum
1500 329 1728 386 fervido
1767 326 1960 391 adhuc
1998 344 2054 390 et

195 425 462 488 compote
495 413 706 469 mentis
740 423 974 487 pectore
1007 410 1312 485 intelligit,
1374 415 1710 470 recordatus
1750 435 1985 473 carmen
2019 437 2054 475 a

197 497 714 572 secom'positum,
759 517 878 571 quo
920 495 1298 552 vulneratum
1336 498 1585 554 militem
1620 519 1725 573 per
1760 500 2053 559 eiusmodi

194 583 401 653 mortis
421 583 735 655 imaginem
760 582 974 647 obiisse
1004 581 1343 649 tradiderat,
1386 602 1586 640 versus
1615 584 1771 659 ipsos
1794 587 2046 644 rettulit:

195 690 376 746 eaque
413 667 504 723 illi
535 685 806 740 suprema
843 688 956 723 vox
992 666 1119 725 fuit.
1208 664 1454 723 Senecio
1489 664 1729 742 posthac
1768 682 1824 728 et
1853 669 2056 743 Quin-

194 756 389 812 tianus
443 763 499 808 et
548 750 831 808 Scevinus
868 772 992 808 non
1037 771 1105 807 ex
1142 750 1341 826 priore
1377 751 1532 808 vitae
1574 755 1855 825 mollitia,
1912 777 2049 813 mox

194 840 408 916 reliqui
434 835 878 894 coniuratorum
903 836 1130 912 periere
1170 835 1337 892 nullo
1378 837 1529 895 facto
1568 838 1797 896 dictove
1825 861 2050 898 memo-

194 927 402 983 tando,

362 1005 581 1067 LXXI.
647 1005 765 1065 Sed
793 1007 1076 1081 compleri
1103 1006 1340 1064 interim
1375 1008 1518 1064 urbs
1554 1009 1891 1079 funeribuS‚
1933 1009 2049 1068 Ca·—

191 1094 468 1172 pitolium
492 1092 771 1149 victimis:
818 1092 968 1148 alius
996 1092 1148 1161 filio,
1190 1093 1368 1172 fratre
1391 1093 1540 1149 alius
1574 1106 1675 1151 aut
1711 1095 2047 1173 propinquo

176 1192 294 1238 'aut
315 1179 503 1236 amico
531 1178 854 1234 interfectis
878 1196 1046 1251 agere
1071 1188 1258 1250 grates
1292 1177 1443 1246 deis,
1487 1199 1699 1235 ornare
1732 1181 1905 1237 lauru
1940 1183 2049 1238 do—

189 1286 386 1333 mum,
441 1283 631 1337 genua
669 1263 852 1338 ipsius
889 1263 1128 1318 advolvi
1152 1273 1207 1319 et
1241 1263 1502 1318 dextram
1539 1265 1754 1321 osculis
1788 1266 2048 1340 fatigare.

189 1347 386 1426 Atque
420 1350 521 1405 ille
564 1349 844 1422 gaudium
882 1348 945 1404 id
981 1349 1221 1404 credens
1257 1343 1510 1404 Antonii
1551 1348 1776 1406 Natalis
1815 1363 1871 1409 et
1903 1349 2050 1408 Cer-

119 1452 121 1455 ’
186 1436 339 1494 varii
371 1434 612 1492 Proculi
643 1434 915 1490 festinata
955 1433 1173 1490 indicia
1215 1433 1564 1507 impunitate
1608 1447 2047 1494 remuneratur:

188 1517 477 1580 Milichus
541 1519 822 1594 praemiis
879 1518 1097 1583 ditatus
1152 1519 1580 1574 conservatoris
1647 1520 1764 1576 sibi
1827 1541 2047 1577 nomen

191 1606 419 1665 Graeco
455 1604 580 1662 eius
615 1605 702 1661 rei
742 1603 1029 1660 vocabulo
1066 1603 1410 1678 adsumpsit.
1507 1601 1562 1659 E
1600 1604 1856 1661 tribunis
1893 1603 2051 1663 Gra..

189 1693 324 1749 nius
381 1690 661 1749 Silvanus
692 1742 694 1745 .
724 1689 993 1766 quamvis
1055 1688 1359 1746 absolutus
1418 1707 1519 1744 sua
1575 1709 1758 1747 manu
1813 1690 2046 1750 cecidit:

189 1778 412 1837 Statius
449 1775 762 1833 Proximus
806 1775 1073 1841 veniam,
1142 1794 1317 1850 quam
1366 1774 1440 1828 ab
1488 1774 1839 1848 imperatore
1886 1796 2048 1833 acce-

187 1874 383 1940 perat,
414 1862 673 1918 vanitate
703 1860 888 1919 exitus
918 1859 1199 1934 corrupit.
1286 1855 1469 1915 Exuti
1495 1855 1709 1916 dehinc
1739 1861 2048 1919 tribunatu

1210 2092 1383 2135 osculis.
1434 2089 1699 2135 MSGuelf.
1723 2091 1879 2136 oculae‘s.
1936 2091 2046 2135 Mox

190 2095 324 2153 vict.)
346 2094 447 2140 Ale.
482 2119 535 2128 --
590 2094 803 2136 blanenit'
831 2101 875 2135 et
901 2093 953 2135 l..
982 2094 1080 2136 MS.

188 2159 298 2213 Agr.
323 2177 379 2186 --
429 2153 667 2195 Mennemz·
698 2159 742 2193 et
772 2151 954 2193 Lucani
981 2151 1080 2194 MS.

189 2210 341 2257 Guelf.
367 2227 391 2254 a
414 2226 503 2254 sec.
531 2226 591 2257 m.
656 2208 743 2253 Alii
769 2208 901 2251 codd.
928 2208 1081 2251 Mania

190 2273 260 2317 vet
283 2269 454 2312 Mame.

247 2325 478 2379 intelligit.
537 2324 640 2368 MS.
665 2324 786 2367 Flor.
811 2325 927 2378 (test.
948 2323 983 2362 V
990 2323 1081 2379 iet.)
1116 2343 1118 2345 ·

189 2384 425 2439 intellegit.
486 2382 543 2427 cf.
571 2390 668 2424 not.
691 2381 745 2424 ad
772 2383 807 2429 1,
840 2383 904 2422 11.

247 2455 436 2487 carmen
470 2456 501 2482 a
531 2455 581 2482 se
613 2441 935 2493 compositum.
997 2437 1081 2481 Ed.

189 2502 310 2560 Spir.
333 2501 392 2541 ab
415 2513 462 2540 se
486 2512 677 2539 carmen
703 2496 1024 2551 compositam.

247 2558 427 2601 obiisse.
500 2553 613 2597 Edd.
646 2553 762 2611 Spir.
802 2554 906 2595 Put.
945 2553 1009 2595 M.
1043 2564 1085 2597 et

188 2616 248 2661 V.
279 2617 445 2664 obisse,
498 2612 562 2655 uti
598 2621 660 2654 est
693 2609 740 2654 in
773 2610 909 2653 MSS.
947 2609 1084 2654 Corb.

190 2672 344 2717 Guelf.
370 2669 429 2702 ’-’-
480 2669 617 2715 Corb.
649 2668 738 2712 fert
767 2671 972 2711 eiusdem
996 2684 1081 2727 pro

189 2732 431 2776 eiusmodi.

249 2815 404 2845 versus
434 2800 570 2854 ipsos.
628 2795 688 2840 cf.
714 2797 882 2840 Lucan.
915 2797 956 2844 3.
983 2797 1080 2842 635.

191 2869 233 2905 et
257 2861 299 2908 9,
322 2858 404 2902 805
426 2873 524 2914 sqq.

246 2944 471 2984 suprema
496 2942 604 2970 vox.
656 2925 868 2984 Ed.spir.
892 2941 1082 2969 summa

190 3003 300 3034 vox.

295 3058 550 3100 uintianust.
621 3054 753 3099 MSS.
782 3054 896 3098 Bud.
930 3052 1082 3098 Guets.

192 3117 245 3161 ed
283 3149 293 3159 .
316 3115 435 3170 Spir.
457 3113 558 3156 Put.
580 3112 645 3156 M.
671 3124 712 3156 et
742 3112 794 3155 V.
825 3113 928 3155 Ber.
962 3112 1081 3165 (cum

190 3176 336 3219 silent.
351 3171 488 3228 Viet.)
516 3170 616 3214 Ale.
643 3170 787 3214 Rhen.
813 3169 911 3213 ΑΜ.
932 3169 1080 3226 Quin-

190 3233 388 3274 tilianus
414 3251 465 3262 —-
506 3226 620 3270 Edd.
651 3228 767 3286 Lips.
797 3243 816 3270 s
853 3244 895 3284 q.
925 3226 1082 3286 Quin-

189 3291 385 3333 ctianus.
445 3284 503 3330 cf.
523 3293 619 3329 not.
647 3285 702 3328 ad
727 3301 766 3328 c.
789 3243 863 3328 43.

249 3354 362 3402 CAP.
392 3357 465 3400 71.
513 3355 779 3412 funeribus.
851 3355 931 3398 Ed.
962 3355 1082 3413 Spir.

184 3415 473 3470 funebribus,
521 3413 687 3456 Eadem
713 3429 815 3455 mox
837 3416 976 3456 lauro
998 3428 1081 3469 pro

191 3479 348 3514 laura.
409 3471 511 3513 MS.
543 3469 694 3514 Guelf.
733 3472 893 3513 laur-17.
974 3471 1081 3513 Mox

190 3530 309 3572 idem
331 3531 599 3572 dexteram.

1155 2150 1273 2193 idem
1295 2149 1538 2193 Milichius.

1209 2206 1430 2261 gaudium
1464 2206 1513 2246 ia
1545 2208 1748 2248 credens.
1808 2205 1908 2249 MS.
1932 2206 2041 2263 Agr.

1153 2273 1197 2306 et
1219 2265 1290 2306 ed.
1321 2263 1437 2318 Spir.
1465 2262 1679 2304 omittunt
1704 2263 1765 2304 id.

1210 2328 1564 2363 remuneratur.
1636 2318 1768 2362 MSS.
1800 2318 1937 2364 Corb.
1966 2320 2045 2363 les.

1155 2377 1280 2421 Harl.
1303 2378 1389 2434 (pr.
1417 2379 1496 2433 m.)
1518 2385 1902 2418 remunerantur.

1214 2435 1492 2489 adsumpsit.
1554 2434 1631 2476 Sic
1653 2434 1754 2476 MS.
1780 2433 1904 2477 Flor.
1930 2436 2044 2490 (test.

1157 2494 1298 2543 vict.)
1331 2516 1386 2525 —-
1446 2494 1702 2546 assumpsit
1729 2491 1832 2535 edd.
1865 2501 1972 2537 vett.
2004 2508 2045 2537 c.

1156 2550 1259 2595 cod.
1284 2548 1440 2592 Guelf.

1213 2625 1236 2651 e
1266 2608 1473 2650 tribunis.
1539 2606 1640 2650 MS.
1670 2605 1788 2650 Bud.
1822 2613 1866 2648 et
1896 2609 2046 2650 trabu-

1154 2680 1254 2708 nus.

1216 2723 1428 2767 Granius
1484 2723 1717 2767 Silvanus.
1806 2721 1883 2765 Sic
1940 2719 2043 2765 edd.

1154 2780 1296 2825 Rhen.
1326 2796 1422 2838 sqq.
1440 2805 1495 2813 —
1530 2780 1584 2822 G.
1598 2778 1822 2821 Sullanus
1844 2777 1914 2822 ed.
1927 2777 2046 2836 Spir.

1156 2863 1207 2873 ·-
1239 2839 1382 2882 Gaius
1405 2837 1629 2880 Silvanus
1654 2834 1754 2878 edd.
1779 2835 1883 2879 Put.
1910 2836 1977 2878 Μ.
2002 2845 2049 2880 et

1155 2895 1210 2940 V.
1229 2924 1286 2932 --
1331 2896 1508 2938 Gauius
1527 2893 1752 2936 Siluanus
1773 2892 1873 2936 MS.
1895 2892 2044 2939 Guelf.

1154 2977 1210 2988 -
1239 2953 1442 2996 Grauius
1462 2954 1683 2998 Silvanus
1713 2949 1780 2994 ed.
1802 2950 1928 2997 Ber..
1967 2951 2043 2997 ubi

1156 3011 1380 3054 Victorius
1434 3010 1591 3053 delevit
1631 3009 1823 3052 litteram
1865 3023 1904 3051 r.
1979 3007 2042 3052 cf.

1156 3078 1250 3111 nol.
1275 3067 1328 3109 ad
1356 3084 1395 3111 c.
1421 3069 1492 3111 50.

1214 3126 1422 3168 vanitate
1453 3127 1621 3168 exitus.
1695 3121 1936 3178 Quaerunt
1966 3122 2047 3167 in-

1154 3191 1395 3241 terpretes,
1434 3199 1523 3242 quo
1554 3196 1686 3224 sensu
1723 3181 1906 3222 vanitas
1934 3181 2039 3224 exi-

1154 3248 1229 3284 tas
1284 3239 1472 3285 dicatur.
1561 3234 1776 3282 Riekless.
1829 3238 2043 3294 explicat:

1154 3297 1314 3354 „Quia
1372 3315 1416 3341 se
1482 3296 1709 3340 occiderat
1779 3293 2043 3352 priusquam

1155 3370 1285 3399 causa
1343 3354 1488 3399 caedis
1542 3349 1771 3403 adesset,’‘
1830 3350 2040 3408 additque

1154 3427 1249 3454 non
1277 3428 1388 3470 opus
1421 3428 1512 3455 esse
1541 3408 1699 3453 Fam-ni
1727 3407 2041 3453 emendatione

1156 3469 1394 3512 uelocitate
1426 3464 1746 3512 substituentis.
1827 3462 2038 3512 Ceterum

1153 3543 1255 3571 cum
1286 3524 1596 3570 strombeckio
1619 3524 1862 3569 convertit:
1897 3526 2041 3565 durch
