2164 3990
193 214 245 251 A.
257 212 310 249 U.
322 212 406 246 812.

189 261 243 294 A.
262 256 308 294 C·
342 257 405 292 59.

573 213 746 276 LIB.
777 213 945 276 XIII.

1027 213 1221 275 CAP.
1249 213 1352 276 47.
1381 213 1483 275 48.

1825 220 1953 279 213

105 348 416 426 quisquam
449 364 643 420 neque
681 342 985 401 clientium
1017 340 1217 401 Sullae
1265 345 1526 426 agnituS‚
1585 346 1952 425 maximeque

105 436 368 508 despecta
393 442 450 487 et
467 430 691 486 nullius
720 428 848 486 ausi
878 448 1057 504 capax
1089 441 1299 487 natura
1336 430 1460 510 eius
1494 450 1528 486 a
1563 430 1809 488 crimine
1844 435 1953 490 ab-

103 515 406 575 horrebat:
459 514 707 590 perinde
749 527 947 572 tamen
982 516 1150 590 quasi
1184 515 1485 574 convictus
1521 527 1694 586 esset,
1747 518 1949 576 cedere

100 603 288 689 patria
312 599 851 658 et'Massiliensium
871 599 1184 657 moenibus
1206 601 1461 657 coerceri
1480 600 1737 660 iubetur.

267 709 547 785 XLVIII.
607 708 824 767 Iisdem
852 711 1190 768 consulibus
1225 711 1456 768 auditae
1481 708 1950 770 Puteolanorum

99 797 442 873 legationeS‚
481 794 626 873 quas
655 797 913 853 diversas
937 797 1083 852 ordo
1118 797 1402 872 plebsque
1436 798 1510 854 ad
1545 809 1809 854 senatum
1833 799 1950 855 mi·-

98 894 322 953 serant,²
364 882 456 937 illi
481 882 605 938 vim
632 881 1065 951 multitudini5‚
1107 877 1174 937 hi
1197 882 1640 955 magistratuum
1677 894 1735 940 et
1766 883 1948 958 primi

96 969 377 1044 cuiusque
400 967 706 1023 avaritiam
729 967 1115 1041 increpantes,
1189 987 1440 1043 cumque
1462 967 1669 1023 seditio
1696 969 1770 1024 ad
1797 988 1950 1039 saxa,

97 1055 173 1109 ad
197 1053 389 1110 minas
412 1052 640 1125 ignium
666 1071 969 1128 progressa
995 1070 1196 1107 necem
1232 1063 1288 1108 et
1309 1072 1469 1108 arma
1495 1048 1837 1127 proliceret,
1879 1052 1947 1114 C.

94 1136 328 1195 Cassius
364 1134 705 1193 adhibendo
738 1137 1000 1193 remedio
1041 1136 1317 1196 delectus,

1404 1138 1542 1213 quia
1583 1139 1948 1217 severitatem

95 1223 218 1281 eius
250 1243 376 1280 non
407 1222 779 1292 tolerabant.
805 1233 1081 1297 precante
1105 1221 1232 1296 ipso
1271 1223 1345 1278 ad
1373 1221 1716 1280 Scribonios
1739 1225 1948 1282 fratre's

149 1468 464 1522 maximeque.
521 1466 598 1510 Sic
608 1464 709 1509 MS.
720 1465 845 1508 Flor.
866 1465 983 1519 (test.

92 1524 211 1571 vict.
235 1540 275 1568 c.
299 1522 451 1579 Pich.)
478 1523 578 1567 edd.
600 1523 718 1582 Spir.
734 1520 862 1566 Pich.
886 1537 937 1579 sq

89 1610 149 1619 --
177 1583 412 1630 maxime,
444 1582 606 1625 omissa
627 1580 811 1639 copula,
845 1538 980 1623 MSS.

91 1639 218 1683 Harl.
242 1637 375 1681 Bodl.
399 1638 484 1682 les.
508 1637 660 1682 Guelf.
686 1637 786 1681 edd.
802 1636 980 1680 Puteol.

91 1698 160 1738 M.
185 1705 228 1738 et
247 1695 305 1738 V.
331 1694 540 1738 Beroald.
565 1695 767 1737 Rhenan.
792 1709 890 1751 sqq.
922 1718 980 1726 —

90 1754 160 1796 De
175 1751 326 1795 Guelf.
350 1752 580 1795 Ernestius
601 1751 737 1794 falsus
763 1760 842 1800 est,
869 1752 978 1794 dum

90 1810 246 1854 scribit
268 1809 331 1853 ibi
353 1826 446 1852 esse
468 1809 676 1867 copulam
702 1824 806 1864 que.

143 1859 339 1921 perinde
363 1875 542 1909 tamen.
610 1865 692 1909 Ed.
719 1865 848 1923 Spir.*
859 1880 975 1920 pro-

86 1927 192 1967 inde
228 1931 407 1971 tamen,
497 1922 666 1966 Eadem
708 1923 978 1965 coniunctus

118 1998 171 2024 ro
201 1983 462 2032 convictus,-
499 1980 858 2024 Massilientium
889 1995 974 2038 pro

137 2039 465 2082 assiliensium.

143 2109 257 2153 CAP.
277 2108 350 2152 48.
409 2108 601 2151 auditae
620 2106 673 2150 P.
705 2108 974 2162 legatzbneS.

84 2167 187 2212 MS.
215 2166 328 2224 Agr.
359 2166 428 2209 ed.
461 2165 579 2223 Spir.
611 2167 786 2207 auditis
812 2165 865 2211 P.
903 2168 973 2206 le-

81 2225 373 2279 gationibus,
419 2222 586 2266 idoneo
619 2221 974 2266 constructionis

85 2282 203 2325 exitu
226 2280 374 2324 nullo.

140 2352 258 2395 quas
279 2338 515 2380 diversos.
574 2335 709 2379 MSS.
736 2335 863 2380 Harl.
888 2337 978 2380 les.

83 2396 198 2440 Bud.
223 2394 376 2438 Guelf.
401 2409 518 2451 quas
537 2395 727 2436 divisas.

139 2456 255 2496 ordo
283 2454 518 2507 plebsque.
577 2450 655 2493 Sic
681 2449 819 2493 MSS.
840 2450 970 2493 Flor.

83 2509 361 2566 (secundum
395 2507 548 2553 collat.
583 2507 770 2551 Pichen.
805 2517 848 2551 et
879 2507 967 2551 lae.

0 2603 2 2606 >
84 2568 324 2624 Gronov.)
367 2567 478 2623 Agr.
524 2565 640 2609 Bud.
686 2565 826 2609 Corb.
866 2565 970 2609 edd.

81 2624 225 2684 Ryek.
247 2626 340 2668 lac.
359 2622 570 2668 Gronov.
594 2623 771 2665 Ernest.
794 2638 893 2679 sqq.
913 2651 972 2659 -

79 2684 210 2738 plebs
229 2689 275 2727 et
294 2686 409 2724 ordo
434 2680 503 2724 ed.
529 2680 650 2739 Spir.
680 2705 734 2713 —
774 2688 969 2723 senato-

81 2733 189 2785 rius'
207 2742 326 2782 ordo
350 2740 567 2795 plebsque
590 2738 679 2793 (vel
705 2739 970 2793 plebesque)

81 2796 219 2841 MSS.
248 2796 378 2840 Harl.
411 2795 494 2839 les.
529 2794 683 2839 Guelf.
728 2795 830 2839 edd.
868 2795 971 2839 Put.

81 2855 151 2899 M.
173 2863 215 2899 et
235 2852 292 2897 V.
320 2853 531 2896 Beroald.
566 2857 625 2906 (c.
662 2851 809 2896 silent.
832 2852 970 2908 Vici.)

82 2912 183 2956 Alc.
202 2910 345 2955 Rhen.
368 2926 465 2968 sqq.
490 2926 631 2967 usque
656 2910 712 2952 ad
729 2909 971 2968 Ryckium.

81 2967 364 3013 Vocabulum
385 2969 657 3010 senatorius
674 2967 817 3010 omitti
838 2982 970 3025 posse

32 3026 33 3029 ’
85 3026 252 3070 docent
289 3024 489 3082 exempla
525 3025 636 3068 Hist.
669 3026 712 3074 2,
745 3025 814 3068 52.
853 3029 970 3067 ordo

81 3083 371 3127 Mutinensis.
434 3081 552 3125 Plini.
597 3097 704 3139 epp.⁴
732 3084 773 3133 2,
809 3083 885 3127 11..
921 3084 968 3124 in

82 3142 243 3182 ordine
289 3139 658 3192 Leptitanorum.
736 3139 965 3183 Ammian.

73 3197 224 3257 'Maru
248 3197 318 3245 22,
343 3197 384 3240 9.
416 3195 486 3245 25,
507 3196 553 3240 9.
668 3253 678 3263 .
784 3253 792 3263 ι

84 3269 283 3356 Βέἒῗῖἷῗ.
309 3251 974 3364 gf‘sif‘fz‘ffissffiprilssfssssierissss

84 3365 213 3417 Verr.
235 3369 278 3420 2,
297 3369 366 3411 67.
401 3369 710 3422 magistratus
740 3375 783 3410 et
808 3371 966 3411 decem

80 3424 245 3478 primi.
308 3425 401 3470 Liv.
432 3425 504 3478 39,
537 3425 605 3470 15.
647 3427 760 3469 deni
790 3427 966 3485 princi-

80 3493 183 3536 pes.
232 3515 234 3517 >

140 3553 334 3597 cumque
354 3540 533 3585 seditio.
591 3540 668 3587 Sic
690 3540 795 3586 MS.
814 3539 966 3586 Guelf.

1055 1466 1158 1509 edd.
1194 1465 1299 1509 Put.
1330 1465 1398 1511 M.
1432 1475 1475 1511 et
1497 1468 1553 1510 V.
1591 1468 1804 1513 Beroald.
1838 1470 1943 1516 Ale.

1053 1523 1196 1568 Rhen.
1232 1540 1330 1582 sqq.
1409 1523 1497 1567 Sed
1529 1525 1630 1570 MS.
1661 1527 1784 1571 Flor.
1816 1530 1941 1583 (test.

1053 1581 1198 1639 vict.)
1233 1590 1278 1624 et
1309 1581 1377 1624 ed.
1414 1581 1531 1639 Spir.
1575 1586 1951 1639 eaquevseditio,

1051 1638 1171 1682 unde
1194 1638 1389 1682 coniicio
1418 1638 1569 1682 locum
1602 1639 1843 1699 legendum
1877 1659 1944 1686 es·

1051 1711 1122 1738 se:
1180 1711 1322 1751 eaque
1358 1697 1524 1738 seditio
1562 1701 1629 1739 ad
1675 1713 1828 1750 saxa,
1877 1704 1944 1743 ad

1050 1755 1204 1796 minas
1225 1754 1401 1808 ignium
1419 1768 1667 1808 progressa
1691 1770 1755 1797 ne
1779 1772 1943 1801 necem

1050 1817 1094 1852 et
1127 1826 1266 1852 arma
1293 1812 1538 1865 perliceret
1561 1821 1645 1855 etc.
1714 1813 1942 1858 Particula

1047 1882 1106 1909 ne
1144 1883 1253 1911 eum¹
1284 1868 1343 1910 ob
1367 1883 1558 1925 sequens
1582 1871 1853 1914 vocabulum
1875 1872 1942 1915 in-

1047 1924 1318 1976 tercidisset,
1358 1925 1686 1969 emendationis
1720 1942 1850 1970 causa
1880 1929 1943 1972 fa·

1048 1990 1172 2024 ctum
1203 1990 1267 2024 est
1298 1997 1505 2038 eumque.
1569 1982 1641 2027 De
1676 1984 1770 2027 aliis
1804 1985 1941 2031 MSS.

1046 2037 1314 2097 interpretes
1346 2047 1510 2083 tacent.

1105 2100 1169 2139 ad
1196 2111 1344 2147 saxa,
1385 2101 1450 2138 ad
1483 2098 1654 2141 minas.
1732 2098 1811 2143 Sic
1836 2100 1940 2144 MS.

1045 2153 1174 2197 Bud..
1192 2154 1292 2208 edd.
1307 2153 1514 2198 Oberlin.
1536 2172 1633 2214 sqq.
1649 2181 1705 2191 —
1735 2161 1939 2202 adsaxa

1045 2219 1091 2255 et
1112 2212 1271 2253 minas
1293 2211 1394 2255 MS.
1408 2211 1559 2255 Guelf.
1585 2214 1686 2258 edd.
1700 2214 1819 2272 Spir.
1833 2216 1938 2262 Put.

1045 2268 1110 2312 M.
1143 2278 1187 2312 et
1205 2266 1263 2311 V.
1296 2269 1400 2312 Ber.
1430 2269 1543 2313 Alc..
1563 2270 1707 2315 Rhen.
1740 2289 1845 2331 sqq..
1873 2277 1934 2325 (c.

1044 2325 1191 2393 silent.
1216 2325 1322 2371 Viet
1340 2329 1375 2384 ).
1446 2327 1692 2376 Revocavit
1722 2330 1940 2374 Kiesslin·

1073 2399 1157 2427 ius.

1043 2399 1070 2440 g
1097 2442 1362 2495 proliceret.
1452 2441 1529 2485 Sic
1573 2442 1673 2487 edd.
1709 2443 1935 2504 Bernegg.

1043 2513 1141 2555 sqq.
1172 2513 1316 2555 usque
1350 2497 1403 2541 ad
1431 2497 1712 2552 Ernestiu'm,
1756 2501 1958 2547 verissi---

1041 2571 1111 2598 ma
1140 2554 1467 2599 emendatione.
1521 2556 1579 2600 cf.
1602 2556 1645 2606 ὅ,
1669 2556 1740 2602 73.
1761 2567 1935 2604 ceteros

1041 2613 1308 2712 ‘i'ssiie'fia‘i‘i
1328 2616 1779 2716 ⁸'1'zss'ff1p'iss“⁶iifi⁸e'1f
1796 2615 1940 2718 Mfiff'

1146 2701 1157 2713 .
1303 2701 1314 2713 .
1473 2703 1484 2713 .
1566 2689 1599 2714 s.
1776 2705 1794 2718 ..
1829 2690 1852 2717 e
1919 2708 1933 2718 .

1040 2727 1142 2769 Put.
1179 2727 1245 2770 M.
1286 2734 1328 2769 et
1347 2727 1402 2771 V.
1439 2727 1651 2772 Beroald.
1690 2732 1753 2786 (c.
1783 2731 1930 2775 silent.

1042 2785 1181 2840 Viet.)
1204 2783 1301 2826 Alc.
1324 2783 1467 2827 Rhen.
1493 2801 1589 2843 sqq.
1617 2796 1660 2830 et
1681 2803 1828 2846 nuper
1849 2789 1931 2831 Er-

1041 2850 1157 2884 nest.
1185 2841 1312 2884 Brot..
1329 2841 1535 2885 oberlin.
1557 2859 1653 2901 sqq.
1673 2848 1931 2898 perliceret.

1042 2899 1130 2942 Sed
1167 2899 1332 2941 Noster
1371 2899 1539 2958 ubique
1578 2901 1756 2958 scripsit
1787 2904 1928 2957 pelli—

1041 2971 1171 2999 cere:
1213 2959 1250 3006 1,
1279 2957 1323 2999 2.
1350 2956 1391 3007 4,
1424 2956 1466 2999 3.
1503 2966 1545 3000 et
1577 2956 1700 3002 alibi.
1774 2961 1929 3016 Quare

1041 3014 1175 3057 etiam
1206 3013 1293 3057 hoc
1324 3014 1427 3056 loco
1460 3015 1532 3058 ed.
1556 3016 1672 3073 Spir.
1699 3032 1804 3060 cum
1825 3017 1927 3061 MS.

1041 3071 1150 3130 Reg.
1190 3072 1441 3125 pelliceret.
1524 3072 1624 3117 Hoc
1669 3083 1823 3117 tamen
1879 3074 1929 3118 fit

1037 3128 1279 3179 blanditiis,
1302 3144 1448 3185 neque
1473 3138 1537 3171 est
1559 3129 1689 3173 huius
1711 3131 1816 3175 loci.
1858 3133 1936 3176 ln-

1039 3202 1226 3229 numera
1257 3194 1403 3229 autem
1444 3186 1491 3228 in
1527 3194 1629 3230 vett.
1666 3187 1795 3232 libris
1823 3199 1930 3234 sunt

1040 3243 1238 3301 exempla
1262 3243 1353 3285 eius
1376 3243 1680 3297 confusionis,
1721 3261 1808 3304 qua
1828 3263 1927 3306 per-

1038 3309 1271 3344 mutantur
1290 3314 1379 3355 pro
1404 3310 1446 3343 et
1462 3315 1565 3356 per.

1098 3371 1147 3413 C.
1174 3371 1373 3414 Cassius.
1433 3371 1515 3414 Ed.
1536 3371 1656 3431 Spir.
1678 3373 1739 3429 G.
1753 3375 1928 3422 Assius.

1038 3428 1207 3472 Eadem
1221 3443 1322 3471 mox
1336 3431 1401 3471 ad
1413 3431 1713 3474 consobrinos
1721 3431 1935 3488 fratres.

1039 3485 1282 3543 Vulgatum
1314 3494 1497 3532 tuentur
1527 3488 1669 3533 ceteri
1694 3488 1803 3535 libri
1824 3499 1930 3536 vett..

1041 3558 1216 3588 omnes.
