2164 3990
192 214 509 299 2232⁸2318211
593 217 770 280 Lm.
807 216 947 279 ΧΠ.
1032 213 1225 282 CAP.
1261 218 1365 281 24.
1391 221 1494 282 25.
1885 222 1968 282 89

108 363 250 410 tum·
266 353 346 408 ad
385 346 663 408 sacellum
681 346 952 406 Larium:
995 348 1308 424 forumque
1337 346 1683 406 Romanum
1714 361 1772 408 et
1807 352 1971 427 capi-

107 438 318 495 tolium
340 457 465 494 non
490 456 524 494 a
547 432 839 502 Romu10‚
882 434 984 489 sed
1008 454 1041 490 a
1070 433 1145 495 Τ.
1172 431 1349 490 Tatio
1372 434 1643 491 additum
1671 435 1815 492 urbi*
1841 457 1970 493 cre-

107 522 326 580 didere.
423 542 562 578 mox
594 539 702 594 pro
736 520 975 575 fortuna
1005 519 1340 594 pomerium
1373 531 1630 578 auctum.
1727 531 1783 577 et
1819 542 1968 597 quos

106 619 247 664 tunc
271 605 555 664 Claudius
591 604 874 660 terminos
902 604 1166 680 posuerit
1205 604 1376 661 facile
1418 599 1660 679 cognitu
1685 616 1743 663 et
1765 607 1969 682 publi-

109 696 191 750 cis
212 692 354 750 actis
373 689 781 767 perscriptum.
1044 714 1047 718 ·
1500 717 1509 723 ·

272 817 464 879 XXV.
534 817 602 877 C.
628 800 922 886 Antisti0‚
964 813 1052 875 M.
1082 815 1272 874 Suilio
1306 835 1447 888 coss.
1480 816 1721 893 adoptio
1751 817 1818 874 in
1840 815 1968 876 Do-

102 906 337 970 mitium
369 892 732 961 'auctoritate
769 900 1056 959 Pallantis
1087 902 1414 962 festinatur.
1444 908 1445 911 ’
1514 904 1968 980 quiobstrictus

102 979 467 1066 Agrippinae
488 1001 556 1046 ut
579 988 922 1045 conciliator
955 986 1298 1061 nuptiarum
1337 998 1392 1044 et
1426 1007 1564 1044 mox
1599 1000 1802 1064 stupro
1841 990 1967 1047 eius

102 1075 382 1151 inligatus
423 1074 763 1132 stimulabat
793 1070 1140 1142 Claudium,
1196 1073 1524 1130 consuleret
1544 1072 1643 1138 „rei
1676 1076 1968 1150 publicae,

104 1158 436 1218 Britannici
471 1158 786 1234 pueritiam
818 1158 1031 1213 robore
1068 1156 1475 1218 circumdaret.
1562 1156 1644 1216 sic
1679 1161 1838 1236 apud
1873 1161 1968 1217 di-

99 1267 241 1302 vum
264 1243 600 1318 Augustum
629 1262 966 1319 quanquam
1005 1243 1319 1317 nepotibus
1354 1244 1675 1300 subnixum
1708 1246 1964 1320 viguisse

98 1331 431 1405 privignos:
478 1351 510 1384 a
541 1328 787 1384 Tiberio
828 1347 1003 1401 super
1038 1329 1344 1402 propriam
1379 1330 1620 1404 stirpem
1646 1328 1966 1388 Germani-

99 1436 235 1472 cum
272 1416 664 1489 adsumptum.
764 1432 823 1468 se
859 1434 1095 1489 quoque
1132 1414 1458 1487 accingeret
1490 1415 1703 1471 iuvene
1735 1429 1964 1491 partem

100 1521 375 1556 curarum
401 1499 775 1575 capessiturO.
854 1495 967 1553 His
992 1499 1213 1555 evictus
1233 1500 1479 1556 biennio
1505 1501 1794 1557 maiorem
1818 1513 1964 1559 natu

96 1582 428 1643 Domitium
449 1586 572 1641 filio
595 1583 929 1657 anteponit,
971 1579 1175 1640 habita
1203 1587 1362 1661 apud
1390 1596 1659 1643 senatum
1695 1587 1963 1645 oratione

99 1824 250 1870 Guelf.
279 1825 380 1869 edd.
406 1824 508 1868 Put.
530 1823 598 1866 M.
621 1831 664 1866 et
686 1823 743 1867 V.
777 1822 993 1868 omittunt

97 1887 188 1932 ad,
224 1884 346 1942 quod
381 1881 621 1926 commode
653 1881 799 1924 omitti
830 1890 991 1937 potest.

95 1941 284 1984 Addunt
314 1943 380 1982 ad
413 1939 512 1982 edd.
545 1938 661 1995 Spir.
681 1937 784 1980 Ber.
808 1938 908 1981 Alc.
947 1947 990 1983 et

96 2007 284 2042 recentt.
307 1997 411 2040 inde
427 1995 515 2040 aLi
549 2013 583 2039 s.
603 1995 763 2052 prima.
784 2020 842 2028 —
873 1995 989 2040 Edd.

95 2055 238 2099 Rhen.
270 2053 376 2098 Ald.
415 2056 464 2096 in
499 2054 643 2096 curia
673 2060 840 2095 vetere.
912 2054 988 2096 Se-

94 2114 295 2181 cundum
317 2111 535 2170 castigatt.
558 2110 700 2154 Rhen.
717 2109 860 2154 voluit
881 2110 988 2154 dare
1025 2117 1028 2120 “

93 2185 142 2213 ιη
169 2172 322 2213 curias
343 2177 538 2212 veteres.

149 2240 366 2282 Larium.
426 2239 503 2282 Sic,
525 2237 624 2281 edd.
647 2237 840 2298 Put.vM.
866 2247 908 2282 et
930 2238 986 2284 V.

92 2296 297 2341 Beroald.
339 2299 394 2351 (c.
430 2295 498 2339 sil.
530 2296 666 2352 Viet.)
703 2296 800 2340 Alc.
840 2297 986 2342 Rhen.

92 2372 190 2414 sqq.
210 2379 268 2388 --
308 2354 393 2396 Ed.
410 2354 526 2410 Spir.
551 2357 714 2397 larem.
759 2354 985 2398 Iae.Gro·

92 2429 199 2456 nov.
237 2411 284 2453 in
329 2411 431 2454 MS.
476 2410 601 2453 Flor.
652 2419 836 2452 testatur
889 2427 984 2454 esse

92 2473 277 2520 larum,
318 2468 431 2511 sieut
462 2466 510 2509 in
533 2467 668 2511 MSS.
698 2466 849 2511 Guelf.
876 2470 984 2526 Agr.

92 2526 326 2570 consentit
347 2524 542 2568 Monini.
567 2527 740 2580 Ancyr.

148 2599 254 2641 urbi
289 2597 536 2640 credidere.
618 2594 701 2637 Ed.
739 2594 862 2662 Spir.
908 2595 990 2636 ubi

92 2658 289 2700 credere.
367 2653 471 2696 MS.
502 2651 655 2696 Guelf.
696 2653 865 2696 omittit
894 2667 984 2708 pro

93 2722 195 2758 ante
203 2712 419 2768 fortuna.

148 2776 348 2812 auctum.
409 2766 492 2811 Ed.
523 2766 642 2826 Spir.
674 2775 846 2812 actum.
901 2767 982 2810 Ea·

94 2826 195 2869 dem
218 2841 319 2869 mox
342 2841 445 2869 cum
472 2825 574 2869 cod.
592 2823 741 2869 Guelf.
763 2833 875 2868 tunc
898 2841 982 2885 pro

95 2890 220 2932 tum,
250 2890 384 2926 reete.

92 2951 718 3064 τοειρίῖῖεἷὲξιίἴηίἱίοῐὲιίῐεῗέ
712 2952 862 3054 (Ξεῗιῖῑῗΐ
867 2953 982 3053 ‘i1i3d3e

92 3082 117 3110 a
133 3065 318 3124 Ryckio,
346 3067 420 3124 qui
442 3066 502 3110 ita
525 3067 780 3112 emendavit
804 3084 826 3110 e
842 3068 979 3112 MSS.

90 3122 202 3182 Reg.
227 3124 340 3181 Agr.
395 3123 692 3168 Consentiunt
706 3124 981 3170 MSS.Flor.

92 3182 216 3235 (test.
250 3181 284 3223 Ι.
322 3179 578 3238 Gronovio)
620 3180 771 3226 Guelf.
804 3182 921 3226 Bud.
957 3198 980 3225 a

91 3254 159 3294 pr.
183 3254 244 3285 m.
311 3239 659 3293 praescriptum
682 3240 782 3282 edd.
797 3239 900 3283 Put.
912 3239 980 3283 M.

93 3302 137 3337 et
159 3295 214 3338 V.
244 3294 344 3340 Alc.
367 3293 512 3337 Rhen.
535 3312 635 3362 sqq.
668 3297 838 3355 vulgari
871 3313 980 3342 con-

91 3350 267 3395 fusione
299 3369 324 3395 e
352 3368 503 3410 comp.
535 3370 623 3397 scm
657 3361 689 3396 t.
719 3363 829 3399 orta.
898 3355 980 3400 Ce-

93 3415 238 3451 terum
258 3409 359 3453 MS.
383 3408 532 3453 Guelf.
556 3410 611 3453 ad
645 3410 679 3453 it
702 3420 787 3455 est.

151 3476 262 3522 CAP.
283 3478 355 3522 25.
414 3479 482 3525 M.
512 3479 678 3525 Sunio.
735 3480 822 3529 Ed.
855 3481 976 3541 Spir.

91 3533 150 3579 h.
172 3535 332 3580 Marco
357 3535 518 3603 SuiHO.
576 3537 680 3583 MS.
702 3537 852 3594 Guelf.
876 3539 977 3589 edd.

1062 1822 1166 1868 Put.
1189 1824 1256 1867 Μ».
1279 1831 1322 1869 et
1341 1823 1401 1874 V.
1427 1824 1534 1868 Ber.
1559 1824 1662 1870 Ale.
1683 1823 1831 1871 Rhen.
1854 1826 1961 1871 Ald.

1060 1882 1127 1924 ΑΙ.
1162 1883 1343 1928 Suillio.
1421 1881 1538 1925 Edd.
1572 1891 1760 1927 reeentt.
1794 1883 1902 1934 inde
1936 1901 1961 1928 a

1060 1939 1198 1998 Lipsii
1232 1939 1378 1996 prima
1409 1940 1475 1982 M.
1509 1937 1675 1983 Suz‘lio.
1746 1941 1800 1985 In
1833 1956 1960 1986 num.

1061 1997 1180 2054 apud
1201 1997 1421 2040 Harduin.
1443 1997 1534 2041 Sel.
1559 1996 1700 2055 Oper.
1726 2014 1770 2056 p.
1793 2000 1864 2044 71.
1885 2003 1960 2048 M.

1059 2058 1140 2099 Συ
1152 2058 1174 2097 ί
1181 2057 1207 2096 λ
1222 2056 1248 2096 λ
1263 2072 1278 2097 ι
1292 2071 1315 2098 ο
1327 2071 1362 2104 ς.

1116 2127 1321 2181 adoptio.
1386 2123 1524 2168 Mss,
1539 2126 1666 2170 Flor.
1690 2100 1959 2184 (testvict.)

1059 2181 1214 2227 Guelf.
1240 2184 1309 2227 ed.
1333 2183 1453 2242 Spir.
1478 2186 1616 2239 optio·
1917 2195 1918 2198 ’

1102 2254 1387 2311 festinatur.
1464 2253 1549 2298 Ed.
1585 2252 1718 2312 Spir:
1743 2256 1957 2298 destina-

1059 2318 1152 2354 tur.
1231 2312 1400 2355 Eadem
1433 2327 1539 2355 mox
1579 2327 1665 2369 pro
1712 2314 1961 2368 obstrictus

1055 2368 1189 2411 habet
1221 2372 1498 2412 obstructus.
1569 2369 1714 2413 Dein:
1755 2371 1960 2414 Britan-

1056 2427 1152 2467 m'ci
1211 2429 1383 2468 robur.-
1436 2427 1696 2480 pueritiam
1754 2428 1956 2470 circum-

1057 2487 1222 2532 dor-em
1257 2493 1299 2527 et
1321 2499 1404 2541 pro
1432 2487 1744 2537 adsumptum
1769 2484 1845 2528 illa
1867 2486 1956 2528 ab·

1057 2548 1312 2594 sumptum,
1343 2556 1426 2599 pro
1449 2542 1612 2583 iuvene
1635 2541 1708 2584 dat
1732 2544 1958 2596 iuvenem,

1057 2600 1396 2651 capessiturum
1419 2612 1503 2656 pro
1528 2599 1831 2653 capessiturO.

1112 2681 1311 2725 biennio.
1409 2680 1639 2724 Viderunt
1690 2683 1956 2742 interpretes

1055 2738 1346 2781 scribendum
1398 2753 1492 2781 esse
1541 2739 1747 2783 triennio
1785 2742 1955 2785 saltem.

1055 2794 1168 2837 Nam
1215 2794 1339 2838 Nero
1390 2803 1520 2838 natus
1563 2805 1628 2840 est
1667 2813 1823 2840 mense
1864 2797 1954 2842 De-

1057 2853 1226 2895 cembr.
1260 2852 1336 2906 (cf.
1350 2852 1470 2895 infr.
1494 2853 1563 2906 13,
1586 2856 1653 2898 10.
1693 2871 1765 2898 an.
1787 2871 1835 2899 u.
1852 2856 1955 2900 790.

1055 2909 1224 2953 XVlll.
1250 2911 1350 2954 Kal.
1378 2912 1558 2955 Ianuar.
1615 2918 1640 2956 ὁ
1663 2945 1673 2955 .
1697 2911 1822 2956 Suet.
1849 2903 1953 2957 Ner.

1055 2983 1095 3011 c.
1114 2967 1182 3020 6.;
1218 2967 1507 3011 Britannicus
1539 2985 1651 3014 vero
1674 2968 1788 3012 Idib.
1812 2971 1950 3014 Febr.

1052 3041 1125 3068 an.
1153 3041 1198 3066 u.
1222 3025 1320 3068 794.
1372 3023 1433 3068 cf.
1469 3024 1592 3070 Suet.
1625 3025 1782 3069 Claud.
1814 3043 1855 3072 c.
1880 3027 1953 3072 27.

1055 3082 1207 3138 Quare
1221 3081 1326 3126 infr.
1345 3081 1410 3131 13,
1422 3082 1464 3125 6.
1504 3082 1626 3127 Nero
1645 3083 1810 3126 dicitur
1820 3087 1952 3140 prin-

1053 3154 1155 3194 ceps
1176 3142 1260 3182 vix
1281 3141 1614 3194 septemdecim
1633 3154 1788 3183 annos
1802 3157 1952 3198 egres-

1051 3212 1157 3248 sus,
1201 3207 1244 3241 et
1278 3214 1378 3240 mox
1413 3213 1453 3241 c.
1479 3197 1547 3251 15.
1585 3198 1950 3261 quattuordecim

1052 3255 1161 3300 anni
1195 3254 1456 3297 tribuuntur
1476 3253 1768 3304 Britannico.
1840 3252 1947 3300 vid.

1041 3305 1196 3370 ‘Rycln
1221 3312 1276 3355 ad
1299 3311 1341 3355 h.
1364 3311 1393 3355 l.
1439 3311 1520 3356 Est
1539 3329 1646 3356 vero
1669 3311 1802 3356 etiarn
1826 3314 1948 3380 apud

1052 3369 1321 3413 Suetonium
1350 3367 1398 3412 in
1430 3367 1513 3414 hac
1546 3371 1742 3426 reqmira
1774 3378 1948 3429 tempo-

1051 3443 1154 3469 rum
1193 3426 1416 3471 confusio.
1497 3425 1614 3472 Mox·
1642 3427 1745 3472 MS.
1788 3415 1946 3472 Guelf-

1050 3485 1213 3527 habita
1233 3491 1346 3528 ante
1367 3483 1498 3541 apud.
1514 3488 1580 3529 ad
1597 3485 1818 3531 senatum
1839 3499 1945 3530 ora-

1050 3543 1188 3584 tione.
