2164 3990
165 224 392 310 232&

88 365 305 423 alacres
351 356 440 437 (et
474 367 644 415 erant
680 373 829 432 quos
862 354 1123 430 pericula
1157 355 1410 416 fratrum
1441 363 1543 410 aut
1573 353 1944 432 propinquo—

84 469 219 507 rum
242 440 775 523 propriisstimulis
799 439 1211 519 incenderent)
1236 439 1583 497 continuum
1603 439 1710 497 diu
1730 452 1944 498 noctu-

55 575 58 581 .
89 553 209 611 que
234 532 348 589 iter
371 525 803 606 properabant..
1432 552 1435 554 ·
2018 603 2020 605 Ι

219 658 222 662 ,
254 625 424 686 XIII.
491 623 701 700 quue
727 622 1012 680 intentius
1034 620 1352 696 Vologeses
1372 642 1637 698 premere
1661 620 1942 694 obsessos,

8 740 12 751 ⁸
85 715 265 771 modo
303 712 528 769 vallum
561 709 867 782 legionum
903 709 1081 764 modo
1132 708 1465 778 castellum,
1531 729 1648 785 quo
1684 708 1942 767 imbellis

0 791 9 796 ’
88 811 243 856 aetas
275 795 729 864 defendebatur,
773 795 1139 868 adpugnare,
1181 793 1427 868 propius
1451 793 1727 851 incedens
1763 814 1942 872 quam

86 902 214 942 mos
234 878 490 950 Parthis,
529 880 579 936 si
606 901 671 936 ea
693 879 1017 936 temeritate
1038 875 1267 935 hostem
1289 878 1353 933 in
1373 879 1665 953 proelium
1691 881 1942 940 eliceret.
1965 949 1967 951 ,

89 965 172 1028 At
199 968 293 1024 illi
317 968 416 1024 vix
444 965 847 1023 contuberniis
883 956 1149 1033 extracti,
1189 982 1298 1019 nec
1331 964 1495 1021 aliud
1534 985 1711 1042 quam
1739 966 1943 1022 muni-

86 1052 286 1110 menta
331 1052 816 1129 propugnabant,
874 1069 1010 1125 pars
1050 1050 1214 1106 iussu
1250 1048 1416 1105 ducis
1455 1061 1511 1106 et
1555 1050 1660 1106 alii
1702 1051 1943 1127 propria

88 1138 320 1214 ignavia
336 1183 353 1207 ,
393 1148 461 1195 ut
482 1134 885 1193 Corbulonem
907 1134 1303 1210 opperienteS,
1348 1153 1413 1189 ac
1441 1134 1489 1190 si
1513 1135 1600 1192 vis
1624 1136 1942 1210 ingrueret,

88 1223 340 1301 provisis
377 1222 655 1297 exemplis
685 1219 990 1280 Caudinae
1021 1239 1087 1277 ac
1111 1218 1510 1280 Numantinae
1551 1221 1772 1282 cladis..
1834 1241 1943 1278 ne-

576 223 753 286 LIB.
787 223 922 287 xv.
1001 219 1328 306 CAP.12.
1365 225 1463 290 13.
1496 276 1497 279 γ
1788 214 1956 303 “339

90 1449 136 1488 et
167 1439 295 1499 ponit
328 1453 407 1490 ac,
442 1437 490 1483 vi
523 1436 832 1496 comparandi.
894 1436 983 1480 Sed

90 1498 144 1542 ad
168 1512 348 1542 sensum
377 1494 531 1538 eadem
557 1495 604 1541 vi
640 1495 803 1552 gaudet
834 1493 982 1551 vulga-

86 1565 202 1600 tum.
259 1554 375 1597 Nam
396 1552 577 1595 Tacitus
597 1552 646 1594 in
669 1553 743 1594 tali
770 1560 982 1596 contextu

90 1621 135 1656 et
165 1611 294 1670 ponit
324 1627 407 1668 pro
441 1625 510 1654 ac.
584 1609 654 1654 Cf.
687 1610 800 1652 Hist.
837 1613 876 1659 1,
913 1608 981 1653 72.

89 1671 274 1713 diverso
297 1668 507 1724 adfectu,
539 1669 698 1723 quibus
721 1669 881 1709 odium
892 1668 980 1709 Ne·

90 1728 224 1770 ronis
251 1728 407 1768 inerat
435 1732 482 1767 et
507 1726 665 1780 quibus
687 1726 981 1767 desiderium.

92 1785 303 1830 Ceterum
355 1783 410 1826 de
465 1782 678 1828 varietate
734 1782 982 1840 scripturae

90 1839 491 1886 animadvertenda
533 1847 636 1882 sunt
672 1839 794 1884 haee.
879 1839 978 1882 MS.

88 1900 196 1956 Reg.
226 1914 311 1957 pro
341 1911 434 1952 par
457 1911 622 1940 eorum
641 1911 870 1939 numerus
904 1913 981 1939 ex—

89 1957 210 2000 hibet
226 1971 317 2012 per
338 1969 500 1998 eorum
517 1969 786 1997 numerum.
801 1977 860 1986 —-
882 1954 981 1998 MS.

93 2013 214 2058 Flor.
239 2015 354 2069 (test.
377 2010 498 2055 Vict.
530 2028 570 2055 c.
602 2012 714 2067 aliis)
750 2013 980 2067 apiscere-

93 2081 194 2122 tur,
232 2071 354 2128 quod
385 2084 595 2127 recepere
625 2068 846 2125 Ryckius,
892 2068 984 2112 Iac.

90 2128 379 2181 Gronovius,
406 2126 590 2183 Bipont.
615 2125 772 2168 Oberl.
798 2142 894 2184 sqq.
928 2150 981 2160 -—

93 2187 418 2242 adipisceretur
439 2184 576 2227 MSS.
597 2182 723 2226 Harl.
743 2183 874 2226 Bodl.
896 2184 980 2226 les.

94 2242 230 2291 Corb.
263 2242 375 2287 Bud.
401 2239 551 2286 Guelf.
575 2239 685 2296 Reg.
723 2241 822 2284 edd.
855 2249 981 2292 vett„

92 2301 160 2345 uti
183 2308 246 2345 est
268 2302 335 2352 11,
353 2300 421 2345 22.
455 2306 497 2341 et
520 2299 586 2350 12,
607 2298 677 2341 30.
736 2299 838 2342 MS.
854 2298 979 2342 Flor.
1020 2297 1026 2302 ’

93 2361 211 2416 (test.
236 2357 367 2413 Vict.)
386 2357 679 2400 adtulissent.

150 2416 228 2458 diu
266 2422 505 2470 noctuque.
594 2412 670 2455 Sic
711 2411 814 2455 MS.
854 2412 977 2457 Flor.

94 2474 210 2529 (test.
240 2471 376 2528 Vict.)
417 2471 519 2515 edd.
561 2469 675 2528 Spir.
712 2478 755 2512 et
789 2478 977 2514 recentt.

94 2529 198 2574 inde
221 2545 245 2572 a
263 2529 381 2586 Lips.
410 2528 570 2586 prima.
596 2551 652 2559 -
709 2529 784 2570 die
816 2535 977 2570 noctu-

93 2603 179 2688 (133
209 2587 343 2687 IVIIStS.
370 2584 514 2687 glad.t
541 2583 678 2684 ΙΧΞῘοόἒ.3
716 2583 977 2684 ΙεεὶάΘυΑεΙΙῑ.

95 2662 118 2687 e
185 2677 196 2689 .
270 2659 334 2688 u.
427 2659 492 2686 ,e
585 2676 596 2686 .
682 2658 784 2684 eroa
839 2659 981 2687 ..0.

93 2702 239 2746 Rhen.
261 2699 369 2744 Ald.
394 2709 436 2744 et
458 2701 522 2744 sic
541 2699 650 2742 Hist.
677 2699 716 2750 3,
739 2699 810 2742 76.
863 2698 982 2743 Con·

95 2769 165 2802 tra
177 2759 287 2802 Hist.
308 2759 349 2809 2,
370 2757 411 2801 5.
437 2766 578 2800 noctu
599 2759 786 2813 diuque.
835 2757 984 2811 Quae·

96 2816 237 2867 ritur,
291 2824 444 2858 utrum
498 2815 554 2859 sit
604 2831 776 2860 verum.
864 2814 983 2858 Puto

94 2882 368 2975 uuggqulego
427 2931 718 2994 adpugnare.
779 2929 855 2973 Sic
884 2929 982 2973 MS.

96 2987 224 3031 Flor.
258 2991 375 3042 (test.
408 2986 514 3029 th
558 3002 597 3029 c.
629 2985 845 3044 Pichena)
884 2986 984 3030 edd.

97 3043 277 3088 Pichen.
302 3060 322 3087 s
356 3058 397 3101 q.
438 3066 493 3077 -
553 3051 822 3098 oppugnare
846 3044 983 3087 MSS.

96 3101 214 3145 Harl.
239 3101 334 3144 Bod
355 3131 366 3143 .
390 3101 470 3145 les.
496 3099 646 3144 Guelf.
670 3102 769 3145 edd.
794 3100 893 3145 Put.
917 3101 984 3143 M.

99 3169 143 3204 et
166 3157 219 3203 V.
251 3156 457 3201 Beroald.
482 3158 681 3202 Rhenan.
703 3174 798 3216 sqq.
859 3157 918 3201 cf.
943 3158 984 3209 2,

100 3219 166 3260 81.
197 3214 236 3268 4,
258 3214 328 3258 48.
345 3237 401 3247 -—
441 3215 572 3258 MSS.
595 3214 707 3258 Bud.
726 3218 833 3271 Agr.
848 3214 982 3259 Corb.

102 3274 170 3316 ed.
195 3273 312 3331 Spir.
334 3276 398 3314 ad
415 3287 646 3327 pugnam,
676 3271 806 3328 plena
828 3272 983 3316 distin-

102 3329 250 3374 ctione
271 3339 373 3374 ante
399 3333 463 3372 ad
485 3328 644 3387 posita.

157 3400 241 3429 nec
262 3387 406 3431 aliud.
481 3387 555 3429 Sic
576 3386 676 3428 MS.
704 3384 854 3429 Guelf.
880 3385 980 3429 edd.

102 3443 216 3499 Spir.
245 3443 389 3486 Rhen.
427 3445 467 3499 (e
499 3443 598 3485 MS.
627 3442 763 3498 Bud.)
789 3458 885 3500 sqq.
928 3469 982 3480 .-

103 3514 163 3542 ne
187 3503 315 3543 aliud
337 3500 550 3546 edd.Put.
571 3499 670 3544 Ber.
695 3500 816 3553 (cnm
840 3500 982 3547 silent.

105 3556 242 3608 Vict.)
268 3556 368 3601 Alc.

1113 1443 1165 1478 ut
1180 1435 1496 1483 Corbulonem.
1548 1439 1612 1482 Ex
1633 1440 1945 1488 emendatione

1054 1494 1282 1545 Rhenani‚
1337 1511 1471 1553 quem
1514 1497 1652 1541 secuti
1692 1507 1796 1541 sunt
1834 1499 1942 1544 Ald-

1052 1551 1170 1610 Lips.
1194 1552 1259 1607 (in
1281 1554 1507 1610 prioribus
1527 1555 1644 1611 edd.)
1669 1554 1799 1598 Grut.
1821 1556 1947 1604 Pieh.

1052 1608 1193 1713 wok.
1215 1609 1387 1655 Ernest.
1416 1628 1466 1670 sq
1506 1647 1515 1657 .
1582 1612 1697 1655 Nam
1722 1613 1823 1657 edd.
1844 1614 1946 1662 Put.

1108 1701 1119 1711 .
1156 1674 1199 1708 et
1230 1666 1283 1710 V.
1317 1667 1415 1710 Ber.
1448 1670 1490 1712 A
1510 1686 1548 1713 c.
1579 1679 1622 1713 et
1653 1670 1787 1715 MSS.
1820 1671 1946 1718 Harl.
2023 1719 2026 1721 ,

1052 1723 1180 1768 Bodl.
1212 1724 1291 1769 les.
1322 1723 1471 1769 Guelf.
1509 1734 1595 1769 aut
1623 1735 1783 1771 metat
1828 1729 1944 1772 Cor-

1053 1784 1275 1823 bulonem
1327 1791 1410 1826 etc.
1464 1800 1605 1840 eaque
1660 1786 1957 1832 restituerant

1054 1839 1272 1897 Bernegg'.
1309 1848 1352 1883 et
1379 1839 1632 1893 Gronovii,
1668 1842 1846 1887 diversa
1879 1843 1946 1888 in'·

1053 1896 1385 1954 terpunctione.
1484 1899 1617 1943 MSS.
1658 1897 1780 1944 Flor.
1824 1903 1945 1956 (test.

1056 1952 1174 1997 Vict.
1211 1969 1249 1997 e.
1282 1953 1359 2008 al.)
1393 1954 1507 1998 Bud.
1532 1957 1645 2014 Agr.
1668 1955 1778 2014 Reg.
1805 1956 1945 2005 Corb.

1054 2010 1126 2055 ed.
1166 2010 1286 2067 Spir.
1323 2019 1411 2053 aut
1445 2011 1754 2055 Corbulonem
1799 2023 1842 2058 et
1880 2016 1946 2063 sic,

1053 2068 1121 2112 ed.
1154 2067 1275 2125 Lips.
1311 2068 1437 2113 1607.
1529 2070 1664 2113 MSS.
1697 2070 1823 2115 Harl.
1858 2075 1944 2119 les.

1055 2125 1256 2167 Corbulo
1304 2127 1546 2180 opperiens
1624 2144 1675 2170 ro
1719 2129 1942 2174 Corbulo-

1051 2197 1165 2226 nem
1186 2185 1488 2238 opperientes.
1599 2184 1753 2238 itiam,
1784 2196 1832 2230 ut
1854 2205 1946 2232 sae·

1052 2256 1130 2298 pe,
1169 2239 1510 2285 inde·exortum
1548 2251 1637 2292 est,
1708 2240 1799 2287 uod
1829 2260 1863 2286 a
1895 2247 1945 2290 in

1052 2298 1144 2340 fine
1177 2299 1483 2355 praecedentis
1515 2301 1725 2345 voeabui
1758 2318 1863 2354 cum
1893 2312 1948 2346 ut

1055 2354 1305 2406 coaluerat,
1347 2371 1603 2412 quanquam
1637 2358 1741 2400 satis
1772 2357 1947 2413 dubim,

1052 2427 1206 2455 annon
1228 2413 1502 2456 restituenda
1523 2413 1579 2456 sit
1601 2413 1822 2473 scriptura
1844 2418 1945 2465 cod.

1050 2468 1174 2514 Flor.
1200 2484 1311 2526 quae
1332 2469 1380 2512 in
1402 2486 1448 2512 se
1466 2469 1531 2512 nil
1554 2470 1685 2514 habet
1706 2471 1904 2519 absurdi.

1108 2569 1163 2596 ac
1191 2554 1236 2595 si
1265 2553 1351 2595 vis.
1420 2553 1498 2596 Sic
1519 2554 1620 2598 MS.
1654 2553 1806 2601 Guelf.
1840 2559 1943 2605 edd.

1052 2612 1157 2655 Put.
1179 2610 1247 2654 M.
1272 2619 1316 2653 et
1334 2608 1390 2653 V.
1423 2610 1525 2655 Ber.
1556 2611 1659 2658 Alc.
1683 2613 1823 2660 Rhen.
1846 2633 1942 2676 sqq.

1054 2695 1110 2703 —-
1152 2684 1208 2711 ac
1248 2668 1342 2719 vis,
1383 2667 1548 2710 omisso
1581 2671 1643 2720 si,
1684 2671 1786 2715 MS.
1817 2671 1944 2720 Flor.

1055 2731 1169 2784 (test.
1191 2724 1321 2780 Vict.)
1354 2725 1423 2767 ed.
1452 2725 1572 2783 Spir.·
1637 2726 1844 2773 Coniieio
1873 2748 1946 2790 ge·

1053 2786 1240 2830 nuinam
1277 2782 1549 2840 scripturam
1596 2801 1690 2828 esse
1722 2801 1778 2830 ae
1811 2790 1878 2831 vis
1906 2792 1953 2833 si

1053 2846 1310 2909 ingrueret,
1341 2840 1460 2883 unde
1493 2839 1625 2886 facile
1661 2843 1808 2901 potuit
1833 2845 1944 2890 oriri

1056 2917 1110 2944 ac
1133 2913 1207 2942 vis
1222 2911 1340 2952 ingr.

1115 2984 1162 3027 C.
1191 2981 1576 3036 ‹zo-Numantinae
1599 2984 1759 3028 cladis.
1797 2990 1944 3043 neque

1056 3045 1255 3085 eandem
1278 3046 1361 3082 etc.
1430 3038 1509 3082 Sic
1528 3038 1629 3083 MS.
1656 3039 1806 3085 Guelf.
1839 3043 1944 3088 edd.

1054 3100 1156 3142 Put.
1178 3098 1245 3140 M.
1271 3104 1313 3138 et
1336 3093 1392 3139 V.
1416 3096 1518 3140 Ber.
1548 3095 1647 3142 Alc.
1675 3097 1819 3143 Rhen.
1844 3117 1943 3160 sqq.

1054 3157 1107 3200 In
1126 3153 1368 3199 MS.F10r.
1390 3156 1502 3207 (test.
1517 3153 1655 3211 Vict.)
1681 3163 1723 3195 et
1745 3151 1942 3218 ed.Spir.

1055 3222 1119 3257 est
1156 3212 1426 3254 Caudinae.-
1478 3213 1605 3253 Num
1636 3214 1946 3270 antinaeque:

1057 3273 1256 3314 eandem
1283 3275 1368 3310 etc.
1436 3267 1713 3311 Terminatio
1737 3272 1942 3316 vocabuli

1059 3326 1296 3372 Caudinae
1341 3325 1561 3383 absorpsit
1613 3324 1817 3379 voculam
1863 3321 1946 3382 ac,

1055 3393 1098 3430 et
1120 3398 1266 3438 neque
1297 3381 1466 3425 coaluit
1496 3397 1599 3426 cum
1632 3384 1948 3432 terminatione

1055 3441 1182 3489 vocis
1209 3440 1542 3482 Numantinae.
1610 3438 1687 3483 An
1718 3443 1865 3487 cladis
1896 3445 1944 3487 in

1055 3499 1134 3542 tali
1169 3504 1376 3541 contextu
1424 3496 1568 3541 omitti
1612 3497 1775 3554 possit,
1820 3501 1946 3544 valde

1058 3554 1229 3598 dubito.
1290 3553 1390 3597 MS.
1416 3554 1525 3609 Agr.
1559 3551 1646 3597 fert
1671 3554 1814 3600 Coud.
1844 3559 1943 3600 Mc-

1223 3614 1272 3672 Y
1316 3616 1354 3667 2
