2164 3990
0 0 37 59 [ff
64 3 78 45 1⁸

0 60 21 116 ²21

656 206 836 268 LIB.
878 207 1011 269 xv,
1059 291 1061 294 Α
1098 203 1294 269 cAP.
1335 209 1435 301 37.
1858 218 1979 276 369

111 346 372 425 abusque
404 336 708 415 petiverat.
745 390 751 395 ,
796 337 1062 411 crepidin
1084 335 1196 394 bus
1226 338 1417 411 stagni
1441 338 1749 414 lupanaria
1780 347 1976 403 adsta-

110 433 258 488 bant
279 409 630 483 inlustribus
655 421 892 478 feminis
917 423 1236 498 completa,
1280 435 1336 480 et
1363 436 1568 482 contra
1598 441 1786 486 scorta
1813 424 1974 488 *vise-

111 509 532 572 banturnudis
561 507 926 582 corporibus,
1000 507 1119 564 iam
1146 520 1339 581 gestus
1369 520 1676 587 motusque
1702 514 1970 575 obsceni:

111 611 167 657 et
192 609 504 674 postquam
529 593 803 649 tenebrae
839 592 1220 663 incedebant,
1253 605 1545 670 quantum
1572 597 1733 654 iuxta
1764 620 1973 658 nemo-

108 685 191 741 ris
245 694 302 740 et
355 677 726 739 circumiecta
777 688 927 734 tecta
972 696 1295 735 consonare
1336 691 1513 738 cantu
1552 693 1607 738 et
1645 683 1973 742 luminibus

110 770 440 828 clarescere.
528 761 658 838 Ipse
689 783 795 838 per
836 762 997 819 licita
1034 774 1207 839 atque
1246 763 1474 821 inlicita
1510 766 1778 826 foedatus
1815 765 1973 826 nihil

107 851 316 927 flagitii
335 850 675 925 reliquerat,
713 869 830 924 quo
860 848 1194 922 corruptior
1217 861 1428 922 ageret,
1455 850 1571 906 nisi
1596 867 1810 927 paucos
1840 868 1974 930 post

109 939 232 994 dies
259 935 367 995 uni
402 955 471 991 ex
498 934 603 990 illo
634 932 1168 990 contaminatorum
1202 952 1373 1006 grege
1403 930 1650 1009 (nomen
1674 934 1973 1016 Pythago-

106 1043 204 1080 rae
228 1015 368 1099 fuit)
400 1019 467 1075 in
491 1019 738 1075 modum
768 1015 1124 1085 solemnium
1151 1018 1562 1092 coniugiorum
1585 1024 1971 1099 denupsisset.
2002 1099 2004 1102 Α

106 1108 362 1166 inditum
407 1103 751 1180 imperatori
802 1104 1172 1162 flammeum:
1238 1103 1352 1158 visi
1402 1107 1694 1181 auspiceS‚
1758 1110 1865 1166 dos
1915 1122 1971 1167 et

194 207 420 288 fee-

1075 1346 1176 1390 MS.
1211 1347 1332 1391 Flor.
1381 1349 1507 1403 (test.
1550 1341 1693 1406 Vi'ct.)
1742 1355 1809 1397 ed.
1848 1343 1967 1414 Spir-

1074 1403 1307 1448 Victorius
1329 1406 1460 1448 etiam
1479 1409 1761 1463 parenthesin
1778 1411 1970 1456 circum-

1077 1461 1224 1511 dedit,
1275 1470 1323 1504 ut
1362 1481 1384 1506 e
1419 1463 1675 1510 MS.,F101·.
1758 1469 1970 1526 Vulgata:

1073 1520 1149 1560 cui
1194 1533 1371 1562 nomen
1404 1521 1455 1562 P.
1481 1521 1587 1576 fuit
1634 1533 1737 1567 sunt
1782 1526 1830 1568 in
1864 1526 1969 1571 MS.

1074 1574 1227 1620 Guelf.
1271 1577 1371 1621 edd.
1409 1577 1513 1621 Put.
1553 1597 1650 1638 sqq.
1729 1582 1812 1627 Ed.
1849 1585 1967 1640 Spir.

1069 1633 1355 1688 Pz‘thagorae
1368 1655 1382 1682 .-
1412 1635 1605 1680 litteram
1618 1654 1657 1693 y
1670 1638 1716 1681 in
1729 1641 1823 1683 aliis
1836 1645 1969 1689 etiam

1070 1691 1305 1735 vocabulis
1326 1693 1362 1735 is
1375 1692 1488 1736 liber
1504 1709 1598 1737 non
1625 1697 1842 1751 agnoscit.
1898 1698 1970 1742 De

1070 1748 1228 1790 eodem
1258 1750 1350 1792 viro
1374 1750 1432 1794 cf.
1455 1750 1622 1809 Xiphil.
1645 1744 1715 1805 63,
1740 1754 1808 1798 13.
1860 1756 1969 1800 Sue-

1070 1806 1220 1848 tonius
1241 1805 1347 1849 Ner.
1375 1807 1498 1851 c.29.
1521 1808 1863 1866 Doryphorum
1888 1831 1968 1858 no·

1068 1861 1227 1928 minat.
1291 1864 1390 1907 Vid.
1420 1863 1481 1907 ibi
1505 1865 1964 1924 Baumgarten-Cru-

1068 1935 1174 1962 snus.
1745 1937 1755 1942 “

1128 1990 1226 2057 visi,
1241 1995 1472 2058 auspices,
1501 1996 1589 2036 dos
1619 2004 1705 2040 etc.
1761 1997 1965 2058 Scriptu-

1067 2062 1141 2089 ra:
1179 2061 1261 2090 msc
1296 2050 1505 2102 auspices
1545 2060 1610 2094 est
1645 2068 1668 2094 e
1705 2054 1965 2101 coniectura

1066 2103 1294 2155 Rhenani,
1338 2121 1472 2163 quam
1509 2107 1555 2150 in
1593 2117 1852 2155 contextum
1887 2129 1963 2158 re—

1067 2177 1226 2220 cepere
1258 2162 1478 2213 Piehena,
1523 2165 1814 2226 Berneggen,
1847 2167 1964 2214 Gro-

1064 2226 1168 2262 nov.
1194 2234 1293 2276 sqq.
1353 2221 1458 2263 Dos
1489 2238 1513 2264 a
1538 2222 1690 2280 Lipsio
1722 2228 1961 2284 repetitum

1067 2285 1131 2319 est
1166 2293 1189 2319 e
1220 2276 1423 2334 Sulpicio
1459 2279 1650 2332 Severo,
1697 2283 1772 2340 qui
1813 2286 1857 2337 2,
1888 2286 1974 2333 2&

1065 2333 1274 2376 Tacitum
1303 2345 1480 2378 secutus
1506 2336 1662 2380 iisdem
1690 2340 1782 2382 fere
1817 2343 1961 2385 verbis

1065 2390 1174 2433 haec
1219 2389 1370 2433 refert.
1463 2393 1599 2435 MSS.
1639 2404 1682 2436 et
1717 2400 1957 2442 vetnedd.

1064 2447 1280 2490 videntur
1313 2447 1482 2492 debiles
1516 2467 1623 2494 esse.
1694 2453 1795 2498 MS.
1829 2456 1955 2499 Flor.

107 1370 130 1395 e
153 1351 268 1394 mari
295 1350 651 1396 mediterraneo,
691 1347 767 1390 sed
796 1346 1000 1389 miraculi

106 1424 237 1452 causa
269 1424 292 1450 e
324 1405 512 1450 diversis
542 1404 676 1448 etiam
705 1404 926 1453 maribus,
959 1412 1001 1446 et

108 1465 297 1508 Oceano
332 1465 544 1520 abusque.
625 1461 728 1504 MS.
763 1460 918 1504 Guelf.
952 1461 998 1503 in

107 1531 316 1566 contextu
341 1537 365 1562 e
387 1522 515 1563 coelo
540 1534 683 1574 usque
708 1535 790 1576 pro
814 1518 1000 1560 Oceano

104 1582 336 1635 abusque,
374 1594 487 1635 quae
514 1577 562 1619 in
591 1577 790 1633 margine
823 1591 1001 1634 ponun-

107 1647 195 1680 tur.

162 1702 207 1736 et
238 1701 417 1736 contra.
475 1691 551 1735 Sic
579 1691 679 1734 MS.
703 1690 855 1735 Guelf.
895 1691 995 1734 edd.

103 1753 134 1795 S
169 1753 220 1795 ir.
254 1749 360 1794 Put.
384 1749 451 1792 M.
477 1758 520 1792 et
542 1748 598 1792 V.
619 1748 722 1793 Ber.
757 1751 815 1803 (c.
850 1749 992 1791 silent.

105 1768 244 1862 Vliet.)
278 1807 379 1851 Alc.
418 1806 622 1850 Rhenan.
644 1822 741 1865 sqq.
771 1822 913 1864 usque
941 1806 997 1850 ad

106 1866 402 1912 Oberlinum,
441 1865 533 1922 *qui
585 1864 850 1907 auctoritate
890 1864 992 1906 MS.

103 1925 224 1969 Bud.
255 1922 459 1982 expunxit
489 1929 558 1972 et,
594 1923 717 1979 quod
741 1937 822 1964 cur
845 1921 996 1979 displi-

105 1990 202 2026 ceat
223 1997 320 2024 non
343 1979 492 2025 video.

163 2052 359 2094 obsceni.
443 2049 520 2093 Sic
553 2050 653 2092 edd.
688 2049 807 2107 Spir.
852 2057 892 2091 et
929 2069 996 2093 re-

105 2117 237 2153 centt.
259 2133 318 2141 —
357 2106 460 2149 MS.
482 2106 635 2149 Guelf.
660 2107 829 2149 obseni.
878 2108 994 2151 Edd.

101 2168 206 2211 Put.
231 2181 328 2224 sqq.
354 2165 585 2207 obscoeni.

160 2237 451 2280 incedebant.
514 2233 757 2278 Rhenanus
790 2245 831 2279 et
860 2235 993 2279 Hein-

103 2296 192 2339 sius
225 2293 459 2337 coniecere
494 2295 769 2336 incidebant.
849 2294 991 2336 Erne-

104 2353 212 2396 stius
241 2352 472 2408 vulgatum
504 2359 625 2392 recte
652 2349 867 2393 defendit.
931 2351 989 2394 cf.

105 2419 197 2453 not.
225 2409 278 2451 ad
305 2410 342 2459 1,
365 2407 438 2451 35.
502 2407 570 2449 De
598 2407 796 2450 tenebris
821 2407 991 2451 (lictum

103 2469 310 2511 incedere
334 2473 480 2508 exacte
502 2472 568 2506 est
587 2466 832 2507 eintreten.

161 2540 429 2579 clarescere.
491 2534 591 2579 Hoc
624 2535 812 2579 verbum
846 2537 891 2578 in
919 2537 990 2578 ed·

101 2596 221 2653 Spir.
258 2593 494 2637 omittitur.
574 2593 661 2634 Sed
699 2592 855 2636 durior
896 2602 990 2636 tun·

104 2662 168 2697 est
193 2650 413 2710 syllepsis.

155 2738 240 2777 per
262 2723 388 2765 licita
409 2730 548 2778 atque
569 2724 743 2766 inlicita
750 2722 991 2777 foedatas.

105 2781 327 2824 Nimirum
357 2794 438 2836 per
459 2782 586 2822 licita
611 2780 792 2837 quidem
814 2795 906 2821 non
929 2786 993 2820 est

102 2837 321 2883 foedatus,
352 2837 430 2878 sed
456 2836 658 2880 foedatus
683 2844 747 2880 est
770 2852 839 2887 eo,
869 2836 991 2894 quod

103 2894 185 2938 sibi
205 2891 506 2951 permitteret,
544 2910 621 2936 seu
654 2894 773 2939 licita
804 2895 894 2936 sive
927 2894 991 2934 in·

106 2952 222 2996 licita
266 2957 425 2994 essent.
511 2951 587 2994 Sic
623 2952 736 2995 Hist.
768 2952 811 3002 2,
841 2952 910 2992 56.
944 2952 992 2991 in

102 3008 335 3063 omnesas
355 3007 579 3063 nefasque
602 3011 730 3052 avidi
746 3007 789 3051 h.
811 3024 850 3052 e.
871 3007 990 3051 avidi

103 3070 149 3110 in
185 3080 344 3116 omne,
373 3066 467 3110 sive
498 3073 610 3108 esset
638 3066 704 3110 fas
726 3065 818 3108 sive
844 3065 986 3107 nefas.

100 3124 210 3168 Hist.
241 3121 282 3174 3,
303 3123 374 3166 51.
402 3130 589 3164 tantam
621 3123 868 3167 victoribus
898 3125 988 3163 ad-

103 3195 265 3224 versus
272 3179 363 3235 fas
375 3179 600 3235 nefasque
616 3181 989 3223 inreverentiam.

102 3240 158 3283 cf.
180 3237 336 3295 Langii
357 3236 550 3294 Paret-ga
570 3237 627 3281 ad
649 3236 879 3279 vindicias
900 3244 989 3279 tra-

104 3296 232 3354 goed.
256 3294 392 3337 Rom.
423 3310 469 3351 p.
491 3294 565 3338 49.

159 3366 428 3420 reliquerat.
509 3365 610 3408 MS.
642 3364 794 3409 Guelf.
839 3367 985 3408 relin-

102 3430 288 3478 querat,
339 3422 461 3479 quod
506 3421 715 3467 vitiorum
753 3437 892 3481 genus
924 3421 986 3464 ibi

99 3481 306 3536 frequens
336 3487 415 3522 est.

155 3550 327 3578 nomen
377 3535 672 3592 Pythagorae
710 3539 826 3594 suit.

102 3603 346 3654 TAclrl’s
386 3601 455 3654 Π.

911 3536 985 3578 Sic

1065 2505 1191 2557 (test.
1235 2504 1432 2548 Pichena
1475 2516 1518 2549 et
1558 2509 1644 2551 lac.
1686 2509 1955 2570 Gronovio)

1064 2562 1190 2604 misit
1239 2564 1452 2614 auspices
1492 2567 1602 2612 dos,
1654 2575 1695 2608 et
1729 2567 1957 2616 immerito

1066 2618 1154 2661 lac.
1178 2618 1439 2662 Gronovius
1461 2633 1695 2666 succenset
1716 2624 1955 2675 Pichenaa
2013 2647 2016 2650 ’

1065 2677 1187 2731 quod
1215 2694 1236 2718 e
1261 2675 1360 2718 MS.
1386 2678 1636 2734 prodiderit
1660 2683 1811 2726 missi.
1865 2685 1958 2729 Itu-

1063 2750 1139 2774 mo
1155 2733 1348 2776 Piehena
1372 2736 1545 2778 disertis
1568 2738 1713 2781 verbis
1737 2739 1959 2787 dicitMS.

1063 2789 1189 2834 Flor.
1228 2791 1388 2834 habere
1433 2795 1560 2835 misit
1598 2797 1806 2849 auspices
1845 2802 1955 2844 d’os.

1064 2848 1150 2890 Sed
1182 2847 1456 2894 vocabulum
1490 2853 1576 2892 dos
1607 2852 1669 2894 ibi
1696 2869 1776 2910 per
1799 2866 1953 2901 notam

1065 2905 1123 2947 ita
1158 2906 1373 2962 scriptum
1404 2915 1494 2956 est,
1534 2915 1581 2950 ut
1613 2908 1711 2952 aliis
1739 2914 1862 2956 duos
1887 2915 1951 2956 le-

1064 2963 1258 3020 gendum
1279 2961 1514 3006 videretur.
1567 2964 1683 3010 Hinc
1695 2967 1951 3029 MSSAgv.

1062 3020 1194 3064 Bodl.
1218 3019 1299 3062 les.
1325 3018 1474 3063 Guelf.
1511 3023 1552 3074 (a
1581 3038 1669 3067 sec.
1698 3041 1858 3070 manu:
1903 3029 1951 3071 in

1061 3076 1193 3119 litura
1227 3085 1330 3119 suut
1361 3093 1444 3128 uo,
1476 3077 1632 3122 ultima
1665 3081 1712 3124 in
1734 3097 1831 3126 non
1852 3101 1951 3130 rasa

1063 3133 1236 3185 charta3
1286 3134 1361 3177 sed
1396 3135 1504 3177 (luas
1537 3135 1704 3181 litteras
1736 3143 1890 3184 erasas.
1910 3151 1952 3186 et

1062 3191 1270 3234 ultimam
1298 3206 1324 3233 s
1352 3191 1494 3234 {uisse
1511 3194 1720 3251 apparuit
1740 3195 1950 3244 Ernesti«)

1061 3247 1276 3307 mihique)
1314 3247 1413 3290 edd.
1448 3249 1565 3307 Spir.
1587 3250 1706 3295 Ῥυῑ.
1729 3251 1797 3295 Μ.
1824 3255 1946 3301 ervi.

1061 3304 1270 3349 Beroald.
1301 3309 1358 3360 (c.
1386 3304 1679 3365 silent.Viet.)
1701 3309 1949 3369 AlcffiRhen.

1061 3363 1187 3405 misit
1228 3364 1442 3415 auspices·
1476 3363 1619 3407 duos.
1689 3365 1790 3412 MS.
1824 3360 1946 3418 Biid.

1058 3421 1183 3462 ιηὶείι
1227 3422 1437 3473 auspices
1481 3423 1605 3465 deos.
1698 3423 1769 3467 De
1805 3424 1941 3472 MSS}

1057 3476 1236 3534 Reg.‚et
1259 3475 1397 3521 Corb.
1425 3476 1662 3522 Broterius
1680 3481 1802 3525 inire
1819 3492 1945 3530 tacet.

1057 3535 1119 3577 Ex
1151 3534 1463 3578 emendatione
1491 3535 1592 3581 edd.
1615 3535 1735 3597 Lips.
1761 3538 1945 3587 Gruter.

1329 3593 1376 3650 Α
1395 3617 1426 3651 a
