2164 3990
1809 212 1949 257 Am.
1992 216 2030 260 2³·

1809 257 1997 305 A·C.·.,.

252 216 369 291 so
930 212 1434 279 ANNALIUM

252 357 612 404 moraretur:
656 345 827 422 brevi
850 357 908 403 et
933 343 1187 418 inglorio
1213 343 1469 420 imperio
1488 346 1830 422 perfunctus
1854 361 1959 421 est,
1991 368 2114 413 res-

254 454 370 510 que
388 428 750 491 Parthorum
774 431 1052 489 infilium
1081 428 1208 503 eius
1231 426 1586 504 Vologesem
1609 433 1946 499 translatae.

351 563 353 565 ·
423 528 560 590 XV.
597 538 610 555 ³
634 524 716 586 At
762 524 1146 584 Mithridates
1190 522 1573 601 Bosporanus
1631 529 1862 586 amissis
1903 532 2115 608 opibus

251 633 434 690 vagus
471 625 854 691 posteaquam
886 610 1139 668 Didium
1183 612 1390 668 ducem
1429 611 1774 671 Romanum
1814 616 2117 694 roburque

251 701 547 759 exercitus
577 700 765 757 abisse
801 707 1180 771 cognoverat,
1222 697 1457 754 relictos
1491 699 1556 754 in
1591 718 1750 756 novo
1785 719 1967 775 regno
1997 701 2116 760 Co-

248 799 358 866 tyn
377 787 619 844 iuventa
640 785 851 842 rudem
877 793 934 840 et
954 800 1169 858 paucas
1189 777 1522 840 cohortium
1551 804 1687 841 cum
1714 782 1868 842 Iulio
1892 782 2115 864 Aquila

251 873 450 950 equite
488 869 796 939 Romano,
839 868 1051 944 spretis
1090 866 1366 944 utrisque·
1390 869 1621 925 concire
1657 870 1963 942 nationeS,
2017 872 2114 928 in·—

247 960 425 1016 licere
458 957 757 1033 perfugas:
801 965 1098 1030 postremo
1132 953 1387 1009 exercitu
1416 965 1615 1012 coacto
1650 974 1847 1029 regem
1870 955 2115 1015 Danda-

247 1045 517 1103 ridarum
562 1041 832 1098 exturbat
878 1039 1247 1117 imperioque
1285 1038 1410 1095 eius
1449 1038 1694 1114 potitur.
1798 1039 1974 1113 Quae
2005 1042 2113 1100 ubi

249 1128 483 1203 cog-nita
521 1138 578 1184 et
619 1126 738 1182 iam
775 1126 1011 1203 iamque
1046 1123 1380 1199 Bosporum
1420 1123 1735 1181 invasurus
1768 1121 2113 1198 habebatur,

246 1214 428 1274 diffisi
472 1211 731 1288 propriis
773 1211 1003 1268 viribus
1035 1207 1258 1287 Aquila
1302 1219 1358 1266 et
1395 1207 1604 1287 CotyS,
1661 1210 1802 1287 quia
1835 1209 2141 1288 Zorsines·

247 1299 588 1358 Siracorum
610 1317 714 1353 rex
740 1293 984 1354 hostilia
1003 1305 1425 1370 resumpserat,
1465 1306 1732 1352 externas
1760 1307 1818 1353 et
1836 1297 1952 1372 ipsi
1979 1316 2113 1371 gra-

245 1386 359 1443 tias
381 1383 720 1461 quaesivere
754 1383 949 1440 missis
982 1381 1188 1456 legatis
1214 1381 1288 1437 ad
1319 1377 1672 1450 Eunonem,
1714 1381 1820 1457 qui
1841 1378 2110 1439 Adorso-

243 1490 380 1528 rum
415 1469 577 1544 genti
609 1469 1017 1546 praecellebat.
1104 1486 1212 1523 nee
1245 1466 1360 1523 fuit
1392 1466 1458 1521 in
1493 1466 1680 1523 arduo
1721 1467 1965 1524 societas
1996 1487 2109 1543 po·-

244 1719 302 1762 ad
327 1716 366 1768 1,
387 1713 457 1759 58.
488 1721 532 1759 et
553 1713 596 1763 3,
617 1712 688 1757 39.
735 1712 969 1757 Victorius
991 1720 1142 1755 tamen
1214 1710 1290 1754 bat
1332 1710 1577 1754 videbatur
1613 1725 1698 1771 pro
1739 1712 1997 1756 habebatur
2035 1727 2108 1757 eo-

242 1775 465 1818 intactum
479 1771 827 1828 reliquitMedis‚
840 1770 963 1828 quod
977 1769 1143 1814 habent
1215 1768 1319 1811 dem
1340 1777 1523 1814 eventu.
1931 1805 1936 1809 a

242 1831 403 1888 reliqui
419 1829 524 1873 libri
547 1836 765 1887 quantum
786 1836 962 1872 constat
981 1843 1141 1872 omnes
1272 1827 1556 1878 Bosporum.
1635 1824 1714 1870 Sic,
1748 1825 1849 1871 edd.
1888 1826 2108 1887 Bernegg.

241 1890 450 1946 interque
481 1901 559 1929 eos
584 1884 684 1928 MS.
708 1885 858 1928 Gueif.
873 1918 885 1936 ‚
926 1885 1004 1942 qui
1035 1901 1140 1928 mox
1211 1899 1312 1941 sqq.
1333 1892 1511 1940 praeter
1530 1883 1818 1932 Broierium,
1849 1883 1928 1942 qui
1947 1883 2110 1928 retinet

241 1947 332 1990 fert
362 1953 413 1987 ut
442 1956 526 2002 pro
553 1951 664 1996 aut;
697 1942 801 1986 dein
826 1943 1140 1996 Vologensem
1210 1949 1322 1984 vett.
1346 1940 1572 1983 librorum
1596 1940 1868 1998 scripturam
1887 1942 2106 1997 Bospho-

1211 2012 1338 2040 rum.
1398 1997 1502 2041 MS.
1528 1996 1682 2041 Guelf.
1707 1999 1972 2055 bassorum.

1269 2057 1536 2099 invasurus.
1579 2053 1793 2114 Ed.spir.
1813 2056 2110 2101 invasurum.

1210 2111 1379 2156 Eadem
1406 2127 1510 2155 mox
1540 2112 1727 2169 dfffisis,
1759 2113 1882 2172 quod
1901 2113 2036 2158 etiam
2058 2114 2110 2158 in

1210 2171 1311 2214 MS.
1353 2170 1477 2214 Flor.
1531 2186 1626 2214 esse
1672 2177 1858 2214 testatur
1894 2170 2110 2221 Piehena,

1210 2228 1331 2271 unde
1354 2227 1392 2270 is
1416 2226 1525 2272 feeit
1555 2227 1714 2285 diffisi.
1773 2227 2004 2272 Victorius
2040 2228 2108 2273 in·

1208 2293 1378 2330 tactum
1391 2284 1575 2342 reliquit
1590 2285 1782 2342 diffisus,
1806 2285 1929 2343 quod
1943 2285 2109 2332 baben!

1210 2342 1347 2386 ceteri
1403 2342 1524 2386 libri.
1555 2358 1607 2385 us
1640 2358 1696 2386 ue
1747 2343 1804 2387 ad
1842 2342 2104 2393 Pichenam,

1211 2400 1346 2444 etiam
1367 2399 1469 2443 MS.
1496 2358 1650 2443 Guelq·

1275 2459 1567 2503 Siracorum.
1659 2456 1726 2499 Ex
1786 2456 2104 2501 emendatione

242 2019 329 2064 pro
352 2003 405 2046 V
398 2004 647 2057 ologesem.

298 2070 416 2117 C'AP.
440 2071 512 2116 15.
561 2071 869 2115 Mithridates.
916 2069 1000 2114 Ed.
1017 2070 1138 2131 Spir.

238 2131 535 2179 Metridates,
574 2146 679 2173 mox
703 2130 884 2175 Mitrid.
944 2129 1017 2172 De
1049 2135 1139 2174 hoc

242 2189 301 2235 cf.
324 2188 417 2233 Dio
443 2187 513 2239 60,
535 2187 576 2230 8.

296 2261 631 2316 Bosporanus.
697 2256 775 2301 Sic
794 2256 895 2300 edd.
915 2255 1135 2317 Bernegg.

239 2335 338 2379 sqq.
379 2318 727 2370 Bosphoranus
753 2313 852 2357 edd.
874 2322 990 2366 vett„
1013 2315 1136 2372 quod

239 2374 437 2420 restituit
495 2372 747 2417 Broterius.
836 2371 1138 2428 Bosforanus

239 2433 340 2477 MS.
371 2430 524 2481 Guelf,
599 2429 732 2474 Falso
766 2427 903 2487 igitur
937 2429 1139 2474 Stromb.

240 2490 441 2551 prodidit
463 2489 512 2532 in
532 2486 612 2532 illo
634 2487 737 2532 cod.
758 2486 847 2530 hoc
867 2502 1039 2529 nomen
1062 2486 1137 2530 de·

241 2565 349 2593 esse.
408 2543 649 2590 vocabulo
670 2546 818 2599 Bosp.
844 2543 918 2587 hic
932 2544 1136 2589 Mithrid.

241 2604 530 2664 distinguitur
552 2620 576 2647 a
599 2601 760 2646 Mithr.
788 2603 856 2651 11,
883 2601 926 2648 8.

702 2673 804 2717 MS.
861 2671 1010 2718 Guelf.
1065 2673 1135 2718 ed.

293 2680 620 2732 posteaquam.

242 2733 361 2794 Spir.
389 2739 655 2789 postquam.

298 2804 462 2848 abisse.
549 2802 628 2847 Sic
657 2799 792 2847 MSS.
828 2801 1016 2849 Vatiae.
1035 2800 1136 2845 edd.

239 2861 356 2921 Spir.
382 2860 485 2904 Put.
506 2859 664 2904 Oberl.
686 2875 784 2918 sqq.
844 2860 1014 2903 abiisse
1035 2858 1137 2902 MS.

242 2917 398 2966 Guelf.
435 2918 535 2962 edd.
567 2918 775 2962 Beroald.
813 2917 870 2972 (c.
907 2916 975 2961 sil.
1000 2916 1136 2972 Viet.)

241 2977 345 3022 Alc.
369 2974 573 3019 Rhenan.
598 2990 694 3032 sqq.

297 3036 496 3078 relictos,
555 3032 643 3076 Ed.
667 3031 785 3091 Spir.
820 3032 995 3074 relicto.
1054 3029 1136 3073 Ea·

245 3091 349 3136 dem
369 3107 474 3134 mox
491 3089 677 3134 Gothia.
736 3088 836 3133 MS.
853 3086 1005 3133 Guelf.
1019 3103 1136 3142 pau·

244 3166 300 3193 ca
343 3149 622 3192 cohortium.
710 3147 812 3193 MS.
852 3147 962 3204 Agr.
1010 3145 1136 3188 Iulio

245 3207 449 3263 Aquilio.

297 3270 547 3319 postremo.
608 3262 710 3306 MS.
733 3261 885 3308 Guelf.
907 3269 1137 3306 extremo.

243 3321 353 3365 Mox
379 3320 765 3365 dandaricarum.

304 3385 350 3421 et
383 3379 480 3420 iam
512 3377 712 3431 iamque.
791 3378 874 3423 Ed.
906 3376 1023 3436 Spir.
1061 3377 1136 3419 ia-

244 3448 493 3489 nuamque.
588 3433 828 3479 Rhenanus
871 3433 1136 3480 auctoritate

248 3493 350 3537 eod.
374 3490 490 3534 Bud.
514 3489 628 3532 male
660 3491 832 3535 delebat
865 3501 910 3536 et
935 3494 1059 3540 iam,
1099 3490 1134 3534 si

248 3563 409 3609 operae
441 3546 705 3606 paruissent.
784 3549 904 3593 Idem
941 3549 1135 3606 corrige·

1207 2513 1358 2573 Lipsii,
1380 2530 1514 2572 quam
1529 2515 1701 2572 recepit
1711 2513 1880 2572 Ryek.;
1909 2530 2106 2574 namque

1207 2572 1326 2629 apud
1343 2571 1615 2615 Strabonem
1639 2574 1689 2614 11
1703 2602 1716 2620 ,
1746 2589 1790 2629 p.
1812 2572 1912 2615 492.
1934 2570 1989 2615 τὰ
2009 2574 2106 2616 τῶν

1205 2626 1422 2686 Σιράκων
1445 2630 1572 2686 φῦλα
1604 2636 1723 2671 sunt.
1785 2628 1971 2674 Veteres
1996 2629 2103 2674 libri

1206 2687 1392 2730 variant.
1415 2686 1548 2729 MSS.
1571 2686 1695 2729 Flor.
1717 2686 1834 2740 (test.
1854 2685 1974 2731 Vict.
1997 2702 2104 2731 cum

1206 2744 1295 2787 Iac.
1311 2743 1537 2799 Gronov.)
1558 2743 1672 2786 Bud.
1696 2742 1850 2786 Guelf.
1876 2744 1977 2788 edd.
1997 2744 2102 2788 Put.

1206 2800 1274 2844 M.
1314 2809 1358 2844 et
1376 2800 1433 2844 V.
1461 2800 1819 2857 Syracusorum.
1850 2824 1910 2835 —
1967 2801 2103 2846 MSS.

1207 2857 1527 2916 FarnesaReg.
1551 2866 1596 2901 et
1621 2857 1740 2925 Spir.
1761 2857 2102 2912 Siracusorum,

1207 2915 1564 3018 ἓὲἕεῖιΡὶοὲῗῖἕΓ
1582 2925 1774 3016 Βῖῗὲἒῗα
1786 2932 1809 2959 ²
1819 2915 2102 3018 ffls'sFi‘Ifi

1208 3045 1445 3074 casarum.
1489 3030 1590 3073 MS.
1602 3030 1711 3089 A'gr.
1729 2990 2100 3077 Seracosio'ry‘lum.

1207 3086 1324 3131 Edd.
1356 3087 1500 3131 Rhen.
1532 3102 1627 3145 sqq.
1661 3085 1963 3132 Soranorum.
2018 3089 2101 3132 Er-

1208 3146 1378 3189 nestius
1403 3144 1653 3201 suspicatur
1675 3146 2008 3190 Stracenorum
2033 3145 2103 3188 vel

1208 3205 1569 3248 Ser-acenorum.
1643 3202 1703 3247 ef.
1745 3202 1937 3246 Ptolem.
1984 3204 2027 3256 5,
2057 3204 2102 3248 9.

1208 3259 1297 3303 Sed
1320 3260 1412 3305 vid.
1436 3267 1532 3303 not.
1563 3259 1620 3302 ad
1647 3274 1688 3302 c.
1715 3259 1782 3303 16.

1265 3320 1582 3361 Adorsorum.

1210 3376 1317 3433 Agr.
1349 3379 1670 3418 adorscorum.
1741 3373 1841 3418 MS.
1862 3374 1971 3432 Reg.
1996 3378 2100 3418 Ad-

1662 3317 1743 3360 Ed.
1779 3315 1895 3372 Spir.
1934 3326 1976 3360 et
2002 3318 2102 3363 MS.
2163 3345 2164 3349 ,

1208 3435 1497 3476 horscorum.
1559 3430 1758 3489 Ryckius
1779 3432 1950 3491 recepit
1972 3435 2100 3476 Aor-
2160 3477 2164 3480 ,

1206 3505 1393 3542 sorum,
1425 3506 1514 3548 quo
1542 3490 1725 3532 nomine
1748 3488 1959 3534 dicuntur
1981 3490 2101 3534 Stra·
2161 3495 2164 3541 j

1208 3547 1339 3598 boni,
1379 3547 1557 3598 Plinio,
1592 3545 1872 3589 Ptolemaeo.

2159 3546 2164 3616 i

2159 3617 2164 3660 i
