2164 3990
208 201 262 236 A.
281 197 336 234 U.
356 195 441 232 812.

126 244 130 254 ¹
207 245 260 279 A.
280 241 326 278 C.
380 242 440 277 59.

655 200 707 259 L
722 198 844 262 ΙΒ.ν
862 197 1032 262 XIII.

1117 196 1309 263 CAP.
1342 199 1446 264 58.
1855 207 1984 267 227

120 333 485 409 Romulique
549 329 863 386 infantiam
924 341 1178 403 texerat,
1243 331 1496 389 mortuis
1549 334 1872 395 ramalibus
1921 352 1978 398 et

122 428 418 478 arescente
454 427 664 473 trunco
700 415 1066 472 deminutam
1102 416 1362 492 prodigii
1398 417 1529 475 loco
1569 414 1842 479 habitum
1873 438 1979 496 est,

120 507 308 563 donec
329 503 395 558 in
418 501 780 558 novos-fetus
804 501 1200 563 reviresceret.

120 738 208 767 nos
226 720 330 766 MS.
350 718 468 762 Bud.
488 745 547 755 —-
604 731 724 774 quae
744 717 1014 770 septingen-

121 789 195 824 tos
215 787 261 822 et
311 777 600 829 uode-aginta
622 791 667 818 a.
684 791 731 817 a.
746 773 881 818 MSS.
894 774 1018 819 Flor.

123 845 241 894 (test.
308 836 404 890 iet.)
439 832 613 876 Vatiee.
650 831 859 875 1863.·et
887 831 1015 875 1864.

122 896 260 940 Corb.
282 891 352 937 ed.
370 893 400 934 S
436 890 490 937 ir.
550 892 611 934 At
625 889 801 949 Lipsius
821 888 873 931 ad
896 888 1017 934 hunc

121 954 301 998 locum:
354 908 597 1001 „illamam
648 946 819 1004 inquit,
859 961 1016 990 nume·

121 1027 241 1055 rum.
317 1006 434 1050 Nam
466 1005 540 1049 hic
573 1020 717 1047 annus
749 1003 814 1047 U.
846 1019 887 1047 c.
917 1003 1017 1048 811.

122 1065 282 1126 (immo
305 1065 439 1121 812).
510 1062 732 1106 Romulus
759 1067 907 1104 autem
932 1060 1018 1104 Re-

123 1140 316 1183 musque
356 1120 676 1177 18.Aduntaxat
721 1134 865 1162 annos
911 1117 1020 1170 nati,

125 1197 231 1228 cum
267 1179 387 1223 sacta
417 1177 562 1221 Roma
606 1183 687 1220 est.
766 1175 871 1218 Non
907 1190 1016 1232 ergo

125 1241 276 1299 plures
311 1239 365 1281 ab
397 1234 583 1278 infantia
617 1247 777 1275 eorum
812 1232 866 1274 ad
896 1230 1019 1276 bunc

128 1298 249 1340 diem
279 1294 407 1337 annis
438 1292 634 1347 triginta.
704 1289 866 1334 Facilis
892 1299 1018 1347 puta·

125 1355 189 1399 tio
213 1369 260 1395 ex
281 1349 530 1406 Dionysio,
557 1346 688 1391 Livio
712 1355 755 1389 et
776 1346 886 1390 aliis.
950 1347 1017 1390 Ita

126 1427 232 1468 ergo
263 1409 336 1451 hic
364 1407 629 1452 emendem,
661 1411 704 1447 et
728 1405 1020 1457 octingentos

127 1477 173 1511 et
214 1466 411 1520 triginta
455 1462 678 1513 scribam,
738 1477 795 1505 ne
835 1461 1018 1504 Tacitus

125 1524 358 1569 manifesta
392 1521 448 1565 sit
479 1522 526 1563 in
557 1518 746 1576 culpa.’'
816 1518 1018 1563 Consen-

126 1583 247 1627 tiunt
277 1578 507 1623 Acidalius
546 1586 588 1619 et
619 1575 830 1620 Heinsius
863 1584 907 1618 et
938 1592 1019 1634 pu·

129 1647 224 1684 taut
255 1645 298 1682 et
332 1637 646 1692 quadraginta
672 1643 826 1678 ortum
860 1650 909 1676 ex
941 1640 1017 1676 at-

1090 734 1177 773 que
1213 719 1437 773 triginta,
1475 721 1600 779 quod
1633 738 1844 783 recepere
1875 726 1977 786 Bip.

1088 775 1179 820 Sed
1207 777 1354 835 potuit
1379 777 1559 832 Tacitus
1589 779 1719 823 aliam
1757 784 1881 840 sequi
1914 787 1979 831 fa.

1087 832 1239 876 hulam
1265 835 1319 878 de
1330 834 1514 878 Romuli
1537 844 1677 880 aetate
1698 839 1878 898 eiusque
1901 860 1979 887 an-

1087 890 1156 932 nis
1190 898 1292 933 ante
1331 892 1489 936 urbem
1522 895 1753 939 conditam
1781 899 1980 957 expletis.

1088 946 1340 992 Numerum
1389 952 1702 1004 septingentos
1750 954 1799 998 in
1853 956 1981 1003 libris

1089 1004 1325 1106 :iobnnullis
1365 1022 1460 1052 esse
1499 1006 1705 1054 vitiatum
1739 1012 1812 1058 vix
1851 1014 1980 1060 dubi-

1110 1078 1133 1105 a
1170 1077 1218 1105 ns.

1145 1145 1354 1187 habitum
1395 1154 1478 1191 est.

1089 1202 1191 1246 MS.
1222 1201 1379 1247 Gueif.

1146 1287 1452 1331 reviresceret.
1510 1290 1587 1336 Sic
1608 1291 1806 1338 Pichena
1828 1304 1870 1339 et
1885 1299 1968 1357 sqq

1089 1351 1146 1387 ut·
1182 1359 1206 1386 e
1245 1343 1345 1388 MS.
1388 1345 1510 1391 Flor.
1600 1349 1833 1396 consentit
1875 1344 1982 1401 cod:

1091 1399 1245 1467 Guelf.
1272 1401 1348 1459 qui
1372 1403 1527 1447 scribit
1551 1410 1857 1456 reuirisceret.
1909 1413 1984 1458 Vi-

1091 1466 1261 1502 ctorius
1287 1467 1436 1502 tamen
1458 1461 1675 1508 intactum
1700 1467 1781 1509 reli
1819 1469 1882 1512 uit
1903 1486 1982 1515 re·-

1092 1516 1357 1569 vz'visceret,
1397 1520 1521 1574 quod
1547 1530 1610 1563 est
1633 1522 1679 1565 in
1708 1525 1790 1568 MS
1829 1559 1839 1569 .
1861 1527 1984 1573 Harl.

1090 1573 1222 1617 Bodl.
1253 1573 1338 1617 les.
1371 1576 1474 1620 edd.
1505 1579 1535 1621 S
1570 1578 1622 1622 ir.
1647 1580 1856 1628 Beroald.
1881 1602 1983 1647 sqq.

1090 1653 1149 1662 —
1179 1633 1452 1675 reviviserat
1475 1635 1528 1678 ed
1567 1667 1578 1680 .
1598 1636 1701 1682 Put.
1726 1639 1793 1684 M.
1815 1650 1860 1687 et
1876 1643 1930 1689 V.

1567 1149 1689 1197 Haec
1733 1152 1895 1202 desunt
1933 1157 1981 1203 in

1307 3537 1437 3602 ΡΞ
1806 3590 1830 3600 ,
