2164 3990
1758 202 1810 239 A.
1826 202 1880 239 U.
1897 201 1983 238 816.

1761 248 1814 282 A.
1831 245 1880 282 C·
1920 245 1983 282 63.

214 194 342 257 346
885 195 1392 260 ANNALIUM

215 325 624 387 consalutatio.
719 329 1043 392 decesserat
1090 326 1383 388 certamen
1429 333 1665 392 virtutis
1715 345 1774 393 et
1821 337 2066 395 ambitio

147 430 151 435 ·
215 411 441 486 gloriae
476 411 736 470 felicium
780 409 1097 469 hominum
1139 414 1428 474 adfectust
1494 420 1621 476 sola
1664 420 2069 480 misericordia

215 498 448 556 valebat
472 509 528 555 et
553 499 710 573 apud
739 497 999 554 minores
1029 499 1231 571 magis.

383 618 580 682 XVII.
636 619 873 688 Ducum
919 620 1075 678 inter
1122 641 1180 678 se
1222 622 1418 681 brevis
1459 645 1648 685 sermo
1693 639 1924 688 secutus
1967 645 2067 694 est.

211 702 328 766 hoc
363 715 759 784 conquerente
791 706 1041 764 inritum
1064 707 1358 778 laborem,
1400 712 1655 785 potuisse
1679 715 1903 772 bellum
1930 717 2068 791 fuga

210 787 573 850 Parthorum
599 790 789 862 finiri,
832 791 933 848 ille
960 793 1189 866 integra
1224 794 1461 871 utrique
1494 809 1700 856 cuncta
1731 804 2064 877 respondit:

213 876 626 935 converterent
681 876 908 954 aquilas
966 889 1023 934 et
1078 877 1268 935 iuncti
1318 879 1668 940 invaderent
1717 881 2066 945 Armeniam

210 965 482 1037 ‘abscessu
505 959 814 1036 Vologesis
836 963 1207 1022 infirmatam.
1294 963 1432 1021 Non
1468 987 1533 1023 ea
1564 967 1932 1044 imperatoris
1957 970 2067 1030 ha-

208 1048 350 1106 bere
377 1048 657 1104 mandata
681 1045 976 1106 Corbulo:
1031 1049 1293 1124 periculo
1321 1050 1624 1125 legionum
1651 1067 2011 1114 commotum
2036 1079 2067 1115 e

205 1128 516 1211 provincia
554 1153 866 1208 egressum.
955 1135 1194 1210 quando
1222 1135 1287 1191 in
1316 1135 1538 1195 incerto
1565 1135 1898 1198 habeantur
1917 1139 2067 1199 Par-

207 1216 452 1277 thorum
480 1218 751 1296 conatUS‚
791 1218 1025 1297 Syriam
1053 1221 1461 1296 repetiturum.
1537 1225 1620 1281 sic
1643 1247 1881 1303 quoque
1908 1228 2066 1303 opti-

207 1316 366 1361 mam
394 1302 723 1362 Fortunam
748 1306 1068 1375 orandam‚
1111 1317 1178 1363 ut
1206 1308 1383 1382 pedes
1415 1310 1711 1367 confectus
1735 1310 1936 1386 spatiis
1965 1312 2065 1371 iti-

208 1411 422 1447 nerum
472 1392 724 1447 alacrem
774 1402 832 1447 et
873 1391 1151 1448 facilitate
1203 1413 1545 1468 camporum
1587 1397 2066 1470 praevenientem

208 1475 466 1552 equitem
511 1477 947 1553 adsequeretur.
1043 1473 1204 1532 Exin
1239 1476 1455 1535 Paetus
1475 1487 1595 1554 ‘per
1629 1479 2065 1556 Cappadociam

204 1556 566 1622 hibernavit.
652 1559 735 1619 At
767 1559 1076 1635 Vologesis
1114 1563 1188 1618 ad
1214 1560 1619 1620 Corbulonem
1649 1567 1815 1622 missi
1849 1569 2064 1639 nuntii,

205 1643 539 1705 detraheret
577 1647 809 1705 castella
840 1660 1004 1706 trans
1028 1643 1398 1722 Euphratem
1430 1669 1781 1728 amnemque
1814 1662 1882 1710 ut
1919 1653 2065 1710 olim

205 1864 297 1908 Iac.
333 1863 545 1908 Gronov.
583 1879 683 1922 sqq.
735 1887 787 1897 -·
862 1871 1102 1919 tempera·
1174 1864 1484 1918 querentium.
1572 1863 1683 1908 Mox
1732 1881 1816 1924 pro
1862 1868 2066 1921 potuisse

202 1936 311 1965 vere
358 1922 462 1964 MS.
506 1922 620 1964 Bud.
671 1920 774 1964 edd.
814 1920 959 1965 Rhen.
1003 1937 1101 1979 sqq.

202 1977 413 2030 Heinsius
459 1979 615 2021 nescio
657 1994 744 2036 qua
784 1979 870 2020 fide
911 1995 934 2020 e
965 1980 1100 2022 MSS.

202 2036 328 2081 Flor.
355 2046 399 2081 et
419 2036 528 2094 Agr.
554 2034 700 2078 adfert
725 2043 1058 2086 temperareve.

261 2095 584 2137 consalutatio.
647 2093 724 2135 Sic
759 2093 860 2135 edd.
891 2090 1098 2136 Beroald.

155 2202 162 2211 .
201 2153 263 2209 (c.
297 2151 366 2196 sil.
402 2150 540 2200 Vici.)
581 2150 682 2193 Ale.
719 2149 862 2192 Rhen.
899 2165 997 2208 sqq.
1041 2174 1097 2184 -·

201 2209 459 2254 consolatio
489 2207 629 2254 MSS.
654 2208 770 2251 Bud.
793 2206 946 2254 Guelf.
970 2207 1096 2261 Harl.

199 2267 333 2312 Bodl.
358 2267 439 2310 les.
463 2266 563 2309 edd.
586 2265 704 2322 Spir.
726 2264 830 2308 Put.
853 2265 921 2309 M.
942 2273 985 2308 et
1011 2266 1069 2311 V.

201 2337 210 2342 “
247 2325 485 2387 ,minorem
539 2321 598 2365 H.
634 2339 671 2365 e.
706 2321 960 2366 inferiores.
1022 2320 1099 2365 Sic

201 2397 243 2428 t.
269 2382 341 2427 20.
371 2382 643 2437 praevalidi
664 2380 1028 2434 provincialium
1054 2387 1098 2421 et

201 2442 362 2499 opibus
382 2439 543 2482 nimiis
564 2438 680 2480 elati
697 2453 724 2479 ο
760 2446 994 2494 ponuntur
1013 2437 1098 2479 mi-

198 2501 410 2542 noribus.
481 2495 669 2541 Sueton.
706 2453 812 2537 (Fiet.
853 2511 893 2545 c.
922 2494 993 2538 94.
1039 2508 1102 2538 ne

200 2558 357 2601 minor
387 2554 448 2611 (h.
485 2571 522 2598 e.
559 2552 766 2608 inferior)
798 2552 1100 2596 inveniretur.

199 2614 461 2659 Minoribus
487 2626 589 2655 mox
614 2619 912 2669 opponuntur
945 2614 1097 2653 duces.

257 2671 370 2716 CAP.
400 2672 467 2714 17.
528 2672 613 2715 hoc
646 2675 955 2723 conquerente
986 2669 1099 2710 inri-

203 2738 303 2777 tum
338 2738 424 2774 etc.
481 2727 544 2770 Ex
578 2725 894 2774 emendatione
923 2724 1098 2774 Faerni,

201 2803 347 2856 quam·
359 2793 601 2846 praeeunte
619 2783 913 2840 -Berneggero
934 2799 1099 2826 recen.-

196 2843 469 2888 'nores-edd.
492 2856 702 2898 recepere
729 2856 902 2885 omues.
963 2840 1099 2884 MSS.

196 2903 326 2955 flor.
362 2897 522 2944 Guelf.
567 2898 668 2942 edd.
713 2897 814 2941 Put.
860 2896 931 2940 M.
969 2906 1011 2940 et
1043 2896 1100 2940 V.

143 2971 145 2976 ’
200 2960 305 3003 Ber.
331 2960 392 3014 (e.
413 2957 481 3002 sil.
497 2957 638 3014 vict.)
663 2956 760 2999 Alc.
790 2957 874 3003 ‚hoc
899 2970 1098 3012 conque-

200 3019 403 3063 rentium
426 3016 722 3058 irritum‘etc.
754 3037 811 3046 —-
870 3013 966 3056 MS.
985 3014 1100 3055 Bud.

192 3074 309 3119 ·edd.
345 3074 464 3132 Spir.
502 3073 705 3118 Rhenan.
745 3086 844 3130 sqq.
889 3087 973 3128 pro
1015 3073 1101 3112 hoc

203 3125 519 3182 seruni'ha'ec.
581 3129 755 3186 Lipsius
789 3128 1099 3171 coniectabat:

206 3190 297 3234 Hic
327 3187 576 3246 conqueri,
631 3193 816 3229 tantum
849 3187 1036 3229 irritum
1070 3188 1100 3228 l.

204 3246 404 3290 Pichena
453 3249 538 3288 hoc
582 3251 906 3300 conquerente,
965 3258 1100 3287 suum

194 3304 397 3346 ‘irritum
420 3306 473 3346 Ζ.-
510 3302 780 3344 Malum—im:
809 3303 890 3342 hoc
912 3314 1101 3356 conque·

209 3368 368 3414 rente,
423 3362 521 3404 iam
557 3360 758 3402 inritum
791 3360 822 3401 l.
892 3357 1102 3401 Ernestio

193 3413 454 3463 videbatur*
487 3416 807 3460 scribendum:
853 3416 956 3458 huic
994 3430 1105 3458 con-

192 3463 431 3533 ·ly'uerenti.
501 3474 558 3525 Et
598 3481 708 3516 teste
749 3473 960 3516 Broterio
1004 3479 1109 3516 sunt

195 3531 360 3580 codd.
381 3530 528 3578 MS&
550 3532 627 3591 qui
662 3519 854 3579 habeant
886 3531 962 3579 hic
991 3543 1105 3577 ⁶⁰12-

1174 1921 1274 1964 MS.
1301 1920 1450 1964 Guelf.
1477 1922 1563 1965 fert
1588 1925 1749 1975 pocius
1774 1938 1838 1967 se.

1233 1980 1430 2033 utrique.
1511 1979 1613 2022 MS.
1648 1981 1787 2025 Corb.
1834 1982 2066 2038 utrinque,

1172 2038 1504 2092 permutatione
1527 2038 1584 2079 ob
1613 2039 1936 2096 compendium
1958 2041 2064 2084 seri·

1173 2100 1329 2150 pturae
1352 2092 1489 2135 sacili.

1227 2157 1271 2191 et
1293 2151 1449 2192 iuncti.
1512 2151 1595 2195 Ed.
1619 2151 1723 2196 Put.
1749 2152 1806 2197 V.
1837 2169 1942 2196 cum
1964 2155 2067 2198 cod.

1170 2205 1321 2249 Guels.
1348 2215 1392 2250 et
1416 2210 1579 2260 vincti,
1609 2208 1786 2267 vulgari
1807 2225 1979 2254 errore.

1225 2266 1401 2307 habere
1461 2269 1711 2311 mandata.
1782 2267 1883 2310 Ed.
1946 2269 1978 2312 S
2010 2269 2064 2313 ir.

1169 2321 1337 2364 omittit
1389 2325 1576 2366 verbum
1625 2325 1810 2368 habere.
1893 2285 2064 2370 Eadle

1170 2395 1275 2421 mox
1299 2394 1361 2421 ex
1379 2382 1624 2434 provincia
1642 2398 1725 2439 pro
1747 2397 1772 2423 e
1788 2397 1929 2437 prov.

1170 2493 1199 2536 b
1228 2437 1279 2479 in
1302 2439 1494 2481 incerto.
1553 2439 1655 2483 MS.
1681 2437 1835 2484 Guelf.
1861 2456 1957 2486 non
1981 2441 2066 2486 ha-

1205 2502 1247 2536 et
1272 2497 1334 2537 in.

1228 2554 1504 2598 habeantur.
1566 2553 1650 2597 Ed.
1683 2553 1789 2598 Ber.
1828 2557 2067 2600 habeban-

1171 2616 1265 2652 tur.
1335 2609 1562 2653 Victorius
1597 2627 1620 2653 e
1653 2610 1756 2655 MS.
1794 2612 1918 2657 Flor.
1957 2631 2066 2659 cor-

1170 2668 1282 2710 rexit
1311 2667 1357 2709 in
1385 2670 1666 2711 habeantur.

1228 2725 1434 2781 Syriam.
1497 2725 1580 2772 Ed.
1606 2725 1725 2784 Spir.
1759 2725 1975 2778 Suriam,
2014 2737 2065 2772 ut

1170 2796 1317 2840 supra.
1388 2781 1556 2826 Eadem
1586 2798 1689 2826 mox
1707 2784 1947 2842 facilitati
1979 2802 2063 2846 pro

1157 2839 1409 2894 facilitate.
1940 2873 1942 2875 »

1227 2900 1575 2952 adsequeretur.
1639 2898 1716 2942 Sic
1750 2899 1821 2944 ed.
1855 2897 1976 2959 Spir.
2007 2924 2065 2935 —-

1172 2962 1497 3009 assequeretur
1538 2954 1638 3004 edd,
1669 2955 1774 2999 Put.
1850 2958 2063 3002 Ceterum

1171 3009 1510 3057 Strombcckius
1535 3028 1627 3055 non
1653 3013 1825 3056 dubitat
1856 3014 1911 3059 de
1943 3017 2063 3074 equi·

1167 3076 1262 3113 tatu
1282 3067 1554 3111 Parthorum
1578 3070 1651 3114 hic
1677 3087 1771 3114 esse
1794 3087 2065 3125 sermonem,

1167 3127 1446 3182 verbumque
1486 3131 1683 3183 adsequi
1717 3129 1942 3173 convertit
1981 3146 2063 3174 zu-

1165 3184 1473 3226 vorkommen
1494 3212 1506 3233 ,-
1585 3185 1707 3241 quod
1774 3201 1868 3229 non
1931 3187 2061 3230 inest.

1171 3239 1368 3284 Ricklefs
1393 3241 1446 3283 de
1470 3240 1749 3287 Corbulonis
1773 3243 1921 3302 equite
1955 3244 2066 3289 haec

1173 3298 1395 3355 intellig-it.
1453 3298 1607 3343 Recte.

1177 3413 1198 3454 ι
1232 3363 1284 3396 at
1299 3355 1552 3423 lsologesisf.
1613 3355 1714 3400 MS.
1731 3354 1884 3402 Guelf.
1903 3373 1958 3402 ac
1973 3359 2066 3402 Vo.

1196 3427 1335 3467 ogesz.

1235 3478 1288 3512 ut
1320 3473 1447 3514 olim.
1516 3471 1595 3516 Sic
1625 3470 1759 3514 MSS.
1789 3471 1918 3515 Flor.
1949 3474 2068 3529 (test.

1178 3526 1332 3584 Picta.)
1361 3527 1516 3577 Guelf.
1553 3527 1718 3586 aliique
1754 3529 1913 3583 codd„
1963 3532 2065 3581 edd,
