2164 3990
1859 75 1907 114 *N

1760 187 1814 226 A.
1832 188 1886 225 15.
1910 189 1996 226 810.

1761 237 1825 269 A.
1839 231 1886 269 C.
1909 255 1912 258 <
1932 233 1994 271 61>

217 194 346 266 268
843 224 845 226 ·
886 188 1407 252 ANNALIUM

215 336 417 391 menta
463 324 688 399 aggeris
725 325 964 383 demum
1008 331 1066 378 et
1109 319 1581 398 inrumpentium
1622 323 1803 379 armis
1845 329 2082 386 cessere.

214 413 387 487 Quae
421 411 653 469 facilius
689 407 1149 487 proveniebant,
1197 407 1336 483 quia
1369 404 1579 465 Parthi
1601 405 1882 486 Hyrcano
1918 410 2079 468 bello

214 492 667 556 distinebantur.
752 494 1151 567 miserantque
1174 488 1443 569 Hyrcani
1481 496 1558 551 ad
1591 494 1924 570 principem
1948 494 2081 555 Ro..

213 597 460 642 manum
498 582 830 639 societatem
868 588 1131 646 oratum,
1175 578 1414 634 attineri
1437 600 1470 636 a
1495 599 1556 635 se
1581 577 1935 653 Vologesem
1966 571 2078 656 pro

214 671 464 748 pig-nore
511 665 801 724 amicitiae
852 673 1232 721 ostentantes,
1338 683 1436 719 eos
1487 666 1885 738 regredientes
1928 663 2080 737 Cor·-

211 757 391 826 bulo‚
443 773 520 809 ne
553 746 923 825 Euphratem
959 747 1305 822 transgressi
1342 745 1602 806 hostium
1641 751 1921 807 custodiis
1962 750 2079 820 cir-

213 840 725 904 cumvenirentur,
769 836 905 893 dato
926 834 1219 909 praesidio
1246 834 1321 890 ad
1346 834 1522 890 litora
1550 836 1730 891 maris
1766 836 1938 893 rubri
1971 837 2076 892 de-

211 928 407 996 duxit,
458 924 620 981 unde
658 920 858 979 vitatis
891 915 1252 977 Parthorum
1287 919 1505 976 finibus
1551 920 1772 996 patrias
1807 921 1874 977 in
1910 922 2077 979 sedes

209 1029 564 1072 remeavere&

299 1110 304 1138 :-
375 1111 608 1210 XXVI.
675 1144 843 1219 Quin
871 1156 928 1203 et
949 1143 1283 1204 Tiridatem
1310 1166 1416 1222 per
1441 1143 1655 1202 Medos
1680 1156 1936 1212 extrema
1957 1141 2077 1205 Ar-

206 1238 438 1296 meniae
474 1234 796 1291 intrantem
829 1231 1147 1307 praemisso
1194 1252 1329 1287 cum
1374 1232 1610 1289 auxiliis
1646 1229 1949 1288 Verulano
1990 1232 2077 1290 le—

207 1337 339 1400 gato
370 1333 543 1399 atque
564 1320 688 1395 ipse
711 1317 1047 1392 legionibus
1073 1316 1202 1374 citis
1223 1316 1387 1374 abire
1409 1318 1619 1393 procul
1644 1337 1710 1373 ac
1743 1337 1906 1393 spem
1928 1317 2075 1374 belli

265 1581 453 1640 aggeris
503 1573 695 1621 denium
740 1582 786 1618 et
819 1575 1102 1629 inrumpen-

208 1645 339 1690 tium.
407 1637 486 1682 Sic
515 1634 622 1680 libri
645 1642 749 1678 vett.
775 1633 912 1676 MSS.
935 1641 978 1675 et
1000 1632 1102 1675 edd.

205 1705 319 1748 Post
350 1697 622 1741 Rhenanum
665 1692 849 1736 demum
894 1690 1105 1733 omiserat

203 1758 361 1808 neseio
394 1754 494 1813 quis
525 1750 735 1809 copulam
763 1756 832 1800 et,
863 1763 998 1805 quam
1036 1762 1104 1788 re·

205 1811 349 1865 stituit
371 1812 461 1857 Iac.
491 1809 772 1855 Gronovius.
834 1806 972 1849 Deest
996 1805 1103 1847 inde

164 1900 166 1902 -
204 1896 232 1925 a
267 1872 408 1932 Lipsii
449 1868 612 1928 prima.
698 1863 875 1922 Ryckio
920 1862 1104 1918 aggeris

205 1939 464 1990 suspectum
497 1934 604 1970 erat.
663 1922 832 1980 „Quid
858 1922 1005 1972 enim,
1035 1920 1101 1962 in-

207 1991 329 2053 quit,
375 1986 457 2030 sibi
490 1983 647 2026 volunt
683 1980 979 2023 munimenta
1013 1991 1102 2030 ag-

205 2047 365 2112 geris?
411 2042 549 2086 Unde
569 2039 789 2096 scriptum
813 2054 836 2080 a
858 2036 1016 2079 Tacito
1041 2035 1102 2077 vi-

206 2114 360 2156 detur:
406 2108 452 2145 et
487 2099 615 2156 pulsi
641 2098 769 2139 intra
803 2096 1102 2137 munimenta

203 2162 451 2223 aggeribus
495 2160 690 2200 demum
734 2159 780 2195 et
824 2154 1097 2205 inrumpen-

205 2228 324 2272 tiam
384 2216 537 2262 armis
599 2225 790 2255 cessere.
895 2212 1102 2265 Agger-es

204 2274 329 2330 eiam
367 2274 657 2321 struebantur
697 2269 748 2312 in
789 2266 1101 2311 obsidionibus

205 2341 263 2387 ad
292 2329 602 2393 impediendas
638 2326 914 2385 eruptiones.
983 2322 1100 2366 Hist.

203 2401 248 2450 8,
262 2398 336 2442 20.
363 2387 433 2443 82,
455 2388 602 2445 2.(?)”
666 2383 938 2428 Coniectura
963 2396 1102 2438 aeque

201 2453 438 2519 ingeniosa
471 2462 525 2491 ac
550 2441 822 2488 verisimilis.
884 2438 944 2484 cf.
964 2438 1004 2490 4,
1026 2438 1098 2481 49.

204 2517 261 2560 de
279 2506 516 2557 obsidione
537 2500 727 2548 castelli:
764 2507 810 2542 et
828 2500 1103 2541 struebatur

204 2583 371 2629 agger,
411 2567 532 2607 unde
549 2576 700 2610 saxa,
730 2560 925 2604 hastae,
965 2556 1102 2623 ignes

199 2627 516 2689 propinquum
551 2620 650 2662 iam
682 2617 730 2659 in
765 2617 950 2658 hostem
972 2627 1099 2655 zace-

202 2694 384 2734 rentur.
454 2680 664 2723 Fortasse
693 2683 846 2717 tamen
870 2670 1101 2729 ”genitivus

204 2744 390 2802 aggeris
423 2736 589 2798 pendet
623 2749 646 2775 e
681 2747 797 2777 voce
833 2729 1004 2778 armis,
1052 2735 1102 2771 ut

203 2802 392 2860 aggeris
430 2809 572 2839 arma
606 2791 717 2841 sint,
771 2804 884 2847 quae
914 2787 1100 2831 mittun·

201 2870 279 2907 tur
302 2875 353 2902 ex
376 2867 537 2914 aggere
565 2850 613 2893 in
639 2849 861 2891 obsessos.

255 2939 608 3001 proveniebant.
672 2931 731 2977 cf.
759 2939 855 2974 not.
883 2929 939 2973 ad
964 2930 1004 2981 1,
1026 2929 1100 2973 19.-

260 3024 618 3071 distinebantur.
695 3013 904 3061 Sic=MS.
942 3012 1098 3057 Guelf.

205 3086 306 3131 edd.
329 3083 432 3126 Put.
455 3080 522 3123 M.
547 3086 591 3121 et
617 3075 672 3118 V.
697 3071 904 3118 Beroald.
942 3073 999 3126 (c.
1024 3070 1096 3114 sil.

203 3145 341 3197 Vivet.)
373 3140 472 3184 Alc.
506 3135 651 3178 Rben.
678 3149 776 3190 sqq.
809 3153 868 3162 --
919 3130 1096 3172 detine-

207 3205 383 3244 bantur
408 3196 478 3241 ed.
502 3194 620 3251 Spir.
653 3201 697 3235 et
729 3192 787 3233 ita
813 3187 994 3234 volebat
1016 3186 1098 3228 Er-

206 3256 389 3302 nestius.
452 3252 513 3297 ef.
538 3250 637 3294 Liv.
660 3250 730 3300 27,
755 3247 823 3290 12.
847 3245 1098 3288 Hanniba-

205 3319 301 3359 lem
371 3311 605 3354 acerrimo
672 3309 791 3350 bello
856 3304 1096 3345 detineret.

205 3371 298 3417 Sed
344 3370 577 3426 vulgatum
617 3380 773 3408 verum
815 3369 895 3421 est.
982 3360 1098 3403 Nam

206 3426 430 3474 distinere
462 3433 525 3468 est
555 3423 768 3479 entfernt
786 3422 973 3470 holtem·
1013 3420 1099 3460 de-

208 3491 376 3536 tinere,
395 3482 492 3539 fest
521 3483 708 3528 hatten,
738 3479 977 3523 abhalten.
1043 3474 1099 3517 11-

205 3538 287 3593 lud
318 3542 424 3588 huic
455 3538 560 3585 loco
591 3537 750 3595 aptius..
821 3534 879 3581 ef.
914 3541 1012 3579 not.
1042 3532 1101 3579 ad

1175 1572 1289 1618 Hist.
1311 1576 1354 1622 4,
1380 1571 1450 1616 55.
1494 1581 1538 1616 et
1569 1573 1665 1618 An.
1693 1575 1760 1626 11,
1786 1574 1858 1619 12.
1889 1574 1969 1619 ubi
2001 1593 2069 1621 ea·

1176 1633 1281 1676 dem
1303 1639 1368 1675 est
1387 1630 1634 1689 scripturae
1654 1633 1861 1678 varietas.

1231 1745 1428 1788 attineri
1447 1752 1533 1788 etc.
1590 1744 1674 1789 Ed.
1700 1745 1820 1805 Spir.
1845 1754 1896 1790 ut
1915 1749 2076 1792 timeri

1175 1819 1215 1872 a·
1227 1817 1279 1846 se
1301 1803 1532 1857 Vologese
1557 1816 1650 1859 pro
1675 1805 1874 1858 pignore
1899 1806 2071 1850 amiei-

1175 1869 1268 1904 ttae
1290 1867 1568 1906 ostentante.

1227 1978 1295 2017 ad
1328 1975 1474 2017 litora
1504 1976 1653 2018 maris·
1677 1976 1823 2019 rubri.
1880 1974 2069 2035 Lipsius,

1173 2033 1247 2075 cui
1267 2031 1545 2076 incredibilis
1567 2031 1677 2074 haec
1693 2041 1789 2076 erat
1810 2032 1892 2084 via,
1918 2049 2069 2079 emen-

1175 2091 1329 2133 dabat:
1347 2092 1413 2132 ad
1425 2091 1569 2132 litora
1581 2090 1732 2133 maris
1741 2092 1826 2134 sui.
1866 2091 2068 2148 Ryekius
2148 2134 2151 2141 ,

1171 2147 1403 2205 vulgatam
1436 2146 1717 2204 scripturam·
1742 2147 1947 2192 defendit
1961 2154 2067 2207 'per-

1173 2205 1400 2263 suasitque
1446 2204 1542 2247 aliis
1574 2220 1721 2262 neque
1751 2221 1858 2249 vero
1892 2206 2066 2250 Strom-

1171 2263 1351 2308 beekio.
1412 2261 1500 2306 Sed
1536 2261 1670 2319 plane
1693 2278 1788 2305 non
1814 2272 1904 2317 est,
1945 2264 2068 2322 quod

1174 2318 1482 2378 corruptelam
1502 2335 1551 2362 ar
1585 2328 1673 2362 uat.
1722 2318 1879 2380 Cogita
1898 2321 2068 2380 legatos

1171 2378 1490 2434 Hyrcanorum
1530 2337 1587 2421 εἰ
1618 2377 1731 2420 urbe
1762 2377 2068 2437 regredientes

1172 2434 1347 2482 venisse
1368 2435 1416 2477 in
1438 2435 1640 2492 Syriam3
1668 2433 1758 2480 hue
1789 2436 1910 2480 enim
1931 2436 2066 2480 duee-

1171 2495 1248 2538 bat
1283 2491 1583 2550 navigationis
1617 2508 1792 2537 cursus.
1888 2492 2067 2549 Quodsi

1172 2551 1395 2599 admittis,
1433 2566 1528 2594 non
1555 2550 1778 2599 dubitabis
1798 2551 1914 2594 viam
1938 2568 1962 2594 e
1985 2550 2068 2610 Sy-

1170 2609 1237 2652 ria
1257 2608 1312 2652 ad
1335 2623 1457 2652 mare
1478 2608 1668 2650 rubrum
1681 2606 1724 2650 h.
1739 2624 1779 2651 e.
1795 2608 1944 2651 sinum
1957 2608 2066 2652 Per·

1171 2666 1318 2710 sicum
1338 2674 1381 2708 et
1401 2681 1524 2709 mare
1547 2664 1754 2707 Indicum
1775 2665 1854 2721 (ef.
1877 2665 1997 2709 Plin.
2023 2667 2066 2718 6,

1170 2723 1241 2768 23.
1263 2732 1305 2766 et
1324 2723 1437 2780 24),
1467 2733 1517 2765 ut
1539 2721 1699 2765 deinde
1709 2723 1854 2766 Arare
1879 2722 1954 2769 vel
1975 2724 2064 2768 alio

1170 2780 1312 2826 fluvio
1344 2780 1726 2829 subveherentur,
1766 2780 1913 2824 multo
1940 2797 2064 2825 com-

1169 2838 1424 2885 modim-em
1457 2838 1616 2888 fuisse,
1667 2853 1804 2895 quam
1834 2854 1948 2897 quae
1978 2847 2065 2883 ter·

1168 2897 1299 2942 restri
1343 2895 1502 2939 itinere
1548 2911 1628 2953 per
1676 2905 1823 2940 vastas
1863 2895 2064 2941 infestas-

1171 2973 1258 3016 que
1288 2954 1494 3012 regiones
1517 2954 1573 2997 ad
1603 2969 1728 2996 mare
1751 2952 1964 3011 Caspium
1985 2969 2062 2997 eos

1171 3012 1375 3058 duxisset.
1463 3011 1694 3054 Nimirum
1750 3026 1774 3052 e
1825 3011 1954 3078 Syria
2005 3012 2061 3056 ad

1169 3072 1317 3115 sinum
1338 3070 1571 3112 Persicum
1606 3076 1780 3112 constat
1807 3067 1945 3112 funsse
1977 3067 2062 3112 iter

1168 3126 1605 3187 peregrinationibus
1644 3127 1945 3170 mercantium
1983 3125 2061 3170 tri-

1169 3186 1394 3231 tissimum
1419 3200 1563 3243 eoque
1585 3183 1871 3228 tutissimum.

1226 3299 1339 3345 CAP.
1374 3301 1449 3344 26.
1528 3314 1634 3342 cum
1675 3297 1887 3341 auxiliis.
1972 3296 2059 3342 Ed.

1169 3358 1291 3420 Spir.
1314 3374 1419 3402 cum
1441 3358 1643 3401 auxilio.

1225 3472 1488 3527 legionibus
1517 3471 1630 3516 citis.
1701 3468 1803 3514 MS.
1837 3469 1950 3530 Reg.
1982 3472 2060 3516 le-

1167 3531 1386 3586 gionibus
1403 3530 1519 3575 suis.
