2196 4004
305 217 381 274 16

966 213 1473 277 ANNALIUM

1840 217 1897 263 Α.
1914 218 1966 256 U.
1979 221 2067 262 eoo.

1838 265 1894 304 A.
1914 261 1962 299 C.
2004 258 2066 307 43⁷.

299 357 456 428 stum
482 341 782 406 [bellorum
812 346 1089 420 praemiis
1126 347 1370 405 refertos
1404 359 1506 405 aut
1543 348 1758 413 ditium
1791 351 2153 422 familiarum

283 428 542 513 heredes
578 429 943 489 Aeserninos
984 444 1040 488 et
1075 426 1395 492 Arruntios
1432 453 1714 507 magnum
1758 436 2023 500 animum
2056 414 2157 508 ἰηζ

283 517 520 575 ¹duisse':
574 528 847 592 prompta
889 517 1004 574 sibi
1049 517 1336 591 exempla,
1391 519 1628 596 quantis
1677 522 2044 589 mercedibus
2083 522 2151 586 P.

283 601 541 661 Clodius
580 613 681 658 aut
703 599 768 661 C.
796 599 979 659 Curio
1010 601 1348 660 concionari
1382 605 1543 662 soliti
1572 605 1707 665 sint.

1794 626 1853 663 se
1887 609 2152 679 modicos

293 700 618 757 senatoreS,
675 688 779 763 qui
819 699 876 744 et
919 707 950 744 a
987 707 1050 742 re
1088 687 1328 761 publica
1361 690 1527 747 nulla
1565 690 1684 747 nisi
1718 692 1877 766 pacis
1921 686 2152 754 emolu-.-

284 786 490 835 ¹menta
515 783 796 849 peterent.
876 770 1174 845 Cogitaret
1195 773 1426 847 plebem
1442 820 1459 844 ‚
1501 795 1618 852 qua
1637 787 1770 850 toga
1792 776 2149 841 enitesceret.

283 858 545 917 sublatis
595 858 927 915 studiorum
973 857 1176 932 pretiis
1220 859 1397 915 etiam
1441 861 1634 917 studia
1680 862 1959 936 peritura.

2065 863 2148 929 Ut

292 945 492 1003 minus
515 945 723 1001 decora
751 939 922 1012 haec,
965 943 1045 1000 ita
1071 938 1228 999 haud
1257 944 1474 1001 frustra
1499 945 1655 1002 dicta
1685 947 1958 1023 princeps
1986 959 2148 1006 ratus

349 1164 596 1221 praemiis.
675 1160 760 1205 Ed.
806 1158 925 1217 Spir.
970 1162 1186 1214 premiis.

294 1224 399 1268 MS.
416 1222 532 1265 Bud.
557 1235 640 1279 pro
662 1217 864 1274 refertos
885 1216 960 1260 dat
977 1216 1187 1273 refectos,

329 1281 424 1324 uod
471 1280 526 1323 ab
581 1278 670 1321 hoc
712 1276 815 1320 loco
858 1273 1058 1319 alienum
1103 1284 1183 1319 est.

339 1355 412 1383 am
443 1335 750 1384 .ref1ciuntur‚
806 1331 883 1392 qui
933 1342 1035 1378 ante
1079 1342 1185 1378 sunt

293 1395 504 1444 exhausti.

349 1466 655 1514 Aeserninos.
714 1461 790 1507 Sic
828 1463 930 1506 edd.
960 1462 1181 1522 Bernegg.

274 1543 394 1585 .sqq.
454 1522 569 1566 Edd.
607 1528 712 1565 vett.
742 1521 1005 1563 Eserninos
1032 1519 1106 1570 hic
1142 1529 1185 1564 et

288 1584 427 1687 ffiulo
460 1588 562 1624 ante
585 1578 807 1622 Esernim‘
830 1594 869 1622 c.
897 1577 1002 1621 MS.
1031 1576 1183 1621 Guelf.

271 1674 276 1688 .,
349 1658 403 1684 ox
426 1637 627 1695 ed.Spir.
645 1637 855 1685 Arffcios,
882 1652 1015 1694 supra
1027 1637 1182 1678 Arun-
1231 1679 1241 1686 ,

289 1701 360 1744 tii.
430 1698 549 1741 Ante
568 1694 827 1737 Eserninos
860 1693 962 1736 edd.
981 1693 1085 1736 Put.
1108 1692 1181 1736 M.

289 1767 333 1803 et
365 1757 425 1799 V.
469 1752 644 1813 plenius
691 1751 1045 1809 inter-pungunt:
1109 1751 1181 1794 ed.

287 1815 409 1873 Spir.
432 1818 552 1856 recte
575 1807 809 1864 coniungit
833 1811 1026 1852 heredes
1047 1808 1181 1851 Eser-

287 1875 442 1918 ninos.

348 1942 478 1987 soliti
498 1940 603 1983 sint.
663 1937 745 1981 Ed.
767 1935 887 1996 Spir.
913 1937 1041 1979 soliti
1059 1943 1182 1981 sunt.

286 1999 533 2047 Edd.-Put.
557 1996 695 2040 M.'et
714 1995 771 2040 V.
816 2010 856 2039 c.
888 1993 993 2037 MS.
1027 1992 1179 2038 Guelf.

283 2055 568 2106 contionari.

343 2143 426 2202 qui
441 2149 486 2184 et
506 2156 539 2184 a
562 2153 618 2182 re
641 2138 827 2194 publica
851 2168 864 2181 .
882 2168 893 2179 .
912 2167 924 2180 .
942 2143 1176 2191 peterent.

284 2201 365 2246 Sic
392 2197 530 2246 MSS.
558 2196 683 2240 Flor.
729 2196 846 2252 (test.
880 2194 1024 2249 Vict.)
1060 2194 1176 2237 Bud.

289 2257 444 2309 Guelf.
497 2254 635 2299 MSS.
674 2251 880 2296 Broterii.
954 2250 1042 2294 Sed
1077 2251 1179 2294 edd.

282 2316 402 2376 Spir.
438 2314 542 2358 Put.
570 2311 640 2356 M.
669 2319 712 2355 et
737 2311 791 2354 V.
833 2308 1041 2353 Beroald.
1075 2308 1179 2352 Alc.

284 2369 679 2428 Rhen.Ald.Lips.
704 2366 920 2425 omittunt
941 2376 1002 2415 et.
1048 2365 1179 2422 Quae

284 2432 421 2479 hodie
449 2429 718 2486 vulganium
760 2426 918 2480 quieta
944 2439 997 2468 re
1021 2426 1177 2481 publi-

283 2508 341 2537 ca
368 2522 382 2536 .
405 2522 417 2535 .
443 2519 455 2531 .
479 2495 664 2544 petere,
724 2482 923 2527 Pichena
965 2482 1177 2527 confinxit

283 2547 530 2604 ediditque.
601 2542 690 2587 Sed
722 2540 788 2585 nil
819 2540 1041 2599 scriptura
1073 2540 1176 2583 MS.

281 2605 410 2651 Flor.
454 2600 608 2647 sanius
655 2607 736 2645 est.
814 2597 931 2642 Nam
972 2598 1062 2641 duo
1107 2597 1179 2641 hic

281 2671 387 2710 sunt
407 2667 646 2711 momenta,
675 2657 838 2715 quibus
862 2655 925 2699 illi
948 2656 1178 2698 nituntur:

278 2721 485 2782 primum
507 2733 553 2761 se
576 2717 785 2759 modicos
802 2729 896 2758 esse
919 2721 1179 2763 senatores,

283 2794 380 2823 non
409 2774 571 2821 ditium
602 2772 876 2816 familiarum
903 2770 1085 2814 heredes
1110 2770 1177 2813 in-

255 2838 259 2842 ”
281 2844 371 2881 star
391 2831 628 2879 Aesernini
657 2840 700 2875 et
727 2830 959 2882 Arruntii3
988 2829 1174 2871 alterum

253 2912 265 2939 s
281 2908 333 2937 se
355 2908 388 2935 a
409 2906 463 2936 re
477 2907 524 2947 p.
546 2891 677 2931 nulla
704 2889 804 2930 nisi
825 2888 961 2942 pacis
992 2888 1174 2928 emola-

284 2958 448 2994 menta
464 2955 647 3005 petere,
678 2960 771 2990 non
801 2945 1025 2988 bellorum
1085 2958 1176 2985 rae-

283 3007 374 3052 mia
406 3015 454 3050 ut
476 3000 664 3051 Asinius
695 3012 738 3047 et
768 3001 995 3047 Messalla.
1053 2958 1178 3042 llaec

283 3073 410 3108 erant
427 3061 743 3119 coniungenda
764 3076 844 3118 per
861 3067 905 3102 et
920 3059 964 3102 h.
984 3074 1024 3101 e.
1045 3059 1175 3101 auch.

283 3121 518 3167 Consentit
546 3118 858 3177 Kiesslingius.

341 3205 572 3259 cogitaret
591 3206 772 3255 plebem
786 3237 796 3254 ‚
825 3217 920 3259 qua
941 3209 1052 3255 toga
1077 3202 1174 3243 επί-

283 3269 491 3307 tesceret.
579 3260 655 3303 Sic
703 3260 838 3305 MSS.
883 3260 1008 3302 Flor.
1055 3257 1172 3301 Bud.

283 3318 441 3364 Guelf.
463 3317 564 3362 edd.
581 3317 699 3374 Spir.
727 3319 830 3362 Put.
855 3318 924 3361 M.
950 3326 992 3360 et
1006 3317 1060 3359 V.
1093 3315 1175 3358 Be-

231 3400 240 3405 ·
283 3376 430 3421 roald'.
457 3374 559 3419 Alc.
624 3375 692 3417 De
718 3375 853 3420 MSS.
880 3373 1105 3418 Vaticanis
1137 3381 1178 3416 et

286 3433 560 3481 OxoniensS.
595 3431 828 3475 Broterius
867 3441 998 3477 tacet.
1062 3430 1176 3473 Rhe-

285 3507 429 3537 nanus
452 3490 588 3534 edidit
615 3505 639 3533 e
664 3506 741 3532 sua
773 3490 1059 3535 coniectura:
1100 3504 1177 3532 co-

284 3552 435 3604 gitare
461 3550 645 3605 plebem
675 3563 766 3603 qua
799 3555 831 3591 t.
864 3562 906 3591 e.
980 3548 1176 3592 Paruere

1251 1282 1434 1336 plebem
1450 1310 1463 1327 ,

1258 1163 1363 1209 Ald.
1388 1163 1436 1206 Li
1472 1179 1505 1207 s.
1529 1179 1627 1222 sqq.
1669 1163 1870 1207 Auctore
1893 1163 1930 1208 1.
1941 1164 2017 1210 Fr.
2031 1163 2148 1210 Gro-

1257 1221 1394 1265 novio
1438 1179 1570 1265 hodie
1616 1219 1857 1278 vulgatur:
1923 1224 2148 1277 cogitaret

1520 1293 1642 1335 quae
1697 1286 1811 1333 toga·
1863 1281 2146 1325 em'tesceret.

1256 1337 1347 1382 Sed
1395 1336 1564 1379 nullam
1605 1335 1736 1378 video
1775 1337 2083 1387 necessitatem
2122 1353 2147 1380 a

1254 1405 1367 1440 vett.
1414 1393 1540 1437 libris
1580 1392 1840 1438 recedendi.
1917 1393 2149 1440 Dicuntur

1255 1452 1366 1496 haec
1388 1451 1441 1494 ad
1465 1452 1715 1495 Caesarem.
1778 1451 2030 1505 Cogitaret,
2054 1466 2149 1507 qua

1254 1510 1314 1565 (h.
1341 1526 1379 1554 e.
1407 1526 1495 1566 qua
1516 1509 1607 1556 via,
1639 1508 1890 1566 quomodo)
1918 1510 2031 1562 togd
2056 1511 2148 1567 (pa-

1254 1568 1318 1613 cis
1360 1567 1528 1610 artibus
1571 1574 1612 1608 et
1655 1566 1909 1622 eloquentia
1952 1565 2142 1622 forensi)

1255 1626 1520 1668 enitesceret
1551 1622 1593 1665 h.
1620 1639 1660 1666 e.
1684 1623 1925 1679 cogitaret,
1959 1638 2148 1680 quomo·

1257 1682 1316 1725 do
1347 1681 1443 1724 fieri
1473 1688 1644 1747 posset,
1686 1688 1736 1722 ut
1755 1680 1917 1738 plebeii
1939 1675 2148 1724 homines

1256 1739 1541 1797 eloquentiae
1573 1737 1728 1781 studiis
1761 1736 1818 1780 ad
1838 1737 2059 1781 maiorem
2082 1736 2147 1780 di-

1254 1797 1468 1855 gnitatem
1491 1795 1800 1852 pervenirent,
1831 1795 1868 1838 si
1891 1794 2147 1839 studiorum

1254 1854 1393 1914 pretia
1415 1853 1697 1896 tollerentur.
1758 1851 1931 1910 Lipsius
1951 1859 1994 1895 et
2009 1850 2146 1896 Hein-

1253 1911 1345 1955 sius
1386 1911 1542 1954 locum
1584 1908 1797 1952 constitui
1840 1909 2005 1953 volunt
2050 1909 2144 1953 sic:

1252 1970 1455 2022 cogitare
1476 1965 1521 2010 εἰ
1539 1968 1748 2021 plebem,
1780 1981 1874 2022 qua
1903 1974 2014 2022 toga
2039 1965 2148 2008 eni-

1252 2031 1463 2069 tesceret.
1550 2022 1847 2081 Kiesslingius
1894 2022 2146 2082 suspicatur

1251 2083 1460 2128 Tacitum
1496 2081 1724 2138 scripsisse
1757 2096 1902 2137 quam
1934 2096 2020 2139 pro
2054 2095 2147 2136 qua

1251 2140 1319 2184 vel
1351 2155 1487 2196 quae.
1546 2137 1636 2181 Sed
1662 2153 1718 2180 ne
1744 2137 1933 2182 minima
1960 2137 2145 2196 quidem

1251 2207 1452 2241 veterum
1485 2195 1712 2239 librorum
1748 2194 1997 2239 mutatione
2031 2209 2144 2252 opus

1253 2265 1340 2304 est,
1389 2262 1438 2297 ut
1477 2252 1650 2312 egregia
1681 2251 1899 2296 sententia
1938 2251 2143 2310 prodeat.

1252 2313 1463 2359 Ceterum
1493 2310 1596 2354 edd.
1626 2318 1736 2356 vett.
1768 2309 1884 2354 male
1914 2309 2144 2368 interpun-

1252 2379 1388 2430 gunt:
1445 2370 1601 2412 studia
1635 2368 1852 2423 peritura
1895 2374 1949 2410 ut
1984 2366 2144 2409 minus

1251 2433 1435 2472 decora.
1494 2425 1625 2475 Haec
1646 2433 1730 2469 etc.
1790 2424 2033 2469 Meliorem
2058 2422 2143 2467 dis·

1250 2486 1543 2535 tinctionem,
1573 2498 1660 2540 qua
1691 2481 1827 2526 hodie
1852 2481 2046 2530 utimur,
2075 2479 2141 2524 in-

1250 2543 1391 2588 stituit
1412 2540 1760 2585 Freinshemius.

1297 2628 1507 2684 frustra.
1596 2625 1653 2668 H.
1703 2640 1740 2667 e.
1797 2628 1990 2670 temere,
2046 2619 2142 2664 sine

1250 2686 1413 2728 idonea
1446 2697 1578 2727 causa
1609 2690 1686 2726 aut
1719 2679 1911 2723 ratione.
1977 2677 2142 2722 Haeret

1250 2743 1297 2786 in
1334 2740 1421 2784 hoc
1454 2738 1678 2782 vocabulo
1708 2736 1965 2789 Ernestius,
2014 2735 2140 2795 quod

1253 2805 1404 2843 censet
1439 2798 1492 2840 ab
1531 2796 1620 2840 hoc
1650 2796 1754 2840 loco
1795 2792 1990 2837 alienum
2027 2808 2139 2836 esse.

1249 2857 1367 2899 Hinc
1403 2854 1631 2898 emendat:
1683 2861 1735 2896 ut
1777 2853 1931 2894 minus
1968 2853 2140 2894 decora

1249 2917 1379 2964 haec,
1401 2916 1467 2954 ita
1485 2910 1817 2967 Izaudfrustra
1835 2910 1974 2952 dicta.
2004 2908 2139 2951 Prah-

1248 2985 1352 3026 ceps
1380 2986 1415 3013 c.
1442 2985 1492 3023 p.
1522 2985 1570 3022 p.
1604 2985 1668 3011 m.
1702 2976 1788 3011 etc.
1823 2964 1969 3009 deleto
2003 2972 2141 3008 ratus

1249 3037 1324 3072 aut
1357 3027 1595 3070 substituto
1630 3033 1802 3070 motus.
1862 3022 1930 3065 Ne
1967 3021 2136 3066 audias.

1248 3086 1371 3130 Bene
1402 3101 1448 3127 se
1478 3084 1606 3127 habet
1637 3083 1707 3126 vul
1742 3090 1809 3125 ata
1841 3080 2063 3138 scriptura
2095 3085 2139 3122 et

1250 3142 1396 3200 lepide
1420 3140 1619 3198 depingit
1643 3150 1711 3184 sto
1734 3139 1858 3182 idum
1882 3136 2138 3184 Claudium,

1249 3200 1323 3245 cui
1361 3215 1454 3243 non
1495 3198 1581 3257 ipsi
1617 3196 1861 3248 iudicium,
1914 3193 1990 3238 sed
2034 3194 2137 3238 satis

1250 3265 1343 3301 erat
1363 3257 1587 3303 audivisse
1616 3254 1833 3316 quaedam
1863 3268 1946 3310 pro
1981 3251 2057 3295 illa
2089 3267 2137 3294 re

1249 3316 1391 3365 dicta,
1422 3324 1472 3358 ut
1501 3313 1750 3357 secundum
1783 3326 1832 3354 ea
1859 3311 2135 3354 decerneret.

1250 3370 1594 3418 commendavit
1626 3380 1775 3414 tannen
1803 3365 1995 3410 Ernestii
2028 3381 2135 3410 con·

1248 3430 1462 3474 iecturam
1492 3428 1558 3470 vir
1587 3428 1748 3471 doctus
1774 3425 1822 3467 in
1848 3421 2135 3483 ephemeridi-

1248 3488 1331 3530 bus
1368 3502 1509 3543 nuper
1547 3481 1833 3530 scholasticis.
1914 3482 2134 3536 (Allgem.

1247 3546 1432 3591 Schulz.
1466 3542 1592 3588 1830.
1629 3557 1701 3585 nr.
1726 3540 1804 3592 16,
1835 3555 1879 3598 p.
1905 3538 2018 3595 128.)
