2164 3990
104 2179 118 2186 J
206 2121 351 2170 roald.
376 2119 480 2165 Alc.
503 2122 744 2162 turanium
769 2119 866 2162 MS.
894 2117 1046 2162 Guelf.

1355 84 1365 109 Ι

1741 283 1794 319 A.
1807 283 1861 318 U.
1875 279 1962 318 eor:

1743 326 1799 365 A.
1812 325 1858 362 C.
1897 326 1978 362 48.-

194 288 276 350 52
848 277 1353 344 ANNALIUM

200 416 568 476 Turranium
583 461 601 486 ,
641 425 775 491 post
796 413 1045 471 Lusium
1062 410 1273 471 Getam
1294 414 1684 490 praetorianis
1705 415 2047 493 impositum

200 513 632 580 percunctatur.
718 499 851 576 quis
903 499 1223 555 fatentibus
1270 500 1532 556 certatim
1577 502 1753 558 ceteri
1797 503 2050 560 circum-

203 598 502 664 strepunt,
546 586 668 641 ‘iret
708 586 775 640 in
821 596 1038 652 castra,
1097 583 1354 641 firmaret
1398 586 1720 660 praetorias
1765 583 2049 658 cohortes,

133 692 137 701 ·
203 671 499 731 securitati
524 683 658 728 ante
684 690 860 747 quam
885 668 1180 726 vindictae
1211 670 1558 731 consuleret.
1645 671 1799 729 Satis
1827 683 2053 730 constat

203 780 270 816 eo
298 777 516 834 pavore
543 756 799 813 offusum
822 751 1173 823 Claudium,
1208 765 1277 810 ut
1301 754 1627 812 identidem
1652 756 2054 831 interrogaret,

203 865 279 902 an
324 843 448 919 ipse
493 840 729 917 imperii
768 839 1014 914 potens?
1080 859 1157 895 an
1190 837 1370 896 Silius
1403 841 1666 915 privatus
1707 842 1889 899 esset?
1972 837 2055 899 At

203 927 582 996 Messallina‚
623 944 748 981 non
773 923 916 980 alias
945 923 1195 981 solutior
1220 923 1392 994 luxa,
1436 927 1635 983 adulto
1662 939 1944 984 autumno
1973 927 2055 983 si·-

203 1015 533 1075 mulacrum
580 1009 913 1066 vindemiae
956 1028 1064 1085 per
1115 1010 1359 1065 domum
1413 1009 1760 1071 celebrabat.
1857 1012 2057 1085 urgeri

203 1099 434 1175 praela,
476 1097 658 1153 fluere
685 1095 870 1164 lacus:
909 1106 965 1151 et
987 1094 1240 1150 feminae
1265 1095 1519 1169 pellibus
1545 1095 1833 1153 accinctae
1857 1097 2058 1153 adsul-

204 1185 410 1242 tabant
431 1192 499 1239 ut
522 1179 909 1236 sacrificantes
933 1180 1028 1235 vel
1050 1179 1406 1236 insanientes
1419 1176 1706 1236 Bacchae:
1749 1181 1872 1255 ipsa
1897 1179 2058 1236 crine

203 1270 363 1326 fluxo
381 1314 397 1339 ‚
438 1261 710 1342 thyrsum
737 1266 1004 1341 quatiens
1020 1309 1037 1334 ‚
1080 1265 1355 1341 iuxtaque
1381 1263 1563 1323 Silius
1590 1261 1804 1325 hedera
1827 1266 2060 1322 vinctus

205 1373 404 1428 gerere
446 1346 798 1419 cothurn05‚
853 1350 1039 1406 iacere
1075 1360 1276 1425 caput,
1331 1360 1624 1425 strepente
1659 1351 1881 1407 circum
1918 1370 2062 1426 pro-

208 1438 330 1496 caci
354 1432 556 1495 chor0.
627 1433 852 1493 Ferunt
873 1433 1140 1492 Vettium
1150 1432 1462 1491 Valentem
1488 1435 1723 1492 lascivia
1740 1436 1811 1492 ‘in
1831 1435 2064 1512 praeal-

205 1603 256 1650 τὸ
277 1600 522 1664 κράτιστον
543 1603 636 1647 τῶν
657 1602 852 1663 ἑταιρῶν
871 1601 966 1645 h.e.
980 1617 1101 1646 sum-

203 1679 324 1707 mam
349 1662 692 1720 potissimorum
710 1660 976 1704 amicorum.
1026 1659 1102 1703 Sic

206 1722 274 1772 15,
296 1721 367 1764 61.
401 1723 523 1776 quod
542 1725 643 1761 erat
662 1719 888 1761 saevienti
901 1717 1104 1772 principi

207 1779 426 1820 intimum
456 1777 759 1819 consiliorum
791 1775 862 1831 (de
892 1775 1102 1836 Poppaea

209 1844 252 1878 et
275 1834 534 1893 Tigellino).
598 1832 750 1876 Germ.
785 1849 823 1876 c.
847 1831 915 1875 35.
943 1833 1098 1887 pluri-

208 1909 343 1935 mum
365 1893 571 1934 virorum
595 1905 924 1946 equorumque.

265 1948 571 1993 Turranium.
631 1947 710 1992 Sic
722 1946 875 1989 MS.F
878 1947 961 1989 lor.
986 1946 1102 2002 (test.

208 2006 352 2064 Vict.)
379 2005 479 2049 edd.
494 2003 612 2063 Spir.
634 2004 775 2047 Rhen.
799 2020 898 2062 sqq.
929 2004 991 2047 cf.
1007 2005 1046 2055 1,
1059 2005 1104 2047 7.

213 2064 486 2107 Turranum
519 2061 619 2106 edd.
649 2061 751 2106 Put.
776 2061 844 2105 M.
869 2070 911 2104 et
933 2059 989 2104 V.
1014 2061 1105 2104 Be-

1210 1602 1513 1670 praetorias.
1581 1601 1665 1646 Ed.
1700 1601 1820 1662 Spir.
1863 1608 2061 1656 praeto-

1171 1674 1352 1703 rzanas.
1776 1711 1779 1714 .

1228 1732 1323 1760 non
1344 1717 1467 1760 alias
1485 1717 1690 1762 solutior.
1737 1715 1822 1762 Ed.
1837 1714 1955 1775 Spir.
1974 1716 2068 1773 quo

1172 1781 1236 1817 ηδ
1259 1777 1355 1818 alia
1377 1775 1590 1817 solutior.
1696 1787 1698 1790 “

1228 1840 1476 1875 autumno.
1549 1832 1626 1876 Sic
1647 1829 1752 1876 MS.
1777 1828 1930 1875 Guelf.
1962 1829 2066 1874 edd.

1175 1890 1207 1934 S
1241 1890 1292 1932 ir.
1308 1889 1412 1933 Put.
1432 1892 1500 1933 M.
1515 1897 1556 1932 et
1568 1887 1623 1932 V.
1638 1889 1737 1932 Ber.
1752 1889 1875 1939 (cum
1888 1886 2068 1931 silentio

1219 1946 1361 2004 .)A1c.
1375 1947 1518 1990 Rhen.
1534 1961 1630 2011 sqq.
1643 1979 1656 1997 ,
1684 1962 1775 1990 non
1800 1953 2069 1988 auctumna.

1232 2006 1507 2048 celebrabat.
1569 2005 1646 2048 Sic
1659 2001 1795 2046 MSS.
1811 2001 1935 2046 Flor.
1951 2002 2070 2057 (test.

1176 2062 1313 2117 vict.)
1355 2061 1471 2106 Bud.
1504 2061 1546 2106 A
1579 2078 1617 2105 r.
1654 2059 1754 2103 edd.
1788 2058 1931 2103 Rhen.
1961 2057 2072 2105 Ald-

1176 2121 1291 2179 Lips.
1308 2118 1466 2162 Kiessl.
1570 2118 1676 2177 ulgo
1699 2117 1836 2161 edunt
1854 2117 2072 2165 celebrat,

1208 2177 1297 2220 uod
1332 2177 1476 2219 estin
1512 2177 1612 2219 edd.
1644 2174 1763 2233 Spir.
1791 2173 1895 2217 Put.
1924 2177 1991 2218 M.
2030 2182 2075 2217 et

1221 2268 1232 2279 .
1267 2233 1472 2278 Beroald.
1513 2234 1614 2277 Alc.
1694 2231 1754 2274 Ex
1796 2231 2073 2290 interpreta-

1178 2300 1332 2337 mento
1357 2291 1455 2334 NS.
1483 2290 1635 2334 Guelf.
1659 2290 1931 2333 simulabat.

1229 2351 1419 2405 praela.
1491 2348 1568 2392 Sic
1601 2347 1699 2390 edd.
1734 2345 1857 2404 Lips.
1889 2361 1985 2403 sqq.
2016 2367 2073 2380 -·

1181 2405 1304 2450 Vett.
1358 2405 1460 2448 libri
1505 2407 1655 2460 prela.
1737 2403 1829 2446 Pro
1877 2404 2076 2458 pellibus

1188 2467 1209 2507 Γ»
1239 2463 1321 2508 SS.
1358 2462 1506 2507 Oxon.
1548 2471 1589 2505 et
1627 2461 1775 2505 Guelf.
1816 2459 2076 2504 mbr-idibus

1185 2521 1243 2568 ef.
1266 2521 1373 2568 Stat.
1401 2520 1543 2564 Theb.
1564 2520 1608 2575 2,
1635 2517 1732 2562 664.

1241 2580 1556 2622 adsultabant.
1615 2576 1691 2618 Sic
1717 2574 1783 2618 ed.
1806 2573 1925 2633 Spir.
1985 2573 2074 2619 Ce-

264 2185 371 2232 post
411 2177 625 2220 Lusium.
695 2176 773 2219 sic
805 2175 1105 2220 MSS.,Flor.

209 2235 354 2294 (L'V'.)
379 2233 531 2286 Guelf.
553 2234 669 2277 Bud.
693 2234 792 2276 edd.
815 2233 936 2291 Spir.
963 2243 1005 2276 et
1028 2249 1103 2275 re-

212 2302 350 2338 centt.
376 2300 562 2337 auctore
586 2291 753 2350 Lipsio.
784 2319 843 2326 —-
880 2300 987 2346 post
1008 2289 1108 2333 Lu·-

213 2354 358 2395 scium
396 2349 497 2393 edd.
531 2349 635 2393 Put.
660 2348 726 2391 Μ.
755 2357 796 2391 ‘et
815 2346 872 2391 V.
896 2347 1108 2392 Beroald.

208 2417 318 2464 post
330 2407 525 2451 Lucium
550 2407 650 2450 edd.
667 2405 768 2449 Alc.
786 2405 990 2449 Rhenan.
1007 2405 1109 2450 Ald.

272 2465 539 2520 impositum
589 2470 935 2517 percunctatur.
1027 2461 1115 2507 Ed.

214 2522 335 2582 Spir.
364 2523 411 2565 in
427 2529 673 2578 posterum
693 2528 1010 2575 percontatur.

274 2582 393 2638 quis.
464 2579 541 2622 Sic
574 2578 675 2621 MS.
707 2578 832 2621 Flor.
872 2579 987 2633 (test.
1024 2576 1112 2621 Iac.

218 2637 390 2689 Gron.;
430 2635 547 2680 Viet.
570 2636 785 2679 intactum
806 2635 988 2692 reliquit
1011 2636 1109 2691 qui-

216 2698 316 2752 hus)
337 2695 438 2738 edd.
460 2695 543 2736 lae.
560 2692 705 2736 Gron.
721 2691 860 2735 Bekk.
876 2692 1034 2736 Kiessl.
1054 2719 1112 2728 --

217 2756 374 2811 quibus
405 2750 505 2795 MS.
532 2749 680 2794 Guelf.
701 2750 820 2799 cedd.
855 2750 974 2808 Spir.
1006 2749 1108 2792 Put.

215 2814 286 2854 M.
309 2818 355 2854 et
377 2807 433 2851 V.
461 2808 669 2851 Beroald.
694 2806 792 2850 Alc.
819 2807 962 2851 Rhen.
985 2822 1085 2864 sqq.

262 2868 540 2925 fatentibus.
601 2864 677 2908 Sic
699 2864 832 2910 MSS.
849 2866 970 2908 Flor.
993 2865 1110 2916 (test.

216 2924 343 2969 Pieh.
369 2931 411 2967 et
429 2924 515 2966 lac.
535 2921 683 2966 Gron.
746 2921 981 2966 Consentit
993 2919 1112 2965 Vict.

250 2999 297 3026 er
322 2979 564 3036 silentium)
589 2979 740 3022 Guelf.
757 2979 873 3022 Bud.
893 2978 992 3022 edd.
1007 2978 1110 3022 Put.

216 3000 288 3083 ii‘l.
305 3036 411 3082 etV.
431 3036 649 3081 Ber.Alc.
664 3036 809 3081 Rhen.
832 3051 929 3094 sqq.
955 3063 1013 3071 -
1043 3044 1113 3078 ta-

218 3098 424 3139 centibus
443 3094 580 3152 Lipsii
603 3094 735 3137 MSS.
773 3094 840 3138 ed.
870 3092 990 3151 Spir.
1053 3093 1114 3135 At

220 3154 319 3195 MS.
335 3153 442 3208 Agr.
456 3154 616 3208 quibus
633 3151 958 3194 dubitantibus
980 3156 1024 3191 et
1045 3150 1112 3191 in-

219 3211 356 3253 certis
378 3210 524 3251 ceteri
543 3226 580 3253 c.
640 3210 749 3252 Mox
772 3215 876 3251 ante
895 3208 1111 3250 certatim

220 3267 391 3310 addunt
413 3272 512 3307 tum
537 3266 635 3310 edd.
661 3266 764 3309 Put.
789 3266 857 3310 M.
885 3273 925 3308 et
948 3264 1003 3305 V.
1029 3264 1112 3306 Be-

141 3366 144 3370 .
219 3322 360 3368 roald.
403 3323 500 3365 Alc.
543 3322 686 3367 Rhen.
728 3339 851 3382 sqq„
902 3322 1114 3365 omittunt

221 3378 354 3424 MSS.
389 3378 510 3421 Flor.
551 3380 664 3433 (test.
691 3379 830 3436 Vici.)
860 3379 974 3422 Bud.
1010 3378 1112 3422 edd.

219 3437 339 3496 Spir.
368 3433 574 3479 oberlin.
598 3452 694 3493 sqq.
722 3466 780 3473 --
839 3435 988 3480 Guelf.
1014 3444 1114 3494 post

205 3494 470 3552 fatentibus
491 3491 620 3535 habet
644 3495 816 3536 tioium.

279 3552 506 3594 certatim.
544 3582 546 3584 >
568 3549 666 3592 MS.
690 3550 724 3592 F
728 3551 812 3592 lor.
852 3553 966 3606 (test.
993 3549 1112 3597 Viet.

222 3618 266 3653 et
285 3608 371 3654 Iac.
393 3606 558 3663 Gron.)
580 3615 792 3666 corrupte
814 3610 1023 3654 certium.

1183 2645 1301 2680 terae
1326 2643 1429 2678 vett.
1454 2635 1747 2677 assultabant
1779 2633 1903 2688 (euin
1935 2631 2077 2677 silen-

1183 2694 1245 2737 tio
1271 2691 1425 2749 vien).
1487 2690 1546 2734 cf.
1570 2694 1607 2742 1,
1631 2691 1699 2732 51.
1732 2690 1774 2741 Ξ,
1799 2688 1866 2733 13.
2146 2707 2150 2718 =

1241 2751 1470 2792 Bacchae.
1497 2749 1577 2792 Ed.
1594 2748 1669 2806 Sp.
1685 2763 1790 2791 cum
1805 2746 1906 2790 MS.
1920 2744 2075 2789 Guelf.

1183 2808 1372 2850 bachae.
1402 2805 1493 2848 Pro
1512 2806 1640 2849 crine
1648 2805 1794 2861 fluxo
1808 2803 1907 2848 MS.
1926 2803 2078 2859 Oxou.

1182 2864 1447 2920 crinefuw,
1466 2863 1588 2963 quod
1607 2862 1710 2905 satis
1727 2862 1884 2921 placet.
1911 2861 1967 2905 cf.
1981 2858 2075 2906 Ov-

1183 2919 1462 2969 Metan1.8‚5
1493 2923 1535 2963 Ο.
1592 2921 1716 2977 Virg.
1735 2922 1847 2962 Aen.
1866 2917 2044 2970 10,187.

1240 2981 1467 3033 thyrsum.
1531 2977 1610 3019 Fd.
1633 2977 1752 3035 Spir.
1780 2978 1994 3019 thirsum.

1182 3037 1290 3136 121-{3‘
1293 3044 1499 3135 “2532‘'0‘1‘2}
1526 3034 2075 3135 {isspiihssifftiss‘c‘e'ss'

1184 3151 1352 3207 vulgari
1378 3149 1661 3193 confusione.
1697 3165 1713 3171 x
2059 3122 2074 3146 ⁹

1242 3210 1509 3251 cothurnos,
1581 3205 1661 3249 Ed.
1690 3204 1809 3264 Spir.
1841 3220 1944 3250 cum
1973 3204 2076 3248 MS.

1185 3264 1336 3308 Guelf.
1359 3271 1595 3307 coturnos.

1834 3317 1918 3363 Ed.
1957 3318 2076 3386 Spir.

1245 3323 1293 3364 V
1292 3323 1457 3364 ellium
1491 3323 1756 3374 Valentem.

1190 3381 1361 3422 vecium
1400 3382 1648 3421 valentem.
1720 3377 1886 3420 Littera
1923 3391 2077 3418 mmu-

1187 3435 1310 3479 scula
1346 3435 1504 3478 initiali
1541 3437 1773 3477 valentem
1804 3433 1934 3477 etiam
1975 3433 2076 3476 edd.

1186 3493 1288 3536 Put.
1302 3494 1366 3535 M.
1395 3501 1437 3534 et
1458 3492 1722 3536 *ZBen-0ald.
1743 3490 1841 3535 Alc.
1872 3515 1928 3525 —
1970 3489 2076 3532 MS.

1184 3550 1496 3606 Bud.fi·reu1·,
1530 3549 1780 3590 nerticium
1803 3562 1885 3607 pro
1909 3546 2079 3604 ferunt

1185 3608 1404 3650 Vettium.
1496 3606 1702 3652 Ceterum
1753 3621 1838 3663 pro
1893 3604 2076 3661 vulgato
