2164 3990
995 84 1006 113 Ι

1738 242 1790 279 Α.
1809 229 1862 278 u:
1885 239 1972 280 sos.

1738 291 1791 322 A.
1816 285 1863 323 c,
1910 290 1970 324 5⁵.

209 203 328 305 142
869 231 1384 303 ANNALIUM

205 374 312 431 tim
344 372 733 444 intellectam,
787 370 1138 447 socordiane-
1165 390 1244 428 an
1274 369 1513 430 Claudii
1549 373 1891 439 vinolentia.
1977 380 2060 437 si..

137 517 141 522 ,
205 459 332 515 mul
360 459 552 517 soluta
581 459 747 516 alvus
781 455 1120 514 subvenisse
1153 457 1482 519 videbatur.
1569 460 1766 534 igitur.
1785 466 2065 524 exterrita

204 540 533 620 Agrippina
567 555 652 615 et,
707 543 945 620 quando
978 541 1190 598 ultima
1221 543 1613 615 timebantur,
1664 559 1854 622 spreta
1883 570 2057 625 prae..

205 631 460 688 sentium
499 629 724 686 invidia
758 627 1055 703 provisam
1086 627 1209 683 tam
1244 628 1359 685 sibi
1390 627 1804 706 Xenophontis
1838 636 2056 694 medici

204 716 624 774 conscientiam
669 709 930 772 adhibet.
1016 711 1151 781 ille,
1209 723 1492 790 tanquam
1530 716 1694 773 nisus
1734 722 2058 778 evomentis

203 802 542 871 adiuvaret,
583 800 830 875 pinnam
868 796 1077 872 rapido
1110 816 1338 855 veneno
1374 799 1607 858 inlitam
1638 803 1906 864 faucibus
1932 807 2058 864 eius

116 953 121 961 κ
204 886 504 946 demisisse
544 885 829 954 creditur,
881 879 1039 940 haud
1075 882 1314 957 ignarus
1355 902 1581 950 summa
1617 889 1833 948 sceler-a
1870 891 2056 968 incipi

206 983 342 1031 cum
365 971 658 1048 periculo,
701 969 902 1045 peragi
931 989 1066 1025 cum
1089 968 1368 1044 praemio,
1858 990 1863 997 ·

370 1077 651 1142 LXVIII.
709 1077 1048 1137 Vocabatur
1095 1080 1337 1137 interim
1380 1093 1615 1139 senatus
1655 1094 2052 1164 votaque‘pro

201 1168 607 1227 incolumitate
645 1165 933 1242 principis
973 1167 1241 1223 consules
1278 1177 1334 1223 et
1381 1170 1703 1225 sacerdotes
1749 1190 2057 1247 nuncupa·—

199 1255 374 1325 hant,
410 1273 543 1310 cum
565 1251 684 1308 iam
707 1251 989 1308 exanimis
1010 1252 1271 1308 vestibus
1294 1263 1350 1308 et
1367 1253 1642 1310 fomentis
1668 1255 2055 1330 obtegeretur,

201 1341 374 1410 dum,
416 1357 567 1416 quae
591 1357 685 1395 res
707 1337 905 1395 forent
927 1337 1217 1395 firmando
1231 1336 1486 1395 Neronis
1513 1339 1859 1415 imperium,
1896 1363 2057 1400 com-

253 1558 529 1603 socordiane
549 1572 613 1600 an
625 1555 813 1600 Claudii
827 1556 1092 1598 vinolentia.

199 1616 275 1661 Sic
298 1616 398 1661 edd.
424 1615 530 1658 Put.
552 1614 622 1658 M.
652 1623 697 1661 et
722 1613 779 1657 V.
800 1613 1010 1657 Beroald.
1035 1614 1093 1668 (c.

197 1674 375 1718 silentio
402 1673 538 1730 Vict.)
570 1671 674 1717 Alc.
714 1700 774 1708 --
831 1669 1028 1714 Piehena
1067 1687 1092 1713 e

195 1732 298 1776 MS.
325 1731 450 1776 Flor.
479 1729 649 1775 adfert:
692 1731 991 1780 socordiane,
1029 1742 1094 1771 an

198 1786 387 1832 Claudii
404 1788 492 1842 'vi,
545 1804 610 1832 an
650 1788 925 1837 vinolentia,
980 1802 1093 1843 quae

193 1847 415 1890 Piehenae
455 1847 574 1889 haud
607 1845 903 1902 improbanda
937 1843 1093 1888 viden-

194 1913 290 1948 tur.
346 1903 633 1947 Vocabulum
657 1903 705 1944 vi
722 1902 916 1944 refertur
941 1901 996 1944 ad
1018 1917 1091 1943 na-

195 1959 325 2006 turae
377 1960 674 2018 corporisque
732 1961 893 2002 robur.
989 1957 1092 2001 MS.

195 2018 326 2065 Buda
344 2019 619 2062 socordiane·
646 2031 710 2060 an
735 2015 922 2059 Claudii
951 2016 1002 2057 vi
1024 2029 1090 2057 an

196 2077 447 2128 violentia,
487 2093 510 2119 a
542 2092 610 2134 pr.
638 2090 728 2126 m.;
773 2089 864 2116 rec.
889 2089 950 2117 m.
976 2072 1092 2115 dele·

197 2133 261 2178 vit
294 2135 346 2175 vi
374 2150 454 2177 an.
494 2130 788 2186 ,MS-Guelf.
821 2145 911 2174 soc.
939 2144 999 2172 ne
1030 2145 1094 2171 an

195 2191 368 2235 claudii
394 2191 635 2234 violentia.
694 2189 795 2232 MS.
823 2187 1091 2231 Florentino

195 2248 491 2306 adstipulatur
523 2248 592 2291 ed.
620 2245 740 2304 Spir.
777 2253 986 2302 corrupta
1022 2245 1090 2287 in:

193 2306 460 2351 socordiam
489 2306 616 2348 necis
646 2307 711 2347 ad
744 2303 923 2346 claudii
946 2304 997 2344 hi
1027 2317 1090 2345 an

193 2364 474 2407 vinolentia.
542 2362 644 2406 MS.
672 2362 784 2419 Agr.
813 2376 953 2413 aeque
988 2376 1090 2403 cor·-

192 2430 349 2480 rupte:
392 2421 606 2465 secordia
641 2419 813 2462 mentis
835 2434 866 2460 a
892 2417 1090 2461 Claudio

191 2480 275 2523 bili
289 2493 356 2522 an
376 2479 638 2522 vinolentia.
696 2475 792 2524 Iam
813 2473 1088 2519 vocabulum

192 2538 417 2580 violentia
449 2537 503 2580 ab
539 2534 645 2579 loco
682 2532 878 2577 alienum
913 2549 1006 2576 esse
1045 2542 1087 2576 et

190 2611 351 2640 verum
379 2595 634 2637 vinolentia
665 2609 688 2635 e
720 2607 768 2633 re
798 2591 900 2634 satis
924 2590 1087 2635 intelli-

192 2653 337 2711 gitur,
381 2652 615 2710 arguitque
637 2649 728 2693 Dio
753 2648 822 2698 60,
843 2647 914 2691 34.
952 2651 1030 2691 καὶ
1061 2645 1085 2693 ὁ

189 2711 280 2769 μὲν
321 2708 586 2766 (Claudius.)
632 2703 776 2756 οὕτως
817 2707 1087 2763 ἐπιβουλευ-

190 2769 289 2818 θεὶς
308 2769 358 2812 ἐκ
378 2767 469 2826 μὲν
490 2768 572 2811 τοῦ
598 2768 888 2824 συμποσίου,
929 2762 990 2814 ὠς
1012 2765 1090 2808 καὶ

188 2824 443 2885 ὑπερκορὴς
471 2827 619 2884 μέθης
643 2819 833 2883 σφόδρα
856 2821 922 2866 ὧν
943 2823 1087 2873 ἐξεκο-

188 2888 337 2943 μίσθη
359 2880 491 2940 (ὅπερ
515 2900 608 2927 που
632 2882 707 2926 κἀὶ
729 2879 890 2926 ἄλλοτε
910 2877 1088 2924 πολλά-

189 2959 258 2992 κις
276 2938 519 3000 ἐγεγόνει).
550 2942 620 2985 De
639 2941 909 2984 confusione
926 2939 1086 2981 utrius-

189 3017 278 3059 que
322 3000 533 3046 vocabuli
575 2997 633 3042 ef.
676 3006 772 3042 not.
804 2998 874 3040 ad.
918 2998 983 3047 11,
1019 2996 1085 3039 16.

191 3060 260 3107 12,
283 3059 355 3102 64.
416 3055 555 3113 Quod
579 3064 728 3099 autem
751 3053 1085 3099 cumRhenano

190 3132 348 3159 omnes
407 3115 509 3158 dein
571 3113 743 3156 edunt:
813 3113 1087 3154 socordiane

191 3174 377 3216 Claudii
415 3187 480 3216 an
520 3171 800 3219 vinolentia,
851 3184 1088 3227 perperam

189 3229 374 3273 faciunt.
434 3229 551 3273 Nam
576 3230 792 3271 socordia
821 3242 916 3270 non
951 3227 1084 3283 perti·

190 3295 266 3329 net
300 3287 356 3328 ad
388 3287 650 3339 Claudium,
698 3286 826 3330 cuius
865 3283 1085 3327 socordia

191 3359 451 3403 quanquam
494 3343 651 3387 eximia
695 3358 792 3387 non
834 3341 974 3385 fuerit
1013 3357 1080 3397 ea,

192 3416 305 3470 quae
329 3400 464 3443 etiam
490 3410 721 3458 acceptum
744 3402 971 3446 venenum
997 3398 1081 3442 dis·

191 3457 444 3522 simularet,
469 3459 545 3500 sed
567 3459 620 3500 de
641 3458 847 3502 socordia
868 3456 1082 3503 conviva-

191 3532 294 3558 rum
320 3530 470 3558 sermo
493 3523 577 3565 est,
619 3515 696 3572 qui
720 3514 891 3572 accepti
918 3514 1083 3559 veneni

193 3573 315 3632 signa
354 3573 400 3617 in
434 3571 623 3631 (glaudio
656 3588 747 3615 non
778 3574 1080 3619 adverterent.

1163 1553 1391 1600 Revocavi
1415 1556 1550 1614 igitur
1571 1572 1674 1600 eum
1698 1559 1947 1604 verborum
1976 1576 2057 1605 or-

1165 1612 1343 1662 dinem,
1384 1629 1522 1672 quem
1544 1622 1651 1661 vett.
1675 1614 1776 1659 libri
1799 1617 2056 1676 praeferunt

1165 1684 1340 1712 omnes.
1532 1698 1549 1711 χ

1225 1729 1471 1771 exterrita.
1554 1727 1639 1772 Ed.
1685 1729 1717 1773 S
1749 1729 1805 1776 ir.
1850 1704 2055 1784 e‘tra.

1165 1783 1258 1827 Pro
1282 1787 1440 1828 soluta
1461 1787 1597 1830 alvus
1616 1786 1702 1830 MS
1741 1821 1750 1831 .
1770 1784 1887 1834 Bud.
1906 1786 2055 1837 Guelf.

1164 1842 1295 1885 Bodl.
1333 1843 1418 1885 Ies.
1459 1846 1667 1886 solutam
1705 1848 1892 1900 alvum,
1943 1865 2058 1908 quae

1161 1901 1309 1943 forma
1346 1900 1524 1944 videtur
1557 1902 1776 1958 originem
1814 1906 1991 1950 traxisse
2033 1924 2058 1951 e

1163 1957 1279 1999 mala
1303 1957 1688 2016 interpunctione,
1727 1978 1814 2020 qua
1837 1965 2059 2020 pundtum

1162 2023 1386 2074 ponerent
1411 2023 1511 2074 post
1536 2017 1816 2064 subvenisse.

1163 2131 1188 2172 b
1221 2071 1518 2117 timebantur.
1589 2073 1690 2118 MS.
1725 2075 1876 2123 Guelf.
1916 2078 2053 2122 time-

1192 2138 1317 2172 atur.

1218 2187 1365 2230 nisus.
1425 2189 1525 2233 MS.
1540 2188 1693 2233 Guelf.
1716 2191 1909 2246 missus,
1931 2197 2055 2254 quod

1163 2253 1317 2288 ortum
1337 2254 1401 2289 est
1422 2262 1444 2288 e
1465 2247 1683 2305 scriptura
1703 2251 1853 2294 nissus
1873 2252 2055 2299 inventa

1162 2301 1211 2347 in
1241 2302 1342 2347 edd.
1376 2302 1478 2347 Put.
1503 2304 1569 2348 M.
1594 2314 1637 2348 et
1659 2305 1720 2351 V.
1746 2307 1959 2354 Beroald.
1993 2312 2052 2367 (c.

1159 2359 1339 2403 silentio
1364 2360 1482 2406 Vict.
1526 2362 1628 2406 Alc.

1213 2417 1426 2472 pinnam.
1525 2421 1568 2463 d.
1589 2420 1709 2478 Spir.
1731 2422 1960 2475 primam.

1217 2475 1418 2520 inlitam.
1477 2475 1555 2521 Sic
1584 2481 1656 2524 ed.
1688 2477 1805 2537 Spir.
1845 2505 1904 2514 —
1961 2483 2053 2526 illi-

1159 2533 1506 2633 tGamlfedd.Put.
1529 2542 1613 2580 etc.
1645 2559 1704 2569 —
1753 2538 2052 2585 illatamMS.

1206 2605 1259 2633 ue
1300 2620 1313 2634 .

1215 2647 1328 2691 CAP.
1350 2648 1422 2690 68.
1483 2649 1763 2694 Vocabatur.
1824 2651 1909 2697 Ed.
1930 2653 2049 2714 Spir-

1157 2705 1440 2748 Vexabatur
1460 2706 1476 2760 (
1487 2706 1615 2763 sic!).

1217 2766 1353 2813 dum,
1394 2778 1511 2818 quae
1532 2779 1611 2807 res
1620 2763 1793 2820 forent
1800 2769 2052 2824 firmando

1158 2820 1360 2862 Neronis
1386 2821 1637 2875 imperium
1650 2856 1664 2879 ,
1697 2836 2048 2880 componuntur.

1159 2876 1238 2921 Sic
1282 2877 1435 2920 locum
1477 2881 1666 2924 restituo
1707 2897 1730 2924 e
1768 2882 1905 2928 MSS.
1941 2885 2006 2930 Re
2037 2917 2051 2931 .

1158 2934 1270 2993 Agr.
1295 2934 1365 2977 ed.
1388 2934 1507 2994 Spir.
1568 2937 1803 2983 Consentit
1829 2941 1924 2986 fere
1948 2903 2059 2990 MS.-

1156 2992 1284 3036 Flor.
1321 3000 1417 3036 test.
1458 2995 1491 3036 1.
1528 2995 1787 3050 Gronovio,
1834 2999 1912 3057 qui
1947 3001 2052 3047 inde

1158 3049 1329 3116 adfert:
1370 3054 1484 3094 dum
1507 3068 1582 3096 res
1599 3053 1771 3109 forent
1787 3054 2050 3112 firmanda,

1160 3123 1327 3151 omisso
1369 3124 1486 3164 quae
1523 3112 1592 3153 vel
1633 3127 1719 3166 que
1761 3112 1866 3167 (hoc
1902 3123 1968 3158 est
2000 3116 2049 3161 in

1158 3165 1263 3208 MS.
1285 3165 1396 3223 Reg.
1433 3175 1474 3210 et
1497 3168 1566 3211 ed.
1587 3168 1704 3226 Spir.
1734 3169 1909 3228 vulgari
1938 3172 2046 3216 vitio

1157 3239 1240 3290 pro
1264 3226 1417 3279 quae).
1463 3224 1591 3280 Quae
1612 3229 1896 3284 pronominis
1916 3231 2048 3275 omis·

1155 3297 1222 3323 sio
1246 3281 1466 3337 originem
1488 3282 1608 3326 dedit
1629 3283 1754 3326 alteri
1778 3285 2048 3343 scripturae:

1153 3341 1267 3381 dum
1287 3353 1365 3382 res
1372 3340 1618 3397 firmando
1630 3342 1832 3385 Neronis
1851 3343 2050 3399 imperio

1154 3406 1509 3450 componuntur,
1522 3414 1635 3456 quae
1649 3406 1712 3441 est
1724 3398 1771 3442 in
1782 3399 1917 3444 MSS.
1931 3402 2048 3449 Bud.
2090 3395 2096 3404 ⁵

1155 3452 1308 3497 Guelf.
1334 3453 1542 3513 aliisque,
1574 3454 1673 3498 edd.
1701 3454 1803 3498 Put.
1829 3456 1897 3502 M.
1923 3467 1966 3503 et
1989 3459 2046 3505 V.

1155 3511 1362 3555 Beroald.
1386 3513 1443 3567 (c.
1466 3512 1644 3556 silentio
1659 3512 1794 3569 vict.)
1817 3513 1919 3561 Alc.
1934 3516 2047 3562 Rhe,-

1154 3585 1258 3613 nan.
1296 3584 1390 3628 sqq.
1460 3570 1573 3614 Nam
1605 3568 1698 3614 sine
1734 3586 1852 3626 quae
1881 3574 2047 3645 nescie-
