2196 4004
84 1990 87 1991 ⁷
111 1988 198 2030 que
228 1979 351 2014 recte
382 1972 468 2015 dici
502 1979 664 2028 potest,

198 226 422 314 ὲὲῗῗ

692 227 744 287 L
758 227 786 286 I
799 227 870 288 B.
904 226 1012 289 XI.

1095 186 1397 290 CAP.z
1893 228 1972 289 15

112 359 485 444 praesumat?
537 356 675 415 usui
697 368 753 414 et
774 357 950 414 rebus
974 355 1305 415 subsidium
1328 355 1694 433 praeparari,
1735 378 1812 416 ne
1838 359 1973 436 quis

111 449 312 525 inopia
353 447 797 514 advocatorum·
830 443 1170 517 potentibus
1228 443 1522 500 obnoxius
1554 443 1667 502 sit.

1779 463 1975 520 neque

111 547 310 594 tamen
365 528 765 606 eloquentiam
808 528 1062 600 gratuito
1115 528 1480 601 contingere:
1555 526 1752 584 omitti
1804 548 1974 586 curas

110 607 447 684 familiariS‚
487 625 555 671 ut
587 611 718 689 quis
757 631 816 668 se
852 612 1058 668 alienis
1097 613 1346 687 negotiis
1381 612 1667 673 intendat.

1751 604 1973 671 multos

110 701 351 770 militia-3
395 699 681 776 quosdam
718 698 1039 755 exercendo
1079 717 1247 771 agros
1284 697 1534 754 tolerare
1558 697 1770 755 vitam:
1815 694 1973 755 nihil

111 810 146 846 a
181 804 481 864 quoquam
518 782 736 858 expeti,
798 782 917 838 nisi
962 783 1127 840 cuius
1178 784 1404 839 fructus
1450 793 1584 838 ante
1627 783 1973 858 providerit.

110 873 280 931 facile
316 865 597 928 Asinium
636 879 692 925 et
731 865 1071 925 Messallam
1109 868 1265 925 inter
1302 862 1636 926 Antoniiun
1671 878 1729 926 et
1762 863 1972 943 Augu-

112 1113 504 1161 Guelf.Broterius
523 1113 755 1164 deVaticc.
769 1123 810 1158 et
822 1112 1004 1157 Oxonn.

111 1182 246 1218 tacet.
302 1171 407 1215 MS.
441 1172 555 1231 Agr.
585 1174 748 1213 dicere.
811 1170 942 1226 Quae
969 1171 1006 1213 si

113 1229 392 1282 contuearis‚
424 1228 640 1285 intelligis
662 1228 816 1271 dicere
836 1245 931 1272 esse
956 1244 1005 1271 ex

111 1285 450 1335 emendatione,
499 1294 660 1333 tacens
699 1293 742 1327 et
783 1294 941 1328 tacere
981 1301 1006 1328 a

109 1345 213 1389 loco
239 1341 406 1394 aliena,
439 1358 582 1386 unum
606 1356 747 1398 agere
773 1341 882 1386 ferri
905 1359 1004 1401 pos-

109 1418 179 1450 se,
214 1408 258 1443 et
294 1401 452 1443 melius
486 1416 622 1458 quam
654 1399 804 1442 iacere
828 1401 865 1443 F
868 1401 1005 1443 reins-

108 1457 273 1508 hemii,
308 1460 495 1512 placere
535 1455 804 1506 Bo‘xhornii,
835 1457 1007 1514 facere

110 1516 196 1560 lac.
220 1513 462 1566 Gronovii,
503 1524 673 1570 'aspere
707 1514 893 1565 Hilleri,
936 1515 1006 1557 ita

102 1573 216 1631 fere
234 1572 418 1615 Heinsii.

168 1644 301 1686 quem
324 1631 473 1673 illum.
533 1628 610 1674 Sic
629 1627 763 1673 MSS.
789 1629 912 1674 Flor.
953 1633 1004 1685 (t.

109 1688 250 1738 Viet.)
271 1687 388 1730 Bud.
415 1686 480 1729 Re
513 1717 526 1729 .
551 1687 661 1743 Agr.
694 1686 792 1729 edd.
817 1686 934 1745 Spir.
961 1696 1004 1731 et

109 1752 296 1788 reeentt.
322 1744 427 1786 inde
449 1703 537 1787 aii
572 1745 653 1786 sio.
713 1742 789 1787 Sic
808 1745 911 1788 infr.
935 1746 1003 1793 12,

109 1802 180 1845 86.
204 1803 304 1857 quis
325 1801 421 1843 ille.
481 1800 533 1842 M
553 1799 582 1843 “.
605 1800 756 1844 Guelf.
781 1802 881 1845 edd.
896 1802 999 1844 Put.

108 1859 179 1901 M.
206 1866 249 1899 et
273 1857 329 1900 V.
366 1857 577 1900 Beroald.
601 1858 703 1901 Alc.
725 1856 869 1901 Rhen.
896 1858 1002 1902 Ald.

109 1924 153 1960 et
168 1915 204 1957 F
205 1913 440 1957 reinshem.
466 1930 603 1970 quem
619 1917 780 1956 ullum.
814 1914 1002 1959 Utrum-

744 1972 917 2025 Verum
953 1974 1001 2015 in

110 2044 247 2086 quem
267 2031 399 2072 illum
420 2028 526 2071 latet
557 2030 682 2072 notio
713 2029 1002 2085 magnificen-

108 2087 221 2135 tiae,
270 2084 591 2144 quae'egregie
625 2086 843 2134 convenit
873 2102 1001 2131 voca·

110 2142 220 2187 bulo
247 2150 387 2186 tanta
408 2144 640 2197 superbia.

165 2201 514 2244 aeternitatem.
594 2200 708 2245 Edd.
740 2199 858 2261 Spir.
896 2200 1000 2245 Put.

113 2259 171 2301 V.
201 2259 516 2302 eternitatem.

160 2316 465 2371 praeparari.
525 2314 659 2360 MSS.
691 2315 814 2359 Flor.
851 2318 900 2371 (t.
922 2316 999 2373 V.)

110 2372 224 2414 Bud.
249 2371 451 2429 ed.Spir.
475 2388 788 2427 praeparare.
837 2374 1002 2431 Vulga-

111 2437 210 2470 tum
240 2437 376 2471 exstat
398 2428 444 2470 in
466 2429 567 2472 MS.
595 2430 744 2472 Guelf.
776 2430 875 2473 edd.
896 2431 999 2474 Put.

111 2485 180 2528 M.
214 2492 258 2527 et
294 2487 345 2528 V.
389 2485 600 2530 Beroald.
644 2487 746 2531 Ale.
792 2487 999 2531 Rhenan.

112 2558 442 2666 sigotentibus.
515 2600 590 2644 Sic
618 2599 752 2644 MSS.
786 2600 910 2645 Flor.
953 2602 1001 2654 (t.

112 2655 230 2700 Vlct.
263 2673 302 2723 c.
324 2656 412 2700 Iac.
437 2655 664 2715 Gronov.)
697 2658 811 2702 Bud.
848 2658 999 2703 Guelf-

111 2713 182 2756 ed.
224 2712 346 2772 Spir.
386 2741 445 2750 -
506 2716 849 2781 polenliorlbus
898 2715 999 2760 edd.

110 2770 215 2928 {1¹35
237 2771 1001 2889 1⁸}.3²1X;11.¹³E{3³v¹{¹;ssssssfflgss:

110 2901 159 2928 ra
183 2902 277 2930 ivo.

154 2957 433 3013 familiaris·
476 2956 553 3001 Sic
574 2957 674 3001 edd.
690 2968 878 3003 reeentt.
895 2958 1001 3002 inde

110 3031 134 3058 a
149 3015 234 3058 lac.
249 3014 503 3058 Gronovio.
530 3037 585 3047 -
603 3015 878 3071 familiares
901 3017 1002 3059 MS.

112 3071 266 3115 Guelf.
291 3071 394 3116 edd.
411 3071 528 3130 Spir.
553 3071 658 3116 Put.
686 3073 756 3117 M.
780 3083 821 3117 et
837 3075 890 3118 V.
918 3073 1001 3116 Be-

111 3130 253 3173 roald.
281 3130 338 3185 (c.
360 3129 430 3172 sil.
449 3130 586 3186 vict.)
614 3130 713 3174 Alc.
736 3130 878 3181 Rben,
904 3147 1001 3189 sqq.

169 3210 218 3244 ut
241 3202 433 3256 quisse.
447 3231 457 3242 .
475 3201 703 3246 intendat.
741 3200 877 3244 MSS.
893 3202 1001 3258 Agr.

111 3257 263 3301 Guelf.
304 3265 355 3300 ut
390 3257 472 3313 qui
501 3272 566 3304 se.
650 3259 760 3302 lnde
794 3259 1001 3302 Heinsius

141 3324 352 3358 raeeunte
381 3314 588 3360 Acidalio
624 3316 806 3359 coniicit
836 3331 886 3358 se
918 3314 1002 3358 tol·

111 3332 294 3416 rendum
329 3388 436 3415 esse.
507 3372 706 3415 Frustra.
776 3373 890 3416 Nam
921 3375 999 3415 in-

113 3434 303 3472 tendere
321 3431 414 3473 sine
434 3443 498 3480 se,
521 3430 748 3474 intellecto
771 3431 1001 3483 animum,

112 3493 175 3529 est
191 3487 420 3535 inclinare,
434 3487 564 3530 adfici
580 3503 746 3539 amore,
766 3488 912 3530 studio
925 3489 1001 3531 ali·

113 3543 240 3588 cuius
253 3545 334 3589 rei.
395 3545 456 3588 At
477 3545 659 3588 intendi
677 3544 743 3588 vel
763 3546 1002 3589 intendere

1055 3206 1057 3208 ’
1073 3190 1256 3234 tentiam
1269 3223 1281 3242 ,
1335 3192 1371 3233 si
1411 3191 1458 3233 in

1075 1128 1123 1158 se
1143 1112 1277 1158 alicui
1304 1115 1367 1158 rei
1388 1116 1487 1174 plus
1510 1115 1631 1167 dicit,
1657 1119 1803 1157 totum
1825 1129 1871 1158 se
1894 1113 1971 1158 ali·

1077 1170 1151 1215 eui
1186 1173 1250 1214 rei
1289 1172 1422 1225 dare,
1476 1182 1736 1224 strenuum,
1787 1171 1973 1230 diligen·

1076 1237 1169 1271 tem
1205 1246 1297 1285 esse
1329 1230 1377 1272 in
1410 1245 1459 1272 ea
1491 1231 1681 1288 agenda,
1734 1229 1857 1287 quod
1899 1229 1974 1273 hic

1077 1286 1214 1331 valet.
1251 1332 1253 1334 ,
1291 1287 1517 1331 Particula
1548 1295 1610 1329 'ut
1641 1285 1859 1344 signifieat
1886 1301 1969 1328 so-

1077 1344 1179 1392 wie,
1199 1346 1367 1387 sobald
1381 1347 1469 1394 als,
1492 1345 1545 1397 je
1566 1347 1812 1388 naohdem.
1860 1345 1972 1387 Mox

1079 1400 1235 1445 Guelf.
1256 1403 1328 1444 nil
1353 1418 1434 1460 pro
1456 1404 1590 1445 nihil.

1135 1481 1245 1516 ante
1262 1474 1533 1526 providerit.
1592 1470 1668 1516 Sic
1688 1471 1825 1515 MSS.
1842 1470 1969 1515 Flor.

1076 1531 1194 1584 (test.
1218 1531 1338 1573 Viet.
1371 1537 1414 1572 et
1447 1530 1536 1574 Iac.
1565 1529 1774 1588 Gronov.
1809 1537 1971 1573 eontra
2051 1543 2063 1547 ‘

1077 1587 1319 1631 Piehenam
1334 1620 1345 1639 ,
1382 1588 1458 1644 qui
1481 1587 1586 1631 inde
1608 1587 1809 1645 prodidit
1826 1600 1972 1640 prae-

1077 1646 1279 1701 viderit.)
1315 1645 1555 1701 Bud.Agr.
1579 1645 1679 1688 edd.
1697 1644 1726 1687 S
1761 1645 1815 1687 ir.
1829 1643 1973 1689 Rhen.

1075 1718 1176 1760 sqq.
1204 1726 1261 1734 —
1285 1704 1574 1754 praeviderit
1601 1701 1700 1744 edd.
1763 1700 1849 1744 ich.
1868 1716 1971 1759 sqq.

1074 1788 1132 1796 -
1155 1760 1468 1815 praevidetur
1496 1759 1597 1801 edd.
1626 1758 1726 1801 Put.
1752 1757 1820 1801 M.
1846 1767 1890 1801 et
1915 1758 1970 1802 V.

1073 1816 1283 1859 Beroald.
1318 1814 1422 1859 Alc.
1482 1814 1648 1857 Similis
1685 1815 1740 1857 de
1773 1824 1970 1873 utroque

1073 1874 1217 1918 verbo
1255 1873 1464 1915 codicum
1498 1873 1720 1915 dissensus
1754 1880 1819 1915 est
1842 1871 1968 1916 Suet.

1076 1930 1183 1974 Oct.
1209 1945 1248 1973 c.
1275 1931 1344 1972 10.
1387 1930 1506 1972 Plin.
1532 1945 1632 1988 epp.
1660 1933 1697 1979 1,
1720 1930 1762 1972 5.
1816 1929 1969 1988 Nepos

1071 1988 1144 2036 23,
1164 1988 1205 2036 9,
1223 1988 1264 2030 2.
1290 1995 1333 2029 et
1354 1987 1472 2045 apud
1486 1986 1693 2031 Tacitum
1719 1988 1970 2045 aliquoties.

1075 2045 1219 2102 Culpa
1243 2052 1306 2087 est
1326 2043 1372 2087 in
1398 2045 1668 2102 compendio
1701 2047 1969 2102 scripturae.

1073 2102 1161 2146 Sed
1188 2104 1468 2156 praevidere
1503 2110 1566 2144 est
1598 2101 1862 2161 simpliciter
1895 2118 1969 2145 res

1072 2160 1246 2204 futuras
1269 2159 1424 2204 videre
1442 2167 1551 2212 *ante
1577 2175 1714 2218 quam
1744 2160 1969 2208 eveniant,

1074 2218 1133 2260 ita
1164 2225 1212 2260 ut
1244 2225 1347 2260 ante
1381 2217 1516 2268 scias,
1556 2217 1666 2275 quid
1698 2226 1970 2260 eventurum

1073 2277 1130 2318 sit
1149 2274 1512 2331 (vorhersehen).
1572 2274 1840 2324 Providere,
1867 2290 1969 2319 cau·

1073 2332 1246 2377 tionem
1277 2331 1489 2375 adhibere
1521 2332 1642 2375 circa
1677 2347 1750 2374 res
1779 2331 1969 2382 futuras,

1076 2405 1236 2434 cavere
1279 2389 1327 2431 in
1370 2399 1628 2447 posterum,
1673 2390 1768 2434 τῶν
1810 2390 1970 2434 ἔπειτα

1073 2449 1268 2505 μελέτην
1298 2447 1433 2504 ἔχειν.
1510 2448 1601 2489 lam
1631 2455 1752 2491 recte
1783 2447 1970 2506 quidem

1076 2505 1166 2547 dici
1199 2513 1346 2562 potest
1378 2512 1486 2547 ante
1517 2505 1786 2557 providere,
1829 2512 1872 2549 et
1904 2505 1970 2550 sic

1076 2562 1235 2618 virgil.
1260 2560 1428 2619 Georg.
1464 2562 1823 2614 1,·1·67.'0mnia
1846 2576 1970 2618 quae

1075 2622 1223 2660 multo
1256 2626 1368 2660 ante
1400 2633 1582 2662 memor
1602 2621 1795 2674 provisa
1826 2635 1970 2676 repo-

1072 2690 1170 2719 nes.
1244 2675 1333 2718 Sed
1364 2684 1474 2719 ante
1501 2678 1776 2732 praevidere
1806 2677 1968 2721 intole-

1072 2731 1226 2776 rabilis
1268 2732 1554 2791 pleonasmus
1586 2741 1665 2777 est.
1744 2733 1861 2778 Nam
1897 2742 1968 2778 ut-

1074 2805 1253 2848 eunque
1312 2806 1411 2832 eam
1470 2789 1713 2833 formulam
1769 2792 1967 2841 torseris,

1072 2846 1288 2905 temporis
1312 2847 1439 2890 notio
1463 2847 1533 2891 bis
1560 2847 1832 2893 enuntiatur.
1889 2848 1966 2892 Nil
2018 2891 2024 2896 ,

1075 2913 1310 2947 cunctatus
1334 2903 1467 2961 igitur
1492 2905 1671 2964 reposui
1700 2908 1966 2960 providerit,

1073 2970 1124 3005 ut
1174 2962 1390 3004 sententia
1440 2963 1522 3006 sit:
1582 2976 1966 3022 unumquemque,

1072 3027 1312 3077 autequam
1338 3018 1505 3077 aliquid
1529 3019 1826 3076 adgrediatur,
1861 3036 1966 3080 pro·
2009 3046 2014 3053 «

1072 3076 1241 3134 spicere
1297 3084 1341 3118 et
1393 3077 1672 3124 consultare,
1730 3078 1964 3134 quomodo

1071 3133 1246 3177 fruetus
1270 3133 1374 3176 inde
1397 3132 1630 3191 percipiat.
1693 3132 1843 3190 Quam
1864 3151 1965 3180 sen-

1532 3191 1725 3247 raecepti
1763 3192 1963 3237 formam

1073 3249 1287 3299 verteris,
1320 3207 1598 3291 enuntiaiiis:
1640 3246 1687 3291 Si
1711 3249 1815 3307 quid
1840 3267 1964 3309 expe·

1073 3305 1151 3356 tis,
1195 3305 1533 3363 providendum
1564 3305 1674 3360 (non
1700 3307 1965 3365 praeviden-

1073 3363 1200 3418 dum)
1228 3371 1307 3411 est,
1338 3371 1386 3405 ut
1406 3363 1580 3406 fructus
1603 3361 1707 3406 inde
1729 3364 1961 3422 percipias-

1074 3419 1437 3463 Consentientem
1463 3419 1605 3463 habeo
1631 3420 1962 3480 Kiesslingium.

1074 3475 1284 3519 Ceterum
1307 3477 1367 3522 cf.
1392 3485 1489 3521 not.
1513 3477 1569 3520 ad
1596 3477 1637 3529 2,
1662 3478 1730 3523 14.

1084 3551 1085 3555 ’
1129 3546 1416 3594 Messallam.
1472 3547 1556 3592 Ed.
1591 3548 1708 3608 Spir.
1735 3547 1958 3597 Messala.
2034 3545 2039 3550 ’
