2164 3990
1796 215 1847 253 Α.
1875 217 1927 253 U.
1940 217 2025 254 81⁶.

1798 259 1852 296 A.
1870 259 1919 296 C.
1963 262 2025 296 63.

254 213 379 273 336
919 211 1424 275 ANNALIUM

249 334 333 402 Εἰ
366 354 535 418 aegre
574 344 944 419 compulsum
966 342 1194 412 ferunt,
1233 353 1302 401 ut
1323 345 1636 404 instantem
1661 346 1996 410 Corbuloni
2021 355 2111 412 fa-

252 441 493 488 teretur.
577 449 686 507 nec
713 450 743 484 a
770 426 1112 484 Corbulone
1134 443 1540 503 properatum,
1584 455 1702 511 quo
1733 437 2113 510 gliscentibus

251 515 529 591 periculis
553 515 727 570 etiam
753 511 1003 568 subsidii
1038 513 1166 568 laus
1201 528 1529 587 augeretur.
1615 523 1880 595 expediri
1914 535 2113 580 tamen

252 601 454 658 itineri
478 600 707 672 singula
734 597 923 652 millia
950 617 1015 652 ex
1041 598 1229 654 tribus
1251 599 1580 672 legionibus
1605 617 1660 661 et
1684 606 1898 664 alarios
1920 610 2113 666 octin-

250 697 483 761 gentOS,
525 703 726 759 parem
753 702 1069 738 numerum
1093 702 1123 738 e
1146 679 1486 742 cohortibus
1510 687 1696 750 iussit.

421 784 551 844 XL·
592 778 674 839 At
696 779 1046 855 VologeseS‚
1089 783 1356 858 quamvis
1383 784 1612 842 obsessa
1641 788 1869 848 aPaeto
1899 792 2112 850 itinera

250 868 392 929 hinc
421 869 687 946 peditatu
721 866 860 922 inde
900 867 1094 943 equite
1127 868 1470 942 accepisset,
1514 867 1669 928 nihil
1701 887 1925 934 mutato
1967 899 2111 934 con-

253 957 417 1026 silio,
463 955 563 1010 sed
588 953 649 1008 vi
675 972 739 1008 ac
765 952 944 1007 minis
973 953 1158 1008 alares
1185 955 1493 1023 exterruit,
1536 956 1887 1029 legionarios
1922 964 2111 1019 obtri-

249 1043 365 1111 vit,
407 1060 530 1096 uno
566 1049 799 1095 tantum
835 1037 1177 1094 centurione
1204 1037 1515 1115 Tarquitio
1540 1039 1847 1101 Crescente
1879 1049 2112 1117 turrim,

229 1128 313 1183 in
357 1146 470 1202 qua
512 1123 872 1200 praesidium
921 1123 1203 1196 agitabat,
1259 1124 1575 1182 defendere
1622 1147 1792 1198 auso,
1846 1130 2113 1208 factaque

251 1212 484 1286 saepius
508 1209 818 1285 eruptione
846 1219 902 1265 et
927 1209 1123 1278 caesis,
1163 1209 1266 1285 qui.
1291 1210 1682 1268 barbarorum
1707 1215 1949 1289 propius
1975 1235 2112 1290 sug—

248 1297 696 1372 grediebantur‚
739 1295 926 1350 donec
947 1294 1175 1368 ignium
1203 1294 1358 1351 iactu
1381 1296 1919 1361 circumveniretur.
2004 1322 2111 1378 pe-

249 1553 323 1590 tur
357 1541 493 1586 fuisse
524 1540 571 1583 in
602 1537 781 1590 Guelf.,
829 1538 904 1596 qui
940 1554 1045 1581 mox
1083 1540 1136 1582 ab
1265 1543 1347 1583 sed
1381 1542 1428 1584 υἱ
1449 1557 1503 1584 ac
1531 1543 1685 1586 minis.
1742 1542 1944 1587 Faernus
1981 1543 2108 1587 dele·-

248 1603 403 1646 eadem
449 1617 510 1642 m.
544 1594 637 1641 rec.
681 1596 811 1640 habet
851 1599 1013 1638 habitu
1056 1613 1138 1656 pro

248 1660 461 1709 habitus,
492 1655 612 1715 quod
639 1655 762 1712 prius
787 1654 885 1698 fuit.
950 1654 954 1666 ¹

308 1725 353 1760 et
374 1730 516 1770 aegre
542 1714 846 1765 compulsum.
907 1711 983 1756 Sic
1005 1711 1142 1755 MSS.

250 1784 292 1820 et
330 1773 432 1817 edd.
465 1773 566 1816 Put.
603 1771 672 1813 M.
704 1778 746 1812 et
772 1772 824 1812 V.
849 1769 950 1814 Ber.
978 1770 1073 1814 Alc.
1102 1779 1143 1813 ct

249 1831 410 1878 deinde
433 1830 619 1873 Pielien.
644 1843 743 1886 sqq.
819 1827 934 1870 Nam
960 1827 1142 1870 Rhena-

247 1907 334 1936 nus
366 1888 603 1932 sustulerat
626 1885 835 1943 copulam
862 1893 928 1936 et,
959 1901 1070 1943 quae
1094 1885 1142 1928 in

249 1945 386 1992 MSS.
406 1946 520 1988 Bud.
543 1952 586 1986 et
604 1942 755 1986 Guelf.
783 1943 980 2000 primum
1009 1943 1141 1986 omis-

239 2021 296 2049 sa
317 2019 448 2063 supra
471 2000 693 2058 adscripta
720 2007 799 2042 est.
862 2000 960 2044 Hoc
987 1999 1143 2043 Ober-

249 2062 345 2106 lino
378 2058 652 2109 sufficiebat,
692 2065 742 2099 ut
776 2057 937 2099 iterum
974 2058 1142 2099 deleret

248 2127 308 2164 et.
367 2118 595 2168 Restitu03
618 2130 722 2157 narn
743 2114 858 2157 solet
884 2114 1140 2158 sicTacitus

249 2194 329 2237 per
353 2185 397 2219 et
419 2174 616 2231 incipere
644 2171 794 2223 locos,
836 2179 885 2214 ut
911 2172 1140 2230 sequentia

281 2233 473 2283 rioribus
507 2230 726 2274 adnectat.
788 2227 848 2272 cf.
884 2237 977 2271 not.
1011 2228 1065 2272 ad
1103 2231 1141 2277 1,

279 2295 319 2336 1.
358 2289 440 2334 sub
473 2305 517 2334 v.
550 2295 594 2330 et
628 2287 722 2329 ille.
813 2285 1024 2329 Ceterum
1069 2285 1140 2330 ed.

247 2349 367 2409 Spir.
401 2363 484 2416 pro
515 2353 561 2388 et
590 2356 734 2397 aegre
754 2342 882 2386 habet
909 2351 959 2384 ut
983 2358 1140 2396 aegre,

246 2407 420 2465 vulgari
443 2401 727 2448 confusione.
764 2399 824 2444 cf.
843 2409 934 2444 not.
961 2401 1012 2443 ad
1026 2399 1138 2444 Hist.

249 2467 289 2515 1,
316 2463 384 2508 15.
456 2461 624 2503 Eadem
646 2473 748 2501 mox
783 2459 1005 2500 subsidiis
1032 2460 1139 2500 laus

246 2522 334 2578 (uti
365 2529 430 2564 est
457 2518 504 2561 in
530 2516 630 2560 MS.
660 2515 837 2572 Guelf.)
873 2531 956 2573 pro
988 2517 1133 2558 subsi-

246 2582 320 2625 dii
348 2582 474 2628 laus,
518 2584 560 2619 et
581 2581 804 2630 ageretur
834 2589 916 2632 pro
939 2588 1136 2627 augere-

246 2648 341 2683 tur.
385 2635 444 2679 cf.
470 2643 568 2676 not.
592 2632 644 2675 ad
671 2631 736 2681 14,
758 2631 828 2676 58.
892 2629 1043 2673 Guelf.
1067 2629 1139 2673 ha-

243 2698 320 2741 bet
338 2703 383 2738 et
404 2708 488 2750 pro
510 2691 672 2733 etiam.

303 2762 355 2796 ut
378 2753 654 2794 instantem.
700 2746 993 2797 Innhostem,
1049 2743 1139 2787 uod

244 2810 448 2872 proxime
471 2804 711 2865 praecedit.
781 2805 883 2848 MS.
908 2802 1021 2846 Guel
1047 2833 1059 2845 .
1089 2808 1141 2844 ut

245 2872 494 2917 instatem,
558 2862 722 2906 omissa
784 2861 949 2904 lineola
1005 2876 1139 2917 super

245 2927 393 2972 littera
414 2939 462 2966 a.
520 2920 751 2963 Ernestius
780 2919 946 2962 frustra
980 2917 1135 2962 conie-

244 2986 304 3029 cit
332 2980 667 3024 necessitatem.
737 2977 930 3019 Hillerus
963 2975 1140 3033 supplet

244 3045 588 3094 tempestatem,
631 3034 751 3092 quod
795 3035 866 3077 vix
902 3033 1038 3076 credo
1074 3031 1139 3075 sic

246 3098 408 3156 negligi
431 3109 577 3153 posse.
635 3093 718 3135 Ed.
741 3091 859 3149 Spir.
883 3098 1140 3133 constanter

245 3156 401 3201 scribit
428 3153 617 3195 Corbolo
640 3166 722 3208 pro
747 3150 957 3192 Corbulo.

307 3213 418 3254 CAP.
453 3211 521 3253 11.
579 3211 682 3250 Ῐιίηε
709 3210 926 3259 peditatu
958 3205 1064 3246 inde
1101 3218 1137 3245 e.

245 3271 348 3314 MS.
383 3267 496 3310 Bud.
535 3267 642 3307 hinc
672 3266 905 3319 peditatu,
955 3264 1059 3304 hinc
1097 3277 1135 3303 e.

247 3330 359 3383 (non
381 3327 482 3368 hinc
496 3324 678 3379 pedite,
719 3322 783 3365 uti
810 3319 1039 3364 Broterius
1063 3335 1138 3361 re·-

245 3385 372 3439 fert).
429 3382 487 3424 cf.
512 3380 608 3424 Liv.
633 3380 701 3431 39,
724 3382 789 3423 11.
848 3379 1033 3422 Sueton.
1054 3376 1135 3418 Vi-

247 3439 339 3485 tell.
364 3457 401 3484 c.
419 3439 485 3481 15.
509 3437 585 3481 ubi
610 3438 812 3480 similiter
833 3438 936 3478 hinc
960 3459 1012 3469 --
1033 3435 1136 3476 hinc

245 3515 292 3544 se
320 3495 555 3554 excipiunt.
617 3495 706 3538 Sed
743 3493 922 3551 vulgata
954 3499 1135 3535 tuentur

246 3555 446 3615 potiores
471 3551 588 3596 libri.

1212 1599 1287 1640 bat
1347 1603 1457 1651 sed,
1515 1599 1813 1666 adplaudente
1878 1600 2107 1646 Ernestio.

1192 1655 1410 1703 ‚Frustra
1469 1656 1652 1700 Tac1tus
1674 1657 1878 1700 imitatur
1892 1657 2106 1707 Graecos,

1214 1713 1290 1771 qui
1325 1714 1483 1757 eodem
1518 1730 1602 1757 usu
1635 1730 1718 1772 per
1748 1715 1953 1759 voculam
1988 1713 2106 1759 ἄλλά

1213 1772 1497 1829 participium
1532 1782 1574 1814 et
1597 1773 1779 1815 verbum
1808 1772 1986 1816 finitum
2021 1790 2102 1818 co-

1213 1829 1386 1886 pulant.
1450 1829 1508 1872 cf.
1546 1829 1764 1873 Herodot.
1804 1831 1840 1881 1,
1866 1829 1960 1874 131.
1983 1834 2106 1889 Πέρ-

1212 1899 1297 1935 σας
1320 1886 1372 1930 δὲ
1395 1882 1500 1931 οἶδα
1525 1884 1711 1945 νόμοισι
1737 1889 1931 1937 τοιοῖςδε
1954 1904 2106 1948 χρεω·

1211 1948 1406 2004 μένους,
1451 1942 1698 2003 ἀγάλματα
1727 1945 1819 2002 μὲν
1854 1948 1931 1989 καὶ
1969 1946 2105 2003 νηοὺς

1212 2005 1289 2046 καὶ
1320 2002 1505 2059 βωμοὺς
1542 2002 1625 2046 οὐκ
1657 2004 1708 2048 ἐν
1732 1999 1862 2062 νόμῳ
1885 2007 2104 2064 ποιευμέ-

1213 2075 1320 2109 νους
1373 2057 1640 2116 ἱδρύεσθαι,
1702 2059 1817 2104 ἀλλὰ
1863 2065 1942 2105 καὶ
1985 2067 2106 2108 τοῖσι

1211 2118 1392 2162 ποιεῦσι
1416 2123 1596 2178 μωρίην
1625 2119 1912 2175 ἐπιφέρουσι.

1256 2189 1496 2245 factaque.
1555 2187 1634 2231 Sic
1661 2187 1796 2231 MSS.
1823 2187 1948 2232 Flor.
1980 2191 2103 2245 (test.

1211 2244 1331 2289 Vict.
1364 2262 1405 2288 c.
1444 2247 1525 2289 lac.
1554 2245 1784 2302 Gronov.)
1809 2244 1959 2301 Guelf.
1982 2247 2100 2290 Bud.

1210 2303 1335 2346 Harl.
1359 2303 1490 2346 Bodl.
1528 2303 1608 2346 les.
1633 2301 1772 2346 Corb.
1811 2302 1880 2346 ed.
1902 2302 2023 2361 Spir.
2044 2326 2102 2337 —-

1206 2362 1338 2414 facta
1364 2360 1475 2414 (sine
1499 2360 1674 2418 copula)
1713 2359 1815 2404 edd.
1840 2358 1942 2405 Put.
1967 2359 2036 2405 Μ.
2059 2370 2104 2406 et

1212 2418 1266 2462 V.
1306 2418 1408 2460 Ber.
1443 2417 1547 2461 Alc.
1582 2416 1724 2461 Rhen.
1753 2433 1850 2485 sqq.
1931 2415 2102 2462 Verum

1211 2491 1296 2532 que
1319 2484 1360 2519 et
1384 2490 1574 2533 sequens
1595 2481 1642 2516 et
1661 2473 1887 2533 aptissime
1909 2474 2100 2519 invicem

1210 2533 1291 2577 sibi
1327 2531 1618 2591 respondent.
1697 2530 1775 2576 Sic
1806 2533 1848 2583 4,
1880 2530 1924 2577 3.
1959 2547 2103 2589 seque

1211 2606 1269 2632 ac
1289 2592 1518 2638 maiores‚·
1550 2590 1615 2641 12,
1638 2588 1706 2633 37.
1730 2589 1903 2646 ipsique
1925 2598 1969 2633 et
1987 2605 2100 2633 can-

1212 2650 1332 2701 iugi;
1371 2647 1413 2699 4,
1442 2646 1513 2690 34.
1553 2654 1596 2688 et
1630 2654 1820 2702 uterque
1855 2649 2102 2703 opibusque

1212 2714 1350 2762 atque
1372 2704 1628 2746 honoribus
1646 2704 1940 2757 pet-viguere.
1979 2702 2101 2760 Qua·

1211 2779 1259 2805 re
1283 2763 1508 2820 antiquam
1523 2762 1790 2818 scripturam
1803 2776 1976 2819 repono
1993 2777 2047 2805 cu
2056 2778 2099 2805 m

1213 2821 1301 2864 Iac.
1326 2818 1582 2862 Gronovio.

1268 2890 1525 2945 eruptione.
1585 2888 1668 2931 Ed.
1703 2887 1820 2946 Spir.
1855 2889 2096 2934 evictione-

1210 2948 1374 2991 Eadem
1402 2963 1502 2989 mox
1519 2948 1651 3000 prius
1669 2962 1753 3004 pro
1770 2947 1976 3000 propius.

1261 3017 1690 3071 suggredz'ebanlur.
1732 3016 1830 3060 MS.
1845 3015 1979 3060 Corb.
1994 3018 2098 3059 sub·

1209 3076 1551 3131 grediebantur.
1623 3074 1720 3117 MS.
1750 3071 1898 3118 Guelf.
1931 3088 2097 3128 sugre-

1208 3133 1470 3174 diebantur.
1545 3132 1863 3189 Synonymum
1897 3140 1961 3174 est
1990 3146 2094 3174 suc-

1208 3194 1383 3233 cedere.
1444 3188 1500 3232 cf.
1523 3197 1617 3232 not.
1643 3187 1697 3230 ad
1722 3188 1846 3237 220.

1277 3262 1695 3302 circmtwenz‘retnr.
1786 3257 1916 3301 MSS.
1981 3256 2095 3301 Bnd.

1207 3317 1327 3361 Harl.
1355 3317 1482 3360 Bodl.
1510 3319 1588 3359 les.
1614 3314 1765 3359 Guelf.
1793 3315 2097 3357 circumveni-

1207 3383 1394 3422 rentur,
1435 3374 1551 3417 haud
1596 3372 1799 3416 absurde.
1878 3371 1991 3415 Nam
2023 3373 2095 3418 vix

1208 3431 1420 3475 credibile
1466 3439 1551 3482 est,
1602 3443 1752 3472 unum·
1783 3429 2013 3472 hominem
2047 3429 2093 3472 in

1206 3488 1320 3533 turri
1345 3489 1612 3547 praesidium
1635 3502 1656 3529 e
1689 3486 1773 3529 isse
1803 3494 1845 3528 et
1867 3487 1972 3528 inde
1995 3502 2091 3530 sae-

1206 3547 1304 3605 pius
1339 3547 1619 3605 eruptionem
1671 3543 1828 3595 ecisse3
1861 3559 1998 3602 quare
2021 3544 2088 3587 in-
