<?xml version="1.0" encoding="UTF-8"?>
<!DOCTYPE html PUBLIC "-//W3C//DTD XHTML 1.0 Transitional//EN"
    "http://www.w3.org/TR/xhtml1/DTD/xhtml1-transitional.dtd">
<html xmlns="http://www.w3.org/1999/xhtml" xml:lang="en" lang="en">
 <head>
  <title>
</title>
<meta http-equiv="Content-Type" content="text/html;charset=utf-8" />
  <meta name='ocr-system' content='tesseract 3.04.00' />
  <meta name='ocr-capabilities' content='ocr_page ocr_carea ocr_par ocr_line ocrx_word'/>
</head>
<body>
  <div class='ocr_page' id='page_1' title='image "./operarecensuitet02taciuoft/operarecensuitet02taciuoft_0190.png"; bbox 0 0 2164 3990; ppageno 0'>
   <div class='ocr_carea' id='block_1_1' title="bbox 1738 214 1980 325">
    <p class='ocr_par' dir='ltr' id='par_1_1' title="bbox 1738 214 1980 325">
     <span class='ocr_line' id='line_1_1' title="bbox 1738 214 1980 283; baseline 0.017 -4"><span class='ocrx_word' id='word_1_1' title='bbox 1738 241 1796 280; x_wconf 74' lang='lat' dir='ltr'><strong>A.</strong></span> <span class='ocrx_word' id='word_1_2' title='bbox 1810 242 1865 282; x_wconf 83' lang='lat' dir='ltr'><strong>U.</strong></span> <span class='ocrx_word' id='word_1_3' title='bbox 1874 214 1980 283; x_wconf 35' lang='lat'><strong>81⁰..</strong></span> 
     </span>
     <span class='ocr_line' id='line_1_2' title="bbox 1738 287 1965 325; baseline 0 0"><span class='ocrx_word' id='word_1_4' title='bbox 1738 292 1792 325; x_wconf 69' lang='lat' dir='ltr'><strong>A.</strong></span> <span class='ocrx_word' id='word_1_5' title='bbox 1811 287 1860 325; x_wconf 90' lang='lat' dir='ltr'><strong>C.</strong></span> <span class='ocrx_word' id='word_1_6' title='bbox 1905 289 1965 325; x_wconf 80' lang='lat'><strong>⁵7.</strong></span> 
     </span>
    </p>
   </div>
   <div class='ocr_carea' id='block_1_2' title="bbox 192 242 1366 315">
    <p class='ocr_par' dir='ltr' id='par_1_2' title="bbox 192 242 1366 315">
     <span class='ocr_line' id='line_1_3' title="bbox 192 242 1366 315; baseline -0.012 -5"><span class='ocrx_word' id='word_1_7' title='bbox 192 250 314 310; x_wconf 84' lang='lat'><strong>180</strong></span> <span class='ocrx_word' id='word_1_8' title='bbox 858 242 1366 315; x_wconf 77' lang='lat' dir='ltr'><strong>ANNALIUM</strong></span> 
     </span>
    </p>
   </div>
   <div class='ocr_carea' id='block_1_3' title="bbox 185 375 2098 1207">
    <p class='ocr_par' dir='ltr' id='par_1_3' title="bbox 185 375 2098 1207">
     <span class='ocr_line' id='line_1_4' title="bbox 185 375 2051 458; baseline -0.001 -20"><span class='ocrx_word' id='word_1_9' title='bbox 185 390 384 438; x_wconf 85' lang='lat' dir='ltr'><strong>autem</strong></span> <span class='ocrx_word' id='word_1_10' title='bbox 417 377 776 436; x_wconf 80' lang='lat' dir='ltr'><strong>metuentior</strong></span> <span class='ocrx_word' id='word_1_11' title='bbox 805 376 872 434; x_wconf 88' lang='lat' dir='ltr'><strong>in</strong></span> <span class='ocrx_word' id='word_1_12' title='bbox 900 386 1205 452; x_wconf 18' lang='lat' dir='ltr'><strong>*posterum</strong></span> <span class='ocrx_word' id='word_1_13' title='bbox 1235 376 1457 434; x_wconf 87' lang='lat' dir='ltr'><strong>milites</strong></span> <span class='ocrx_word' id='word_1_14' title='bbox 1490 375 1613 436; x_wconf 87' lang='lat' dir='ltr'><strong>sibi</strong></span> <span class='ocrx_word' id='word_1_15' title='bbox 1649 386 1706 436; x_wconf 89' lang='lat' dir='ltr'><strong>et</strong></span> <span class='ocrx_word' id='word_1_16' title='bbox 1736 377 2051 458; x_wconf 81' lang='lat' dir='ltr'><strong>plerosque</strong></span> 
     </span>
     <span class='ocr_line' id='line_1_5' title="bbox 186 460 2098 540; baseline 0.001 -19"><span class='ocrx_word' id='word_1_17' title='bbox 186 464 538 540; x_wconf 82' lang='lat' dir='ltr'><strong>gladiatores</strong></span> <span class='ocrx_word' id='word_1_18' title='bbox 581 461 997 530; x_wconf 86' lang='lat' dir='ltr'><strong>circumdedit,</strong></span> <span class='ocrx_word' id='word_1_19' title='bbox 1064 461 1173 538; x_wconf 82' lang='lat' dir='ltr'><strong>qui—-</strong></span> <span class='ocrx_word' id='word_1_20' title='bbox 1204 460 1467 520; x_wconf 85' lang='lat' dir='ltr'><strong>rixarum</strong></span> <span class='ocrx_word' id='word_1_21' title='bbox 1503 462 1693 520; x_wconf 84' lang='lat' dir='ltr'><strong>initia</strong></span> <span class='ocrx_word' id='word_1_22' title='bbox 1716 464 1956 523; x_wconf 83' lang='lat' dir='ltr'><strong>modica</strong></span> <span class='ocrx_word' id='word_1_23' title='bbox 1995 474 2055 522; x_wconf 84' lang='lat' dir='ltr'><strong>et</strong></span> <span class='ocrx_word' id='word_1_24' title='bbox 2094 494 2098 498; x_wconf 42' lang='lat'><em>*</em></span> 
     </span>
     <span class='ocr_line' id='line_1_6' title="bbox 188 545 2053 628; baseline -0.001 -20"><span class='ocrx_word' id='word_1_25' title='bbox 188 550 360 628; x_wconf 86' lang='lat' dir='ltr'><strong>quasi</strong></span> <span class='ocrx_word' id='word_1_26' title='bbox 382 550 610 625; x_wconf 87' lang='lat' dir='ltr'><strong>privata</strong></span> <span class='ocrx_word' id='word_1_27' title='bbox 638 548 922 606; x_wconf 85' lang='lat' dir='ltr'><strong>sinerent:</strong></span> <span class='ocrx_word' id='word_1_28' title='bbox 964 545 1015 602; x_wconf 90' lang='lat' dir='ltr'><strong>si</strong></span> <span class='ocrx_word' id='word_1_29' title='bbox 1036 547 1262 603; x_wconf 76' lang='lat' dir='ltr'><strong>a—laesis</strong></span> <span class='ocrx_word' id='word_1_30' title='bbox 1283 545 1540 605; x_wconf 85' lang='lat' dir='ltr'><strong>validius</strong></span> <span class='ocrx_word' id='word_1_31' title='bbox 1565 560 1858 622; x_wconf 63' lang='lat' dir='ltr'><strong>ageretur,</strong></span> <span class='ocrx_word' id='word_1_32' title='bbox 1888 569 2053 607; x_wconf 79' lang='lat' dir='ltr'><strong>arma</strong></span> 
     </span>
     <span class='ocr_line' id='line_1_7' title="bbox 188 632 2054 709; baseline -0.001 -17"><span class='ocrx_word' id='word_1_33' title='bbox 188 637 542 700; x_wconf 80' lang='lat' dir='ltr'><strong>inferebant.</strong></span> <span class='ocrx_word' id='word_1_34' title='bbox 664 632 985 692; x_wconf 88' lang='lat' dir='ltr'><strong>Ludicram</strong></span> <span class='ocrx_word' id='word_1_35' title='bbox 1039 651 1274 709; x_wconf 87' lang='lat' dir='ltr'><strong>quoque</strong></span> <span class='ocrx_word' id='word_1_36' title='bbox 1326 633 1628 691; x_wconf 81' lang='lat' dir='ltr'><strong>licentiam</strong></span> <span class='ocrx_word' id='word_1_37' title='bbox 1683 645 1740 691; x_wconf 88' lang='lat' dir='ltr'><strong>et</strong></span> <span class='ocrx_word' id='word_1_38' title='bbox 1793 636 2054 694; x_wconf 60' lang='lat' dir='ltr'><strong>fautores</strong></span> 
     </span>
     <span class='ocr_line' id='line_1_8' title="bbox 191 716 2055 795; baseline -0.001 -18"><span class='ocrx_word' id='word_1_39' title='bbox 191 717 555 786; x_wconf 75' lang='lat' dir='ltr'><strong>histrionum</strong></span> <span class='ocrx_word' id='word_1_40' title='bbox 575 719 833 776; x_wconf 86' lang='lat' dir='ltr'><strong>velutin</strong></span> <span class='ocrx_word' id='word_1_41' title='bbox 851 716 1078 793; x_wconf 85' lang='lat' dir='ltr'><strong>proelia</strong></span> <span class='ocrx_word' id='word_1_42' title='bbox 1108 721 1402 776; x_wconf 84' lang='lat' dir='ltr'><strong>convertit</strong></span> <span class='ocrx_word' id='word_1_43' title='bbox 1426 718 1776 794; x_wconf 81' lang='lat' dir='ltr'><strong>impunitate</strong></span> <span class='ocrx_word' id='word_1_44' title='bbox 1804 732 1862 777; x_wconf 91' lang='lat' dir='ltr'><strong>et</strong></span> <span class='ocrx_word' id='word_1_45' title='bbox 1882 729 2055 795; x_wconf 83' lang='lat' dir='ltr'><strong>prae&#39;-</strong></span> 
     </span>
     <span class='ocr_line' id='line_1_9' title="bbox 190 802 2056 883; baseline -0.001 -21"><span class='ocrx_word' id='word_1_46' title='bbox 190 807 359 877; x_wconf 84' lang='lat' dir='ltr'><strong>miis‚</strong></span> <span class='ocrx_word' id='word_1_47' title='bbox 426 817 601 883; x_wconf 84' lang='lat' dir='ltr'><strong>atque</strong></span> <span class='ocrx_word' id='word_1_48' title='bbox 638 804 761 878; x_wconf 92' lang='lat' dir='ltr'><strong>ipse</strong></span> <span class='ocrx_word' id='word_1_49' title='bbox 796 802 1059 859; x_wconf 74' lang='lat' dir='ltr'><strong>eccultus</strong></span> <span class='ocrx_word' id='word_1_50' title='bbox 1098 813 1155 859; x_wconf 85' lang='lat' dir='ltr'><strong>et</strong></span> <span class='ocrx_word' id='word_1_51' title='bbox 1177 802 1540 880; x_wconf 86' lang='lat' dir='ltr'><strong>‘plerumque</strong></span> <span class='ocrx_word' id='word_1_52' title='bbox 1576 825 1775 862; x_wconf 88' lang='lat' dir='ltr'><strong>coram</strong></span> <span class='ocrx_word' id='word_1_53' title='bbox 1809 824 2056 881; x_wconf 90' lang='lat' dir='ltr'><strong>prospe-</strong></span> 
     </span>
     <span class='ocr_line' id='line_1_10' title="bbox 191 887 2054 963; baseline -0.002 -14"><span class='ocrx_word' id='word_1_54' title='bbox 191 904 385 962; x_wconf 80' lang='lat' dir='ltr'><strong>ctanS,</strong></span> <span class='ocrx_word' id='word_1_55' title='bbox 425 892 612 948; x_wconf 89' lang='lat' dir='ltr'><strong>donec</strong></span> <span class='ocrx_word' id='word_1_56' title='bbox 635 888 896 945; x_wconf 87' lang='lat' dir='ltr'><strong>discordi</strong></span> <span class='ocrx_word' id='word_1_57' title='bbox 928 887 1151 963; x_wconf 83' lang='lat' dir='ltr'><strong>populo</strong></span> <span class='ocrx_word' id='word_1_58' title='bbox 1187 899 1246 945; x_wconf 91' lang='lat' dir='ltr'><strong>et</strong></span> <span class='ocrx_word' id='word_1_59' title='bbox 1280 889 1565 962; x_wconf 79' lang='lat' dir='ltr'><strong>gravioris</strong></span> <span class='ocrx_word' id='word_1_60' title='bbox 1592 903 1793 948; x_wconf 86' lang='lat' dir='ltr'><strong>motus</strong></span> <span class='ocrx_word' id='word_1_61' title='bbox 1828 901 2054 947; x_wconf 86' lang='lat' dir='ltr'><strong>terrore</strong></span> 
     </span>
     <span class='ocr_line' id='line_1_11' title="bbox 193 970 2056 1050; baseline -0.001 -16"><span class='ocrx_word' id='word_1_62' title='bbox 193 970 320 1039; x_wconf 82' lang='lat' dir='ltr'><strong>non</strong></span> <span class='ocrx_word' id='word_1_63' title='bbox 366 976 530 1034; x_wconf 78' lang='lat' dir='ltr'><strong>aliud</strong></span> <span class='ocrx_word' id='word_1_64' title='bbox 573 974 905 1032; x_wconf 87' lang='lat' dir='ltr'><strong>remedium</strong></span> <span class='ocrx_word' id='word_1_65' title='bbox 957 984 1260 1049; x_wconf 86' lang='lat' dir='ltr'><strong>repertum</strong></span> <span class='ocrx_word' id='word_1_66' title='bbox 1304 985 1416 1043; x_wconf 92' lang='lat' dir='ltr'><strong>est,</strong></span> <span class='ocrx_word' id='word_1_67' title='bbox 1481 994 1661 1050; x_wconf 88' lang='lat' dir='ltr'><strong>quam</strong></span> <span class='ocrx_word' id='word_1_68' title='bbox 1702 987 1771 1033; x_wconf 87' lang='lat' dir='ltr'><strong>ut</strong></span> <span class='ocrx_word' id='word_1_69' title='bbox 1810 971 2056 1033; x_wconf 85' lang='lat' dir='ltr'><strong>histrio-</strong></span> 
     </span>
     <span class='ocr_line' id='line_1_12' title="bbox 195 1054 2056 1136; baseline -0.001 -17"><span class='ocrx_word' id='word_1_70' title='bbox 195 1062 319 1126; x_wconf 83' lang='lat' dir='ltr'><strong>nes</strong></span> <span class='ocrx_word' id='word_1_71' title='bbox 345 1060 516 1122; x_wconf 87' lang='lat' dir='ltr'><strong>Italia</strong></span> <span class='ocrx_word' id='word_1_72' title='bbox 556 1060 922 1136; x_wconf 81' lang='lat' dir='ltr'><strong>pellerentur</strong></span> <span class='ocrx_word' id='word_1_73' title='bbox 979 1059 1267 1136; x_wconf 88' lang='lat' dir='ltr'><strong>milesque</strong></span> <span class='ocrx_word' id='word_1_74' title='bbox 1321 1054 1551 1116; x_wconf 87' lang='lat' dir='ltr'><strong>theatro</strong></span> <span class='ocrx_word' id='word_1_75' title='bbox 1607 1077 1848 1119; x_wconf 87' lang='lat' dir='ltr'><strong>rursum</strong></span> <span class='ocrx_word' id='word_1_76' title='bbox 1892 1061 2056 1119; x_wconf 76' lang='lat' dir='ltr'><strong>&#39;adsi-</strong></span> 
     </span>
     <span class='ocr_line' id='line_1_13' title="bbox 194 1148 1181 1207; baseline 0.003 -3"><span class='ocrx_word' id='word_1_77' title='bbox 194 1148 377 1207; x_wconf 87' lang='lat' dir='ltr'><strong>deret.</strong></span> <span class='ocrx_word' id='word_1_78' title='bbox 1178 1174 1181 1177; x_wconf 92' lang='lat'><em>·</em></span> 
     </span>
    </p>
   </div>
   <div class='ocr_carea' id='block_1_4' title="bbox 189 1253 2060 1677">
    <p class='ocr_par' dir='ltr' id='par_1_4' title="bbox 189 1253 2060 1677">
     <span class='ocr_line' id='line_1_14' title="bbox 361 1253 2059 1333; baseline -0.001 -18"><span class='ocrx_word' id='word_1_79' title='bbox 361 1254 587 1316; x_wconf 89' lang='lat' dir='ltr'><strong>XXVI.</strong></span> <span class='ocrx_word' id='word_1_80' title='bbox 650 1253 767 1313; x_wconf 91' lang='lat' dir='ltr'><strong>Per</strong></span> <span class='ocrx_word' id='word_1_81' title='bbox 791 1255 951 1313; x_wconf 89' lang='lat' dir='ltr'><strong>idem</strong></span> <span class='ocrx_word' id='word_1_82' title='bbox 974 1268 1208 1333; x_wconf 81' lang='lat' dir='ltr'><strong>tempus</strong></span> <span class='ocrx_word' id='word_1_83' title='bbox 1228 1268 1423 1315; x_wconf 86' lang='lat' dir='ltr'><strong>actum</strong></span> <span class='ocrx_word' id='word_1_84' title='bbox 1452 1257 1517 1312; x_wconf 89' lang='lat' dir='ltr'><strong>in</strong></span> <span class='ocrx_word' id='word_1_85' title='bbox 1544 1267 1753 1313; x_wconf 85' lang='lat' dir='ltr'><strong>senatu</strong></span> <span class='ocrx_word' id='word_1_86' title='bbox 1785 1256 1860 1314; x_wconf 91' lang='lat' dir='ltr'><strong>de</strong></span> <span class='ocrx_word' id='word_1_87' title='bbox 1893 1256 2059 1318; x_wconf 61' lang='lat' dir='ltr'><strong>frau—</strong></span> 
     </span>
     <span class='ocr_line' id='line_1_15' title="bbox 193 1342 2059 1421; baseline -0.002 -21"><span class='ocrx_word' id='word_1_88' title='bbox 193 1344 370 1400; x_wconf 83' lang='lat' dir='ltr'><strong>dibus</strong></span> <span class='ocrx_word' id='word_1_89' title='bbox 393 1343 749 1420; x_wconf 76' lang='lat' dir='ltr'><strong>libertorum</strong></span> <span class='ocrx_word' id='word_1_90' title='bbox 783 1343 1310 1421; x_wconf 84' lang='lat' dir='ltr'><strong>efflagitatumque,</strong></span> <span class='ocrx_word' id='word_1_91' title='bbox 1353 1354 1419 1400; x_wconf 89' lang='lat' dir='ltr'><strong>ut</strong></span> <span class='ocrx_word' id='word_1_92' title='bbox 1442 1343 1724 1399; x_wconf 89' lang='lat' dir='ltr'><strong>adversus</strong></span> <span class='ocrx_word' id='word_1_93' title='bbox 1748 1342 1903 1398; x_wconf 89' lang='lat' dir='ltr'><strong>male</strong></span> <span class='ocrx_word' id='word_1_94' title='bbox 1928 1358 2059 1397; x_wconf 62' lang='lat' dir='ltr'><strong>vme-a-</strong></span> 
     </span>
     <span class='ocr_line' id='line_1_16' title="bbox 189 1425 2060 1504; baseline -0.002 -19"><span class='ocrx_word' id='word_1_95' title='bbox 189 1429 338 1487; x_wconf 90' lang='lat' dir='ltr'><strong>ritos</strong></span> <span class='ocrx_word' id='word_1_96' title='bbox 361 1428 726 1486; x_wconf 82' lang='lat' dir='ltr'><strong>revocandae</strong></span> <span class='ocrx_word' id='word_1_97' title='bbox 760 1426 1049 1496; x_wconf 84' lang='lat' dir='ltr'><strong>libertatis</strong></span> <span class='ocrx_word' id='word_1_98' title='bbox 1072 1428 1164 1485; x_wconf 90' lang='lat' dir='ltr'><strong>ius</strong></span> <span class='ocrx_word' id='word_1_99' title='bbox 1186 1429 1453 1504; x_wconf 89' lang='lat' dir='ltr'><strong>patronis</strong></span> <span class='ocrx_word' id='word_1_100' title='bbox 1476 1429 1733 1495; x_wconf 87' lang='lat' dir='ltr'><strong>daretur.</strong></span> <span class='ocrx_word' id='word_1_101' title='bbox 1777 1425 1925 1503; x_wconf 23' lang='lat' dir='ltr'><strong>.N-ec</strong></span> <span class='ocrx_word' id='word_1_102' title='bbox 1954 1426 2060 1483; x_wconf 88' lang='lat' dir='ltr'><strong>de-</strong></span> 
     </span>
     <span class='ocr_line' id='line_1_17' title="bbox 193 1511 2058 1591; baseline -0.001 -21"><span class='ocrx_word' id='word_1_103' title='bbox 193 1525 361 1572; x_wconf 85' lang='lat' dir='ltr'><strong>erant</strong></span> <span class='ocrx_word' id='word_1_104' title='bbox 383 1515 489 1591; x_wconf 85' lang='lat' dir='ltr'><strong>qui</strong></span> <span class='ocrx_word' id='word_1_105' title='bbox 513 1525 834 1572; x_wconf 85' lang='lat' dir='ltr'><strong>censerent.</strong></span> <span class='ocrx_word' id='word_1_106' title='bbox 880 1514 980 1569; x_wconf 92' lang='lat' dir='ltr'><strong>sed</strong></span> <span class='ocrx_word' id='word_1_107' title='bbox 1008 1515 1276 1571; x_wconf 89' lang='lat' dir='ltr'><strong>consules</strong></span> <span class='ocrx_word' id='word_1_108' title='bbox 1291 1513 1641 1571; x_wconf 88' lang='lat' dir='ltr'><strong>relationem</strong></span> <span class='ocrx_word' id='word_1_109' title='bbox 1659 1511 1919 1590; x_wconf 82' lang='lat' dir='ltr'><strong>incipere</strong></span> <span class='ocrx_word' id='word_1_110' title='bbox 1933 1530 2058 1568; x_wconf 78' lang='lat' dir='ltr'><strong>non</strong></span> 
     </span>
     <span class='ocr_line' id='line_1_18' title="bbox 193 1598 2059 1677; baseline -0.001 -21"><span class='ocrx_word' id='word_1_111' title='bbox 193 1599 321 1658; x_wconf 86' lang='lat' dir='ltr'><strong>ausi</strong></span> <span class='ocrx_word' id='word_1_112' title='bbox 342 1600 550 1674; x_wconf 86' lang='lat' dir='ltr'><strong>ignaro</strong></span> <span class='ocrx_word' id='word_1_113' title='bbox 574 1598 844 1675; x_wconf 88' lang='lat' dir='ltr'><strong>principe</strong></span> <span class='ocrx_word' id='word_1_114' title='bbox 870 1599 1261 1677; x_wconf 88' lang='lat' dir='ltr'><strong>perscripsere</strong></span> <span class='ocrx_word' id='word_1_115' title='bbox 1284 1611 1483 1658; x_wconf 88' lang='lat' dir='ltr'><strong>tamen</strong></span> <span class='ocrx_word' id='word_1_116' title='bbox 1510 1618 1864 1657; x_wconf 90' lang='lat' dir='ltr'><strong>consensum</strong></span> <span class='ocrx_word' id='word_1_117' title='bbox 1889 1617 2059 1663; x_wconf 80' lang='lat' dir='ltr'><strong>sena-</strong></span> 
     </span>
    </p>
   </div>
   <div class='ocr_carea' id='block_1_5' title="bbox 195 1853 1095 2085">
    <p class='ocr_par' dir='ltr' id='par_1_5' title="bbox 195 1853 1095 2085">
     <span class='ocr_line' id='line_1_19' title="bbox 195 1853 1094 1911; baseline -0.001 -11"><span class='ocrx_word' id='word_1_118' title='bbox 195 1857 365 1906; x_wconf 11' lang='lat' dir='ltr'><strong>credo..</strong></span> <span class='ocrx_word' id='word_1_119' title='bbox 392 1907 394 1909; x_wconf 12' lang='lat' dir='ltr'>v</span> <span class='ocrx_word' id='word_1_120' title='bbox 419 1853 709 1900; x_wconf 85' lang='lat' dir='ltr'><strong>Vocabulum</strong></span> <span class='ocrx_word' id='word_1_121' title='bbox 746 1854 992 1911; x_wconf 80' lang='lat' dir='ltr'><strong>adagnitio</strong></span> <span class='ocrx_word' id='word_1_122' title='bbox 1027 1863 1094 1899; x_wconf 82' lang='lat' dir='ltr'><strong>est</strong></span> 
     </span>
     <span class='ocr_line' id='line_1_20' title="bbox 195 1913 1092 1973; baseline -0.002 -15"><span class='ocrx_word' id='word_1_123' title='bbox 195 1915 316 1973; x_wconf 87' lang='lat' dir='ltr'><strong>apud</strong></span> <span class='ocrx_word' id='word_1_124' title='bbox 338 1913 526 1956; x_wconf 78' lang='lat' dir='ltr'><strong>Tertull.</strong></span> <span class='ocrx_word' id='word_1_125' title='bbox 553 1913 656 1959; x_wconf 84' lang='lat' dir='ltr'><strong>adv.</strong></span> <span class='ocrx_word' id='word_1_126' title='bbox 681 1914 828 1957; x_wconf 85' lang='lat' dir='ltr'><strong>Marc.</strong></span> <span class='ocrx_word' id='word_1_127' title='bbox 849 1914 890 1963; x_wconf 85' lang='lat'><strong>4,</strong></span> <span class='ocrx_word' id='word_1_128' title='bbox 913 1914 983 1956; x_wconf 74' lang='lat'><strong>28.</strong></span> <span class='ocrx_word' id='word_1_129' title='bbox 1055 1915 1092 1956; x_wconf 89' lang='lat' dir='ltr'><strong>l.</strong></span> 
     </span>
     <span class='ocr_line' id='line_1_21' title="bbox 195 1970 1095 2017; baseline -0.004 -1"><span class='ocrx_word' id='word_1_130' title='bbox 195 1973 276 2017; x_wconf 83' lang='lat' dir='ltr'><strong>Fr.</strong></span> <span class='ocrx_word' id='word_1_131' title='bbox 308 1970 576 2016; x_wconf 85' lang='lat' dir='ltr'><strong>Gronovius</strong></span> <span class='ocrx_word' id='word_1_132' title='bbox 612 1971 812 2015; x_wconf 83' lang='lat' dir='ltr'><strong>coniecit</strong></span> <span class='ocrx_word' id='word_1_133' title='bbox 841 1973 1014 2013; x_wconf 85' lang='lat' dir='ltr'><strong>deinde</strong></span> <span class='ocrx_word' id='word_1_134' title='bbox 1049 1977 1095 2014; x_wconf 87' lang='lat' dir='ltr'><strong>et</strong></span> 
     </span>
     <span class='ocr_line' id='line_1_22' title="bbox 196 2029 434 2085; baseline -0.004 -12"><span class='ocrx_word' id='word_1_135' title='bbox 196 2029 434 2085; x_wconf 78' lang='lat' dir='ltr'><strong>agnitum.</strong></span> 
     </span>
    </p>
   </div>
   <div class='ocr_carea' id='block_1_6' title="bbox 202 2099 559 2154">
    <p class='ocr_par' dir='ltr' id='par_1_6' title="bbox 202 2099 559 2154">
     <span class='ocr_line' id='line_1_23' title="bbox 202 2099 559 2154; baseline 0 -12"><span class='ocrx_word' id='word_1_136' title='bbox 202 2128 207 2131; x_wconf 95' lang='lat'>-</span> <span class='ocrx_word' id='word_1_137' title='bbox 255 2099 559 2154; x_wconf 80' lang='lat' dir='ltr'><strong>gladiatores.</strong></span> 
     </span>
    </p>
   </div>
   <div class='ocr_carea' id='block_1_7' title="bbox 648 2097 1096 2143">
    <p class='ocr_par' dir='ltr' id='par_1_7' title="bbox 648 2097 1096 2143">
     <span class='ocr_line' id='line_1_24' title="bbox 648 2097 1096 2143; baseline 0.002 -2"><span class='ocrx_word' id='word_1_138' title='bbox 648 2097 730 2143; x_wconf 86' lang='lat' dir='ltr'><strong>Sic·</strong></span> <span class='ocrx_word' id='word_1_139' title='bbox 775 2097 917 2143; x_wconf 87' lang='lat' dir='ltr'><strong>MSS.</strong></span> <span class='ocrx_word' id='word_1_140' title='bbox 970 2099 1096 2143; x_wconf 82' lang='lat' dir='ltr'><strong>Flor.</strong></span> 
     </span>
    </p>
   </div>
   <div class='ocr_carea' id='block_1_8' title="bbox 94 2151 1094 2216">
    <p class='ocr_par' dir='ltr' id='par_1_8' title="bbox 94 2151 1094 2216">
     <span class='ocr_line' id='line_1_25' title="bbox 94 2151 1094 2216; baseline 0 -16"><span class='ocrx_word' id='word_1_141' title='bbox 94 2151 109 2171; x_wconf 40' lang='lat'><strong>&#39;¹</strong></span> <span class='ocrx_word' id='word_1_142' title='bbox 199 2157 318 2212; x_wconf 84' lang='lat' dir='ltr'><strong>(test.</strong></span> <span class='ocrx_word' id='word_1_143' title='bbox 342 2155 462 2200; x_wconf 81' lang='lat' dir='ltr'><strong>Vict.</strong></span> <span class='ocrx_word' id='word_1_144' title='bbox 497 2172 538 2199; x_wconf 89' lang='lat' dir='ltr'><strong>e.</strong></span> <span class='ocrx_word' id='word_1_145' title='bbox 559 2155 649 2214; x_wconf 68' lang='lat' dir='ltr'><strong>al.)</strong></span> <span class='ocrx_word' id='word_1_146' title='bbox 678 2155 796 2200; x_wconf 89' lang='lat' dir='ltr'><strong>Bud.</strong></span> <span class='ocrx_word' id='word_1_147' title='bbox 833 2158 935 2200; x_wconf 88' lang='lat' dir='ltr'><strong>edd.</strong></span> <span class='ocrx_word' id='word_1_148' title='bbox 975 2158 1094 2216; x_wconf 76' lang='lat' dir='ltr'><strong>Spir-</strong></span> 
     </span>
    </p>
   </div>
   <div class='ocr_carea' id='block_1_9' title="bbox 189 2214 1100 2789">
    <p class='ocr_par' dir='ltr' id='par_1_9' title="bbox 189 2214 1100 2789">
     <span class='ocr_line' id='line_1_26' title="bbox 197 2214 1096 2285; baseline 0 -27"><span class='ocrx_word' id='word_1_149' title='bbox 197 2214 377 2259; x_wconf 72' lang='lat' dir='ltr'><strong>Ernest.</strong></span> <span class='ocrx_word' id='word_1_150' title='bbox 407 2228 503 2285; x_wconf 60' lang='lat' dir='ltr'><strong>sqq:</strong></span> <span class='ocrx_word' id='word_1_151' title='bbox 523 2241 583 2250; x_wconf 84' lang='lat'><strong>--·</strong></span> <span class='ocrx_word' id='word_1_152' title='bbox 626 2216 945 2268; x_wconf 76' lang='lat' dir='ltr'><strong>gladiatorum</strong></span> <span class='ocrx_word' id='word_1_153' title='bbox 963 2214 1096 2258; x_wconf 88' lang='lat' dir='ltr'>MSS.</span> 
     </span>
     <span class='ocr_line' id='line_1_27' title="bbox 197 2270 1094 2316; baseline 0 -1"><span class='ocrx_word' id='word_1_154' title='bbox 197 2271 437 2315; x_wconf 33' lang='lat' dir='ltr'><strong>Bodl.⁴l·es.</strong></span> <span class='ocrx_word' id='word_1_155' title='bbox 455 2270 612 2315; x_wconf 65' lang='lat' dir='ltr'><strong>huelf.</strong></span> <span class='ocrx_word' id='word_1_156' title='bbox 641 2271 740 2315; x_wconf 87' lang='lat' dir='ltr'><strong>edd.</strong></span> <span class='ocrx_word' id='word_1_157' title='bbox 756 2271 859 2315; x_wconf 85' lang='lat' dir='ltr'><strong>Put.</strong></span> <span class='ocrx_word' id='word_1_158' title='bbox 883 2273 950 2316; x_wconf 89' lang='lat' dir='ltr'><strong>M.</strong></span> <span class='ocrx_word' id='word_1_159' title='bbox 976 2282 1019 2316; x_wconf 87' lang='lat' dir='ltr'><strong>et</strong></span> <span class='ocrx_word' id='word_1_160' title='bbox 1039 2273 1094 2315; x_wconf 90' lang='lat' dir='ltr'><strong>V.</strong></span> 
     </span>
     <span class='ocr_line' id='line_1_28' title="bbox 198 2328 1093 2389; baseline -0.002 -15"><span class='ocrx_word' id='word_1_161' title='bbox 198 2328 414 2374; x_wconf 77' lang='lat' dir='ltr'><strong>Beroald.</strong></span> <span class='ocrx_word' id='word_1_162' title='bbox 444 2328 549 2374; x_wconf 66' lang='lat' dir='ltr'><strong>Ale.</strong></span> <span class='ocrx_word' id='word_1_163' title='bbox 575 2328 722 2373; x_wconf 87' lang='lat' dir='ltr'><strong>Rhen.</strong></span> <span class='ocrx_word' id='word_1_164' title='bbox 745 2344 843 2388; x_wconf 86' lang='lat' dir='ltr'><strong>sqq.</strong></span> <span class='ocrx_word' id='word_1_165' title='bbox 866 2339 1016 2389; x_wconf 69' lang='lat' dir='ltr'><strong>*usque</strong></span> <span class='ocrx_word' id='word_1_166' title='bbox 1040 2329 1093 2372; x_wconf 85' lang='lat' dir='ltr'><strong>ad</strong></span> 
     </span>
     <span class='ocr_line' id='line_1_29' title="bbox 198 2385 1097 2445; baseline -0.003 -13"><span class='ocrx_word' id='word_1_167' title='bbox 198 2386 475 2432; x_wconf 71' lang='lat' dir='ltr'><strong>Ernesfium.</strong></span> <span class='ocrx_word' id='word_1_168' title='bbox 564 2385 825 2445; x_wconf 88' lang='lat' dir='ltr'><strong>Utrumque</strong></span> <span class='ocrx_word' id='word_1_169' title='bbox 883 2387 1097 2437; x_wconf 80' lang='lat' dir='ltr'><strong>latinum,</strong></span> 
     </span>
     <span class='ocr_line' id='line_1_30' title="bbox 198 2444 1098 2499; baseline -0.002 -10"><span class='ocrx_word' id='word_1_170' title='bbox 198 2445 278 2490; x_wconf 83' lang='lat' dir='ltr'><strong>sed</strong></span> <span class='ocrx_word' id='word_1_171' title='bbox 326 2446 650 2499; x_wconf 75' lang='lat' dir='ltr'><strong>gladiatorum</strong></span> <span class='ocrx_word' id='word_1_172' title='bbox 698 2459 794 2487; x_wconf 91' lang='lat' dir='ltr'><strong>non</strong></span> <span class='ocrx_word' id='word_1_173' title='bbox 835 2444 968 2489; x_wconf 88' lang='lat' dir='ltr'><strong>huius</strong></span> <span class='ocrx_word' id='word_1_174' title='bbox 1007 2444 1098 2489; x_wconf 87' lang='lat' dir='ltr'><strong>loci</strong></span> 
     </span>
     <span class='ocr_line' id='line_1_31' title="bbox 201 2501 1099 2559; baseline -0.003 -12"><span class='ocrx_word' id='word_1_175' title='bbox 201 2510 282 2547; x_wconf 84' lang='lat' dir='ltr'><strong>est.</strong></span> <span class='ocrx_word' id='word_1_176' title='bbox 371 2501 489 2546; x_wconf 86' lang='lat' dir='ltr'><strong>Nam</strong></span> <span class='ocrx_word' id='word_1_177' title='bbox 526 2505 778 2559; x_wconf 85' lang='lat' dir='ltr'><strong>plerosque</strong></span> <span class='ocrx_word' id='word_1_178' title='bbox 810 2504 1099 2558; x_wconf 76' lang='lat' dir='ltr'><strong>gladiatores</strong></span> 
     </span>
     <span class='ocr_line' id='line_1_32' title="bbox 203 2559 1097 2614; baseline -0.002 -10"><span class='ocrx_word' id='word_1_179' title='bbox 203 2567 271 2604; x_wconf 84' lang='lat' dir='ltr'><strong>est</strong></span> <span class='ocrx_word' id='word_1_180' title='bbox 286 2561 405 2602; x_wconf 78' lang='lat' dir='ltr'><strong>&#39;sehr</strong></span> <span class='ocrx_word' id='word_1_181' title='bbox 431 2561 520 2602; x_wconf 83' lang='lat' dir='ltr'><strong>viel</strong></span> <span class='ocrx_word' id='word_1_182' title='bbox 541 2559 879 2612; x_wconf 83' lang='lat' dir='ltr'><strong>Gladiatoren;</strong></span> <span class='ocrx_word' id='word_1_183' title='bbox 912 2563 1097 2614; x_wconf 87' lang='lat' dir='ltr'><strong>pleros-</strong></span> 
     </span>
     <span class='ocr_line' id='line_1_33' title="bbox 204 2617 1099 2674; baseline 0 -14"><span class='ocrx_word' id='word_1_184' title='bbox 204 2632 292 2674; x_wconf 85' lang='lat' dir='ltr'><strong>que</strong></span> <span class='ocrx_word' id='word_1_185' title='bbox 322 2619 669 2673; x_wconf 76' lang='lat' dir='ltr'><strong>gladiatorum,</strong></span> <span class='ocrx_word' id='word_1_186' title='bbox 707 2618 782 2660; x_wconf 86' lang='lat' dir='ltr'><strong>die</strong></span> <span class='ocrx_word' id='word_1_187' title='bbox 806 2618 1003 2661; x_wconf 85' lang='lat' dir='ltr'><strong>meisten</strong></span> <span class='ocrx_word' id='word_1_188' title='bbox 1024 2617 1099 2660; x_wconf 81' lang='lat' dir='ltr'><strong>Ge.</strong></span> 
     </span>
     <span class='ocr_line' id='line_1_34' title="bbox 189 2674 1100 2731; baseline -0.003 -12"><span class='ocrx_word' id='word_1_189' title='bbox 189 2674 266 2720; x_wconf 83' lang='lat' dir='ltr'><strong>cf.</strong></span> <span class='ocrx_word' id='word_1_190' title='bbox 299 2691 338 2718; x_wconf 86' lang='lat' dir='ltr'><strong>c.</strong></span> <span class='ocrx_word' id='word_1_191' title='bbox 362 2675 432 2718; x_wconf 74' lang='lat'><strong>27.</strong></span> <span class='ocrx_word' id='word_1_192' title='bbox 461 2676 684 2729; x_wconf 80' lang='lat' dir='ltr'><strong>plurimis</strong></span> <span class='ocrx_word' id='word_1_193' title='bbox 721 2677 952 2731; x_wconf 85' lang='lat' dir='ltr'><strong>equitum,</strong></span> <span class='ocrx_word' id='word_1_194' title='bbox 993 2678 1100 2731; x_wconf 82' lang='lat' dir='ltr'><strong>ple-</strong></span> 
     </span>
     <span class='ocr_line' id='line_1_35' title="bbox 205 2734 695 2789; baseline 0 -13"><span class='ocrx_word' id='word_1_195' title='bbox 205 2734 361 2789; x_wconf 77' lang='lat' dir='ltr'><strong>risque</strong></span> <span class='ocrx_word' id='word_1_196' title='bbox 381 2734 695 2777; x_wconf 71' lang='lat' dir='ltr'><strong>senatoribus.</strong></span> 
     </span>
    </p>
   </div>
   <div class='ocr_carea' id='block_1_10' title="bbox 203 2801 1101 2962">
    <p class='ocr_par' dir='ltr' id='par_1_10' title="bbox 203 2801 1101 2962">
     <span class='ocr_line' id='line_1_36' title="bbox 223 2801 1101 2860; baseline -0.001 -15"><span class='ocrx_word' id='word_1_197' title='bbox 223 2803 487 2860; x_wconf 12' lang='lat' dir='ltr'><strong>&amp;sinerenh</strong></span> <span class='ocrx_word' id='word_1_198' title='bbox 549 2801 604 2845; x_wconf 88' lang='lat' dir='ltr'><strong>H.</strong></span> <span class='ocrx_word' id='word_1_199' title='bbox 628 2818 666 2846; x_wconf 89' lang='lat' dir='ltr'><strong>e.</strong></span> <span class='ocrx_word' id='word_1_200' title='bbox 687 2817 782 2845; x_wconf 89' lang='lat' dir='ltr'><strong>non</strong></span> <span class='ocrx_word' id='word_1_201' title='bbox 806 2802 1101 2854; x_wconf 77' lang='lat' dir='ltr'><strong>adverterent,</strong></span> 
     </span>
     <span class='ocr_line' id='line_1_37' title="bbox 203 2859 1101 2919; baseline -0.002 -14"><span class='ocrx_word' id='word_1_202' title='bbox 203 2869 352 2919; x_wconf 78' lang='lat' dir='ltr'><strong>neque</strong></span> <span class='ocrx_word' id='word_1_203' title='bbox 391 2875 437 2903; x_wconf 86' lang='lat' dir='ltr'><strong>se</strong></span> <span class='ocrx_word' id='word_1_204' title='bbox 478 2859 802 2904; x_wconf 79' lang='lat' dir='ltr'><strong>immiscerent.</strong></span> <span class='ocrx_word' id='word_1_205' title='bbox 891 2860 1101 2905; x_wconf 78' lang='lat' dir='ltr'><strong>Muretus</strong></span> 
     </span>
     <span class='ocr_line' id='line_1_38' title="bbox 203 2916 870 2962; baseline 0.001 -1"><span class='ocrx_word' id='word_1_206' title='bbox 203 2919 374 2962; x_wconf 66' lang='lat' dir='ltr'><strong>frustra</strong></span> <span class='ocrx_word' id='word_1_207' title='bbox 395 2916 613 2961; x_wconf 83' lang='lat' dir='ltr'><strong>coniecit:</strong></span> <span class='ocrx_word' id='word_1_208' title='bbox 646 2925 870 2962; x_wconf 81' lang='lat' dir='ltr'><strong>sererent.</strong></span> 
     </span>
    </p>
   </div>
   <div class='ocr_carea' id='block_1_11' title="bbox 202 3000 1100 3347">
    <p class='ocr_par' dir='ltr' id='par_1_11' title="bbox 202 3000 1100 3347">
     <span class='ocr_line' id='line_1_39' title="bbox 263 3000 1100 3058; baseline -0.001 -12"><span class='ocrx_word' id='word_1_209' title='bbox 263 3002 540 3058; x_wconf 84' lang='lat' dir='ltr'><strong>inferebant.</strong></span> <span class='ocrx_word' id='word_1_210' title='bbox 613 3000 691 3045; x_wconf 87' lang='lat' dir='ltr'><strong>Sic</strong></span> <span class='ocrx_word' id='word_1_211' title='bbox 722 3000 859 3045; x_wconf 90' lang='lat' dir='ltr'><strong>MSS.</strong></span> <span class='ocrx_word' id='word_1_212' title='bbox 891 3002 1016 3045; x_wconf 87' lang='lat' dir='ltr'><strong>Flor.</strong></span> <span class='ocrx_word' id='word_1_213' title='bbox 1048 3002 1100 3057; x_wconf 90' lang='lat' dir='ltr'><strong>(t.</strong></span> 
     </span>
     <span class='ocr_line' id='line_1_40' title="bbox 206 3057 1097 3116; baseline -0.001 -13"><span class='ocrx_word' id='word_1_214' title='bbox 206 3059 349 3116; x_wconf 68' lang='lat' dir='ltr'><strong>V1ict.)</strong></span> <span class='ocrx_word' id='word_1_215' title='bbox 382 3059 497 3102; x_wconf 90' lang='lat' dir='ltr'><strong>Bud.</strong></span> <span class='ocrx_word' id='word_1_216' title='bbox 528 3057 681 3102; x_wconf 85' lang='lat' dir='ltr'><strong>Guelf.</strong></span> <span class='ocrx_word' id='word_1_217' title='bbox 709 3058 839 3102; x_wconf 86' lang='lat' dir='ltr'><strong>Harl.</strong></span> <span class='ocrx_word' id='word_1_218' title='bbox 862 3058 993 3102; x_wconf 86' lang='lat' dir='ltr'><strong>Bodl.</strong></span> <span class='ocrx_word' id='word_1_219' title='bbox 1018 3058 1097 3102; x_wconf 87' lang='lat' dir='ltr'><strong>les.</strong></span> 
     </span>
     <span class='ocr_line' id='line_1_41' title="bbox 205 3114 1097 3175; baseline -0.001 -15"><span class='ocrx_word' id='word_1_220' title='bbox 205 3117 309 3166; x_wconf 79' lang='lat' dir='ltr'><strong>edd.</strong></span> <span class='ocrx_word' id='word_1_221' title='bbox 336 3117 480 3160; x_wconf 84' lang='lat' dir='ltr'><strong>Rhen.</strong></span> <span class='ocrx_word' id='word_1_222' title='bbox 504 3115 610 3161; x_wconf 86' lang='lat' dir='ltr'><strong>Ald.</strong></span> <span class='ocrx_word' id='word_1_223' title='bbox 633 3115 729 3175; x_wconf 86' lang='lat' dir='ltr'><strong>Gry</strong></span> <span class='ocrx_word' id='word_1_224' title='bbox 765 3117 806 3160; x_wconf 87' lang='lat' dir='ltr'><strong>h.</strong></span> <span class='ocrx_word' id='word_1_225' title='bbox 827 3114 946 3174; x_wconf 87' lang='lat' dir='ltr'><strong>Lips.</strong></span> <span class='ocrx_word' id='word_1_226' title='bbox 964 3115 1097 3159; x_wconf 86' lang='lat' dir='ltr'><strong>Grut.</strong></span> 
     </span>
     <span class='ocr_line' id='line_1_42' title="bbox 202 3173 1096 3232; baseline 0.001 -16"><span class='ocrx_word' id='word_1_227' title='bbox 202 3202 262 3211; x_wconf 89' lang='lat'><strong>--</strong></span> <span class='ocrx_word' id='word_1_228' title='bbox 292 3177 564 3217; x_wconf 80' lang='lat' dir='ltr'><strong>inserebant</strong></span> <span class='ocrx_word' id='word_1_229' title='bbox 597 3173 697 3216; x_wconf 83' lang='lat' dir='ltr'><strong>MS.</strong></span> <span class='ocrx_word' id='word_1_230' title='bbox 775 3189 842 3232; x_wconf 84' lang='lat' dir='ltr'><strong>eg.</strong></span> <span class='ocrx_word' id='word_1_231' title='bbox 875 3175 945 3217; x_wconf 92' lang='lat' dir='ltr'><strong>ed.</strong></span> <span class='ocrx_word' id='word_1_232' title='bbox 977 3173 1096 3232; x_wconf 89' lang='lat' dir='ltr'><strong>Spir.</strong></span> 
     </span>
     <span class='ocr_line' id='line_1_43' title="bbox 205 3231 1096 3288; baseline 0 -14"><span class='ocrx_word' id='word_1_233' title='bbox 205 3240 249 3274; x_wconf 90' lang='lat' dir='ltr'><strong>et</strong></span> <span class='ocrx_word' id='word_1_234' title='bbox 273 3232 518 3275; x_wconf 83' lang='lat' dir='ltr'><strong>Broterius.</strong></span> <span class='ocrx_word' id='word_1_235' title='bbox 540 3258 600 3267; x_wconf 88' lang='lat'><strong>-—</strong></span> <span class='ocrx_word' id='word_1_236' title='bbox 624 3233 854 3288; x_wconf 83' lang='lat' dir='ltr'><strong>inferrent</strong></span> <span class='ocrx_word' id='word_1_237' title='bbox 880 3231 982 3275; x_wconf 88' lang='lat' dir='ltr'><strong>edd.</strong></span> <span class='ocrx_word' id='word_1_238' title='bbox 996 3233 1096 3274; x_wconf 84' lang='lat' dir='ltr'><strong>Put.</strong></span> 
     </span>
     <span class='ocr_line' id='line_1_44' title="bbox 203 3288 1097 3347; baseline 0.001 -17"><span class='ocrx_word' id='word_1_239' title='bbox 203 3288 271 3330; x_wconf 90' lang='lat' dir='ltr'><strong>M.</strong></span> <span class='ocrx_word' id='word_1_240' title='bbox 299 3298 343 3331; x_wconf 87' lang='lat' dir='ltr'><strong>et</strong></span> <span class='ocrx_word' id='word_1_241' title='bbox 367 3290 425 3331; x_wconf 92' lang='lat' dir='ltr'><strong>V.</strong></span> <span class='ocrx_word' id='word_1_242' title='bbox 457 3289 666 3332; x_wconf 87' lang='lat' dir='ltr'><strong>Beroald.</strong></span> <span class='ocrx_word' id='word_1_243' title='bbox 701 3289 807 3332; x_wconf 78' lang='lat' dir='ltr'><strong>Ale.</strong></span> <span class='ocrx_word' id='word_1_244' title='bbox 841 3288 968 3332; x_wconf 89' lang='lat' dir='ltr'><strong>Pich.</strong></span> <span class='ocrx_word' id='word_1_245' title='bbox 1001 3304 1097 3347; x_wconf 86' lang='lat' dir='ltr'><strong>sqq.</strong></span> 
     </span>
    </p>
   </div>
   <div class='ocr_carea' id='block_1_12' title="bbox 203 3344 1098 3405">
    <p class='ocr_par' dir='ltr' id='par_1_12' title="bbox 203 3344 1098 3405">
     <span class='ocr_line' id='line_1_45' title="bbox 203 3344 1098 3405; baseline -0.001 -17"><span class='ocrx_word' id='word_1_246' title='bbox 203 3344 386 3389; x_wconf 87' lang='lat' dir='ltr'><strong>Scilicet</strong></span> <span class='ocrx_word' id='word_1_247' title='bbox 433 3346 533 3402; x_wconf 86' lang='lat' dir='ltr'><strong>quia</strong></span> <span class='ocrx_word' id='word_1_248' title='bbox 588 3347 815 3405; x_wconf 86' lang='lat' dir='ltr'><strong>praecedit</strong></span> <span class='ocrx_word' id='word_1_249' title='bbox 866 3347 1098 3396; x_wconf 82' lang='lat' dir='ltr'><strong>sinerent,</strong></span> 
     </span>
    </p>
   </div>
   <div class='ocr_carea' id='block_1_13' title="bbox 1165 1823 2061 1958">
    <p class='ocr_par' dir='ltr' id='par_1_13' title="bbox 1165 1823 2061 1958">
     <span class='ocr_line' id='line_1_46' title="bbox 1165 1823 2061 1957; baseline -0.002 -57"><span class='ocrx_word' id='word_1_250' title='bbox 1165 1856 1375 1957; x_wconf 48' lang='lat' dir='ltr'><strong>‹sleflepan</strong></span> <span class='ocrx_word' id='word_1_251' title='bbox 1423 1856 1683 1914; x_wconf 81' lang='lat' dir='ltr'><strong>inferebant</strong></span> <span class='ocrx_word' id='word_1_252' title='bbox 1717 1854 1778 1898; x_wconf 85' lang='lat' dir='ltr'><strong>de</strong></span> <span class='ocrx_word' id='word_1_253' title='bbox 1808 1869 1895 1906; x_wconf 87' lang='lat' dir='ltr'><strong>eo,</strong></span> <span class='ocrx_word' id='word_1_254' title='bbox 1937 1823 2061 1912; x_wconf 69' lang='lat' dir='ltr'><strong>quod</strong></span> 
     </span>
     <span class='ocr_line' id='line_1_47' title="bbox 1182 1932 1314 1958; baseline 0.008 -1"><span class='ocrx_word' id='word_1_255' title='bbox 1182 1932 1220 1958; x_wconf 80' lang='lat' dir='ltr'><strong>le</strong></span> <span class='ocrx_word' id='word_1_256' title='bbox 1257 1932 1279 1957; x_wconf 74' lang='lat' dir='ltr'>a</span> <span class='ocrx_word' id='word_1_257' title='bbox 1302 1942 1314 1958; x_wconf 58' lang='grc' dir='ltr'><strong>ι</strong></span> 
     </span>
    </p>
   </div>
   <div class='ocr_carea' id='block_1_14' title="bbox 1168 1990 2061 2109">
    <p class='ocr_par' dir='ltr' id='par_1_14' title="bbox 1168 1990 2061 2109">
     <span class='ocr_line' id='line_1_48' title="bbox 1224 1990 2061 2053; baseline -0.006 -11"><span class='ocrx_word' id='word_1_258' title='bbox 1224 2007 1269 2042; x_wconf 83' lang='lat' dir='ltr'><strong>et</strong></span> <span class='ocrx_word' id='word_1_259' title='bbox 1295 1998 1537 2053; x_wconf 78' lang='lat' dir='ltr'><strong>gravioris.</strong></span> <span class='ocrx_word' id='word_1_260' title='bbox 1605 1990 1882 2048; x_wconf 86' lang='lat' dir='ltr'><strong>MSS.&#39;Bud.</strong></span> <span class='ocrx_word' id='word_1_261' title='bbox 1909 1992 2061 2038; x_wconf 82' lang='lat' dir='ltr'><strong>Guelf.</strong></span> 
     </span>
     <span class='ocr_line' id='line_1_49' title="bbox 1168 2051 2061 2109; baseline -0.006 -8"><span class='ocrx_word' id='word_1_262' title='bbox 1168 2057 1268 2101; x_wconf 89' lang='lat' dir='ltr'><strong>edd.</strong></span> <span class='ocrx_word' id='word_1_263' title='bbox 1290 2056 1435 2099; x_wconf 89' lang='lat' dir='ltr'><strong>Rhen.</strong></span> <span class='ocrx_word' id='word_1_264' title='bbox 1458 2055 1564 2099; x_wconf 89' lang='lat' dir='ltr'><strong>Ald.</strong></span> <span class='ocrx_word' id='word_1_265' title='bbox 1592 2069 1654 2098; x_wconf 73' lang='lat' dir='ltr'><strong>ex</strong></span> <span class='ocrx_word' id='word_1_266' title='bbox 1674 2053 1919 2109; x_wconf 79' lang='lat' dir='ltr'><strong>gravioris.</strong></span> <span class='ocrx_word' id='word_1_267' title='bbox 1947 2091 1949 2093; x_wconf 93' lang='lat'><strong>.</strong></span> <span class='ocrx_word' id='word_1_268' title='bbox 1973 2051 2061 2096; x_wconf 74' lang='lat' dir='ltr'><strong>ve.-</strong></span> 
     </span>
    </p>
   </div>
   <div class='ocr_carea' id='block_1_15' title="bbox 1168 2109 2030 2172">
    <p class='ocr_par' dir='ltr' id='par_1_15' title="bbox 1168 2109 2030 2172">
     <span class='ocr_line' id='line_1_50' title="bbox 1168 2109 2030 2172; baseline -0.008 -13"><span class='ocrx_word' id='word_1_269' title='bbox 1168 2124 1312 2159; x_wconf 76' lang='lat' dir='ltr'><strong>terem</strong></span> <span class='ocrx_word' id='word_1_270' title='bbox 1335 2114 1604 2172; x_wconf 85' lang='lat' dir='ltr'><strong>scripturam</strong></span> <span class='ocrx_word' id='word_1_271' title='bbox 1617 2111 1790 2170; x_wconf 90' lang='lat' dir='ltr'><strong>Lipsius</strong></span> <span class='ocrx_word' id='word_1_272' title='bbox 1814 2109 2030 2170; x_wconf 75' lang='lat' dir='ltr'><strong>reposuit.</strong></span> 
     </span>
    </p>
   </div>
   <div class='ocr_carea' id='block_1_16' title="bbox 1166 2194 2064 2819">
    <p class='ocr_par' dir='ltr' id='par_1_16' title="bbox 1166 2194 2064 2819">
     <span class='ocr_line' id='line_1_51' title="bbox 1224 2194 2062 2255; baseline -0.004 -13"><span class='ocrx_word' id='word_1_273' title='bbox 1224 2201 1463 2255; x_wconf 81' lang='lat' dir='ltr'><strong>milesque.</strong></span> <span class='ocrx_word' id='word_1_274' title='bbox 1509 2197 1584 2252; x_wconf 19' lang='lat' dir='ltr'><strong>,Ex</strong></span> <span class='ocrx_word' id='word_1_275' title='bbox 1603 2195 1823 2239; x_wconf 69' lang='lat' dir='ltr'><strong>Groslotii</strong></span> <span class='ocrx_word' id='word_1_276' title='bbox 1846 2194 2062 2253; x_wconf 71' lang='lat' dir='ltr'><strong>opinione</strong></span> 
     </span>
     <span class='ocr_line' id='line_1_52' title="bbox 1168 2253 2063 2317; baseline -0.002 -17"><span class='ocrx_word' id='word_1_277' title='bbox 1168 2258 1350 2317; x_wconf 85' lang='lat' dir='ltr'><strong>quidam</strong></span> <span class='ocrx_word' id='word_1_278' title='bbox 1381 2256 1538 2298; x_wconf 84' lang='lat' dir='ltr'><strong>volunt</strong></span> <span class='ocrx_word' id='word_1_279' title='bbox 1569 2257 1757 2297; x_wconf 67' lang='lat' dir='ltr'><strong>milesne</strong></span> <span class='ocrx_word' id='word_1_280' title='bbox 1786 2269 1870 2312; x_wconf 90' lang='lat' dir='ltr'><strong>pro</strong></span> <span class='ocrx_word' id='word_1_281' title='bbox 1899 2253 2063 2298; x_wconf 82' lang='lat' dir='ltr'><strong>miles-</strong></span> 
     </span>
     <span class='ocr_line' id='line_1_53' title="bbox 1168 2310 2062 2372; baseline -0.003 -13"><span class='ocrx_word' id='word_1_282' title='bbox 1168 2331 1273 2372; x_wconf 87' lang='lat' dir='ltr'><strong>que.</strong></span> <span class='ocrx_word' id='word_1_283' title='bbox 1366 2313 1460 2357; x_wconf 82' lang='lat' dir='ltr'><strong>Cur</strong></span> <span class='ocrx_word' id='word_1_284' title='bbox 1501 2312 1649 2364; x_wconf 88' lang='lat' dir='ltr'><strong>enim,</strong></span> <span class='ocrx_word' id='word_1_285' title='bbox 1699 2310 1848 2362; x_wconf 81' lang='lat' dir='ltr'><strong>aiunt,</strong></span> <span class='ocrx_word' id='word_1_286' title='bbox 1896 2310 2062 2357; x_wconf 70' lang='lat' dir='ltr'><strong>militen</strong></span> 
     </span>
     <span class='ocr_line' id='line_1_54' title="bbox 1166 2364 2063 2427; baseline -0.006 -11"><span class='ocrx_word' id='word_1_287' title='bbox 1166 2373 1343 2417; x_wconf 69' lang='lat' dir='ltr'><strong>theatro</strong></span> <span class='ocrx_word' id='word_1_288' title='bbox 1374 2370 1594 2422; x_wconf 86' lang='lat' dir='ltr'><strong>assidere,</strong></span> <span class='ocrx_word' id='word_1_289' title='bbox 1634 2370 1670 2413; x_wconf 87' lang='lat' dir='ltr'><strong>si</strong></span> <span class='ocrx_word' id='word_1_290' title='bbox 1696 2367 1936 2413; x_wconf 73' lang='lat' dir='ltr'><strong>histriones</strong></span> <span class='ocrx_word' id='word_1_291' title='bbox 1963 2364 2063 2427; x_wconf 56' lang='lat' dir='ltr'><strong>pult·</strong></span> 
     </span>
     <span class='ocr_line' id='line_1_55' title="bbox 1168 2425 2064 2486; baseline -0.004 -12"><span class='ocrx_word' id='word_1_292' title='bbox 1168 2430 1235 2476; x_wconf 79' lang='lat' dir='ltr'><strong>si?</strong></span> <span class='ocrx_word' id='word_1_293' title='bbox 1266 2457 1325 2467; x_wconf 90' lang='lat'><em>-</em></span> <span class='ocrx_word' id='word_1_294' title='bbox 1381 2428 1444 2473; x_wconf 88' lang='lat' dir='ltr'><strong>At</strong></span> <span class='ocrx_word' id='word_1_295' title='bbox 1474 2427 1574 2486; x_wconf 83' lang='lat' dir='ltr'><strong>quis</strong></span> <span class='ocrx_word' id='word_1_296' title='bbox 1608 2442 1808 2484; x_wconf 87' lang='lat' dir='ltr'><strong>unquam</strong></span> <span class='ocrx_word' id='word_1_297' title='bbox 1845 2425 1934 2470; x_wconf 78' lang='lat' dir='ltr'><strong>sibi</strong></span> <span class='ocrx_word' id='word_1_298' title='bbox 1958 2441 2064 2485; x_wconf 71' lang='lat' dir='ltr'><strong>per·</strong></span> 
     </span>
     <span class='ocr_line' id='line_1_56' title="bbox 1169 2482 2064 2541; baseline -0.007 -9"><span class='ocrx_word' id='word_1_299' title='bbox 1169 2487 1370 2533; x_wconf 86' lang='lat' dir='ltr'><strong>suadebit</strong></span> <span class='ocrx_word' id='word_1_300' title='bbox 1393 2485 1523 2528; x_wconf 88' lang='lat' dir='ltr'><strong>ludos</strong></span> <span class='ocrx_word' id='word_1_301' title='bbox 1550 2487 1595 2528; x_wconf 88' lang='lat' dir='ltr'><strong>in</strong></span> <span class='ocrx_word' id='word_1_302' title='bbox 1623 2485 1802 2528; x_wconf 80' lang='lat' dir='ltr'><strong>&#39;theatro</strong></span> <span class='ocrx_word' id='word_1_303' title='bbox 1831 2491 1947 2527; x_wconf 54' lang='lat' dir='ltr'><strong>tum,</strong></span> <span class='ocrx_word' id='word_1_304' title='bbox 1965 2482 2064 2541; x_wconf 85' lang='lat' dir='ltr'><strong>pul-</strong></span> 
     </span>
     <span class='ocr_line' id='line_1_57' title="bbox 1170 2540 2063 2590; baseline -0.006 -1"><span class='ocrx_word' id='word_1_305' title='bbox 1170 2543 1228 2590; x_wconf 77' lang='lat' dir='ltr'><strong>sis</strong></span> <span class='ocrx_word' id='word_1_306' title='bbox 1251 2543 1544 2588; x_wconf 85' lang='lat' dir='ltr'><strong>histrionibus</strong></span> <span class='ocrx_word' id='word_1_307' title='bbox 1563 2543 1774 2586; x_wconf 79' lang='lat' dir='ltr'><strong>desiisse?</strong></span> <span class='ocrx_word' id='word_1_308' title='bbox 1831 2540 2063 2584; x_wconf 81' lang='lat' dir='ltr'><strong>Immoin·</strong></span> 
     </span>
     <span class='ocr_line' id='line_1_58' title="bbox 1169 2599 2062 2660; baseline -0.009 -12"><span class='ocrx_word' id='word_1_309' title='bbox 1169 2604 1317 2660; x_wconf 77' lang='lat' dir='ltr'><strong>tellige</strong></span> <span class='ocrx_word' id='word_1_310' title='bbox 1364 2601 1518 2658; x_wconf 87' lang='lat' dir='ltr'><strong>pulsos</strong></span> <span class='ocrx_word' id='word_1_311' title='bbox 1567 2599 1828 2650; x_wconf 86' lang='lat' dir='ltr'><strong>histriones,</strong></span> <span class='ocrx_word' id='word_1_312' title='bbox 1877 2605 2062 2656; x_wconf 78' lang='lat' dir='ltr'><strong>propter</strong></span> 
     </span>
     <span class='ocr_line' id='line_1_59' title="bbox 1171 2656 2063 2721; baseline -0.009 -17"><span class='ocrx_word' id='word_1_313' title='bbox 1171 2676 1286 2721; x_wconf 86' lang='lat' dir='ltr'><strong>quos</strong></span> <span class='ocrx_word' id='word_1_314' title='bbox 1318 2658 1613 2702; x_wconf 83' lang='lat' dir='ltr'><strong>dissidebatur</strong></span> <span class='ocrx_word' id='word_1_315' title='bbox 1638 2658 1717 2710; x_wconf 85' lang='lat' dir='ltr'><strong>(sc.</strong></span> <span class='ocrx_word' id='word_1_316' title='bbox 1737 2656 2063 2709; x_wconf 70' lang='lat' dir='ltr'><strong>pantomimos</strong></span> 
     </span>
     <span class='ocr_line' id='line_1_60' title="bbox 1171 2712 2063 2771; baseline -0.007 -9"><span class='ocrx_word' id='word_1_317' title='bbox 1171 2720 1231 2763; x_wconf 86' lang='lat' dir='ltr'><strong>cf.</strong></span> <span class='ocrx_word' id='word_1_318' title='bbox 1261 2717 1327 2765; x_wconf 88' lang='lat'><strong>14,</strong></span> <span class='ocrx_word' id='word_1_319' title='bbox 1352 2717 1469 2771; x_wconf 74' lang='lat'><strong>21.);</strong></span> <span class='ocrx_word' id='word_1_320' title='bbox 1498 2714 1608 2758; x_wconf 84' lang='lat' dir='ltr'><strong>alios</strong></span> <span class='ocrx_word' id='word_1_321' title='bbox 1642 2724 1791 2757; x_wconf 76' lang='lat' dir='ltr'><strong>tamen</strong></span> <span class='ocrx_word' id='word_1_322' title='bbox 1816 2712 1950 2756; x_wconf 84' lang='lat' dir='ltr'><strong>ludos</strong></span> <span class='ocrx_word' id='word_1_323' title='bbox 1966 2727 2063 2758; x_wconf 78' lang='lat' dir='ltr'><strong>nou</strong></span> 
     </span>
     <span class='ocr_line' id='line_1_61' title="bbox 1172 2774 1377 2819; baseline -0.015 0"><span class='ocrx_word' id='word_1_324' title='bbox 1172 2774 1377 2819; x_wconf 82' lang='lat' dir='ltr'><strong>abolitos.</strong></span> 
     </span>
    </p>
   </div>
   <div class='ocr_carea' id='block_1_17' title="bbox 1167 2853 2064 3262">
    <p class='ocr_par' dir='ltr' id='par_1_17' title="bbox 1167 2853 2064 3262">
     <span class='ocr_line' id='line_1_62' title="bbox 1230 2853 2064 2912; baseline -0.005 -12"><span class='ocrx_word' id='word_1_325' title='bbox 1230 2856 1343 2901; x_wconf 78' lang='lat' dir='ltr'><strong>CAP.</strong></span> <span class='ocrx_word' id='word_1_326' title='bbox 1361 2855 1433 2899; x_wconf 73' lang='lat'><strong>26.</strong></span> <span class='ocrx_word' id='word_1_327' title='bbox 1469 2855 1691 2912; x_wconf 85' lang='lat' dir='ltr'><strong>patronis</strong></span> <span class='ocrx_word' id='word_1_328' title='bbox 1711 2857 1927 2897; x_wconf 82' lang='lat' dir='ltr'><strong>daretur.</strong></span> <span class='ocrx_word' id='word_1_329' title='bbox 1972 2853 2064 2896; x_wconf 85' lang='lat' dir='ltr'><strong>Vo-</strong></span> 
     </span>
     <span class='ocr_line' id='line_1_63' title="bbox 1172 2909 2063 2970; baseline -0.007 -10"><span class='ocrx_word' id='word_1_330' title='bbox 1172 2914 1385 2961; x_wconf 87' lang='lat' dir='ltr'><strong>cabulum</strong></span> <span class='ocrx_word' id='word_1_331' title='bbox 1400 2914 1620 2970; x_wconf 85' lang='lat' dir='ltr'><strong>patronis</strong></span> <span class='ocrx_word' id='word_1_332' title='bbox 1641 2913 1762 2956; x_wconf 88' lang='lat' dir='ltr'><strong>deest</strong></span> <span class='ocrx_word' id='word_1_333' title='bbox 1783 2913 1828 2955; x_wconf 88' lang='lat' dir='ltr'><strong>in</strong></span> <span class='ocrx_word' id='word_1_334' title='bbox 1841 2909 2063 2970; x_wconf 78' lang='lat' dir='ltr'><strong>MS.Reg.</strong></span> 
     </span>
     <span class='ocr_line' id='line_1_64' title="bbox 1171 2967 2061 3031; baseline -0.007 -14"><span class='ocrx_word' id='word_1_335' title='bbox 1171 2973 1240 3018; x_wconf 87' lang='lat' dir='ltr'><strong>ed.</strong></span> <span class='ocrx_word' id='word_1_336' title='bbox 1270 2972 1389 3031; x_wconf 84' lang='lat' dir='ltr'><strong>Spir.</strong></span> <span class='ocrx_word' id='word_1_337' title='bbox 1462 2971 1554 3014; x_wconf 87' lang='lat' dir='ltr'><strong>Pro</strong></span> <span class='ocrx_word' id='word_1_338' title='bbox 1584 2971 1785 3023; x_wconf 81' lang='lat' dir='ltr'><strong>incipere</strong></span> <span class='ocrx_word' id='word_1_339' title='bbox 1818 2969 1919 3012; x_wconf 89' lang='lat' dir='ltr'><strong>MS.</strong></span> <span class='ocrx_word' id='word_1_340' title='bbox 1949 2967 2061 3026; x_wconf 80' lang='lat' dir='ltr'><strong>Reg.</strong></span> 
     </span>
     <span class='ocr_line' id='line_1_65' title="bbox 1171 3026 2062 3084; baseline -0.007 -10"><span class='ocrx_word' id='word_1_341' title='bbox 1171 3032 1395 3084; x_wconf 82' lang='lat' dir='ltr'><strong>recipere.</strong></span> <span class='ocrx_word' id='word_1_342' title='bbox 1455 3029 1542 3072; x_wconf 90' lang='lat' dir='ltr'><strong>Sed</strong></span> <span class='ocrx_word' id='word_1_343' title='bbox 1570 3029 1627 3072; x_wconf 88' lang='lat' dir='ltr'><strong>cf.</strong></span> <span class='ocrx_word' id='word_1_344' title='bbox 1656 3029 1695 3079; x_wconf 85' lang='lat'><strong>5,</strong></span> <span class='ocrx_word' id='word_1_345' title='bbox 1714 3027 1755 3070; x_wconf 87' lang='lat'><strong>4.</strong></span> <span class='ocrx_word' id='word_1_346' title='bbox 1814 3026 1908 3071; x_wconf 87' lang='lat' dir='ltr'><strong>Pro</strong></span> <span class='ocrx_word' id='word_1_347' title='bbox 1934 3028 2062 3070; x_wconf 83' lang='lat' dir='ltr'><strong>rela-</strong></span> 
     </span>
     <span class='ocr_line' id='line_1_66' title="bbox 1172 3082 2062 3136; baseline -0.007 -5"><span class='ocrx_word' id='word_1_348' title='bbox 1172 3089 1350 3131; x_wconf 82' lang='lat' dir='ltr'><strong>tionem</strong></span> <span class='ocrx_word' id='word_1_349' title='bbox 1382 3087 1482 3131; x_wconf 91' lang='lat' dir='ltr'><strong>MS.</strong></span> <span class='ocrx_word' id='word_1_350' title='bbox 1518 3085 1670 3130; x_wconf 81' lang='lat' dir='ltr'><strong>Guelf.</strong></span> <span class='ocrx_word' id='word_1_351' title='bbox 1710 3085 1960 3136; x_wconf 85' lang='lat' dir='ltr'><strong>relatione,</strong></span> <span class='ocrx_word' id='word_1_352' title='bbox 1997 3082 2062 3129; x_wconf 83' lang='lat' dir='ltr'><strong>vi-</strong></span> 
     </span>
     <span class='ocr_line' id='line_1_67' title="bbox 1167 3139 2064 3202; baseline -0.008 -13"><span class='ocrx_word' id='word_1_353' title='bbox 1167 3147 1295 3189; x_wconf 86' lang='lat' dir='ltr'><strong>tiose.</strong></span> <span class='ocrx_word' id='word_1_354' title='bbox 1325 3145 1537 3201; x_wconf 81' lang='lat' dir='ltr'><strong>Litteram</strong></span> <span class='ocrx_word' id='word_1_355' title='bbox 1553 3151 1826 3202; x_wconf 84' lang='lat' dir='ltr'><strong>postremam</strong></span> <span class='ocrx_word' id='word_1_356' title='bbox 1841 3139 2064 3201; x_wconf 81' lang='lat' dir='ltr'><strong>absorpsit</strong></span> 
     </span>
     <span class='ocr_line' id='line_1_68' title="bbox 1168 3199 1924 3262; baseline -0.004 -17"><span class='ocrx_word' id='word_1_357' title='bbox 1168 3203 1314 3262; x_wconf 82' lang='lat' dir='ltr'><strong>prima</strong></span> <span class='ocrx_word' id='word_1_358' title='bbox 1339 3201 1506 3258; x_wconf 85' lang='lat' dir='ltr'><strong>syllaba</strong></span> <span class='ocrx_word' id='word_1_359' title='bbox 1532 3200 1760 3261; x_wconf 81' lang='lat' dir='ltr'><strong>sequentis</strong></span> <span class='ocrx_word' id='word_1_360' title='bbox 1783 3199 1924 3246; x_wconf 76' lang='lat' dir='ltr'><strong>verbi.</strong></span> 
     </span>
    </p>
   </div>
   <div class='ocr_carea' id='block_1_18' title="bbox 1169 3286 2063 3393">
    <p class='ocr_par' dir='ltr' id='par_1_18' title="bbox 1169 3286 2063 3393">
     <span class='ocr_line' id='line_1_69' title="bbox 1222 3286 2063 3341; baseline -0.004 -13"><span class='ocrx_word' id='word_1_361' title='bbox 1222 3286 1535 3341; x_wconf 81' lang='lat' dir='ltr'><strong>perscripsere</strong></span> <span class='ocrx_word' id='word_1_362' title='bbox 1582 3293 1742 3327; x_wconf 84' lang='lat' dir='ltr'><strong>tamen</strong></span> <span class='ocrx_word' id='word_1_363' title='bbox 1787 3295 2063 3326; x_wconf 78' lang='lat' dir='ltr'><strong>eonsensum</strong></span> 
     </span>
     <span class='ocr_line' id='line_1_70' title="bbox 1169 3342 2063 3393; baseline -0.002 -6"><span class='ocrx_word' id='word_1_364' title='bbox 1169 3352 1384 3387; x_wconf 81' lang='lat' dir='ltr'><strong>senatus.</strong></span> <span class='ocrx_word' id='word_1_365' title='bbox 1458 3343 1534 3387; x_wconf 87' lang='lat' dir='ltr'><strong>Sic</strong></span> <span class='ocrx_word' id='word_1_366' title='bbox 1570 3345 1636 3393; x_wconf 82' lang='lat'><strong>14,</strong></span> <span class='ocrx_word' id='word_1_367' title='bbox 1666 3342 1736 3384; x_wconf 86' lang='lat'><strong>49.</strong></span> <span class='ocrx_word' id='word_1_368' title='bbox 1767 3347 1820 3383; x_wconf 82' lang='lat' dir='ltr'><strong>at</strong></span> <span class='ocrx_word' id='word_1_369' title='bbox 1842 3342 2063 3385; x_wconf 66' lang='lat' dir='ltr'><strong>consules</strong></span> 
     </span>
    </p>
   </div>
   <div class='ocr_carea' id='block_1_19' title="bbox 203 3402 2062 3462">
    <p class='ocr_par' dir='ltr' id='par_1_19' title="bbox 203 3402 2062 3462">
     <span class='ocr_line' id='line_1_71' title="bbox 203 3402 2062 3462; baseline -0.002 -19"><span class='ocrx_word' id='word_1_370' title='bbox 203 3402 285 3444; x_wconf 69' lang='lat' dir='ltr'><strong>viri</strong></span> <span class='ocrx_word' id='word_1_371' title='bbox 309 3402 431 3444; x_wconf 80' lang='lat' dir='ltr'><strong>docti</strong></span> <span class='ocrx_word' id='word_1_372' title='bbox 460 3405 675 3460; x_wconf 83' lang='lat' dir='ltr'><strong>putabant</strong></span> <span class='ocrx_word' id='word_1_373' title='bbox 703 3403 958 3448; x_wconf 68' lang='lat' dir='ltr'><strong>necessario</strong></span> <span class='ocrx_word' id='word_1_374' title='bbox 985 3404 1098 3462; x_wconf 86' lang='lat' dir='ltr'><strong>poni</strong></span> <span class='ocrx_word' id='word_1_375' title='bbox 1164 3403 1386 3458; x_wconf 77' lang='lat' dir='ltr'><strong>perficere</strong></span> <span class='ocrx_word' id='word_1_376' title='bbox 1434 3407 1630 3444; x_wconf 84' lang='lat' dir='ltr'><strong>senatus</strong></span> <span class='ocrx_word' id='word_1_377' title='bbox 1679 3403 1916 3441; x_wconf 75' lang='lat' dir='ltr'><strong>decretum</strong></span> <span class='ocrx_word' id='word_1_378' title='bbox 1965 3413 2062 3440; x_wconf 79' lang='lat' dir='ltr'><strong>non</strong></span> 
     </span>
    </p>
   </div>
   <div class='ocr_carea' id='block_1_20' title="bbox 183 3459 1099 3633">
    <p class='ocr_par' dir='ltr' id='par_1_20' title="bbox 183 3459 1099 3633">
     <span class='ocr_line' id='line_1_72' title="bbox 183 3459 1097 3525; baseline 0 -23"><span class='ocrx_word' id='word_1_379' title='bbox 183 3459 443 3525; x_wconf 56' lang='lat' dir='ltr'><strong>‘zhffirrena</strong></span> <span class='ocrx_word' id='word_1_380' title='bbox 521 3460 611 3502; x_wconf 88' lang='lat' dir='ltr'><strong>Sed</strong></span> <span class='ocrx_word' id='word_1_381' title='bbox 641 3461 704 3504; x_wconf 83' lang='lat' dir='ltr'><strong>nil</strong></span> <span class='ocrx_word' id='word_1_382' title='bbox 735 3461 947 3522; x_wconf 85' lang='lat' dir='ltr'><strong>impedit,</strong></span> <span class='ocrx_word' id='word_1_383' title='bbox 989 3477 1097 3519; x_wconf 87' lang='lat' dir='ltr'><strong>quo·</strong></span> 
     </span>
     <span class='ocr_line' id='line_1_73' title="bbox 206 3518 1097 3577; baseline 0 -17"><span class='ocrx_word' id='word_1_384' title='bbox 206 3531 358 3560; x_wconf 77' lang='lat' dir='ltr'><strong>manus</strong></span> <span class='ocrx_word' id='word_1_385' title='bbox 379 3518 589 3560; x_wconf 80' lang='lat' dir='ltr'><strong>sinerent</strong></span> <span class='ocrx_word' id='word_1_386' title='bbox 612 3519 882 3577; x_wconf 87' lang='lat' dir='ltr'><strong>accipiamus</strong></span> <span class='ocrx_word' id='word_1_387' title='bbox 908 3518 964 3562; x_wconf 85' lang='lat' dir='ltr'><strong>de</strong></span> <span class='ocrx_word' id='word_1_388' title='bbox 988 3534 1097 3562; x_wconf 81' lang='lat' dir='ltr'><strong>oon·</strong></span> 
     </span>
     <span class='ocr_line' id='line_1_74' title="bbox 204 3572 1099 3633; baseline 0.007 -18"><span class='ocrx_word' id='word_1_389' title='bbox 204 3573 328 3626; x_wconf 64' lang='lat' dir='ltr'><strong>silio,</strong></span> <span class='ocrx_word' id='word_1_390' title='bbox 370 3588 464 3633; x_wconf 85' lang='lat' dir='ltr'><strong>quo</strong></span> <span class='ocrx_word' id='word_1_391' title='bbox 497 3572 619 3628; x_wconf 70' lang='lat' dir='ltr'><strong>Nero</strong></span> <span class='ocrx_word' id='word_1_392' title='bbox 653 3574 756 3619; x_wconf 76' lang='lat' dir='ltr'><strong>illos</strong></span> <span class='ocrx_word' id='word_1_393' title='bbox 787 3575 871 3619; x_wconf 83' lang='lat' dir='ltr'><strong>sibi</strong></span> <span class='ocrx_word' id='word_1_394' title='bbox 905 3575 1099 3620; x_wconf 86' lang='lat' dir='ltr'><strong>circum·</strong></span> 
     </span>
    </p>
   </div>
   <div class='ocr_carea' id='block_1_21' title="bbox 1169 3454 2064 3619">
    <p class='ocr_par' dir='ltr' id='par_1_21' title="bbox 1169 3454 2064 3619">
     <span class='ocr_line' id='line_1_75' title="bbox 1169 3454 2064 3510; baseline -0.002 -9"><span class='ocrx_word' id='word_1_395' title='bbox 1169 3460 1278 3502; x_wconf 80' lang='lat' dir='ltr'><strong>ausi</strong></span> <span class='ocrx_word' id='word_1_396' title='bbox 1305 3462 1363 3501; x_wconf 85' lang='lat' dir='ltr'><strong>de</strong></span> <span class='ocrx_word' id='word_1_397' title='bbox 1398 3472 1626 3501; x_wconf 77' lang='lat' dir='ltr'><strong>consensu</strong></span> <span class='ocrx_word' id='word_1_398' title='bbox 1664 3457 1900 3510; x_wconf 83' lang='lat' dir='ltr'><strong>scripsere.</strong></span> <span class='ocrx_word' id='word_1_399' title='bbox 1972 3454 2064 3499; x_wconf 82' lang='lat' dir='ltr'><strong>Ille</strong></span> 
     </span>
     <span class='ocr_line' id='line_1_76' title="bbox 1170 3512 2064 3561; baseline -0.003 -2"><span class='ocrx_word' id='word_1_400' title='bbox 1170 3526 1256 3561; x_wconf 84' lang='lat' dir='ltr'><strong>etc.</strong></span> <span class='ocrx_word' id='word_1_401' title='bbox 1318 3516 1455 3561; x_wconf 88' lang='lat' dir='ltr'><strong>MSS.</strong></span> <span class='ocrx_word' id='word_1_402' title='bbox 1483 3516 1600 3559; x_wconf 87' lang='lat' dir='ltr'><strong>Bud.</strong></span> <span class='ocrx_word' id='word_1_403' title='bbox 1626 3512 1776 3557; x_wconf 80' lang='lat' dir='ltr'><strong>Guelf.</strong></span> <span class='ocrx_word' id='word_1_404' title='bbox 1799 3514 1849 3556; x_wconf 83' lang='lat' dir='ltr'><strong>in</strong></span> <span class='ocrx_word' id='word_1_405' title='bbox 1870 3527 2064 3557; x_wconf 82' lang='lat' dir='ltr'><strong>consen-</strong></span> 
     </span>
     <span class='ocr_line' id='line_1_77' title="bbox 1170 3589 1292 3619; baseline -0.016 0"><span class='ocrx_word' id='word_1_406' title='bbox 1170 3589 1292 3619; x_wconf 82' lang='lat' dir='ltr'><strong>sum.</strong></span> 
     </span>
    </p>
   </div>
  </div>
 </body>
</html>
