2164 3990
207 204 293 269 86
873 148 1391 270 ANNALmM
1745 183 1979 290 Αϋῡξός

1745 258 1798 291 Α.
1822 252 1869 290 C.

379 334 543 397 XXI.
621 338 902 397 Traditus
959 349 1091 413 post
1132 335 1275 396 haec
1319 336 1703 399 Mithridates
1749 355 2067 422 vectusque

206 421 465 481 Romam
502 439 610 499 per
643 422 884 482 Iunium
916 421 1189 481 Cilonem
1220 437 1663 500 procuratorem
1699 425 1879 485 Ponti
1910 431 2070 487 fero-

209 508 334 567 cius
358 529 537 586 quam
560 530 668 584 pro
695 510 934 566 fortuna
959 508 1300 566 disseruisse
1323 512 1481 586 apud
1504 509 1812 568 Caesarem
1836 514 2068 572 fereba-

208 604 325 654 tur.
412 594 677 671 elataque
712 614 826 650 vox
864 594 989 650 eius
1029 593 1094 649 in
1129 595 1373 668 vulgum
1409 592 1569 652 hisce
1604 598 1828 654 verbis:
1891 619 2068 669 „non

208 699 389 750 „sum
428 680 704 736 remissus
735 680 810 735 ad
849 690 935 749 te,
992 679 1093 735 sed
1130 699 1424 737 reversus:
1481 682 1576 737 vel
1614 683 1664 738 si
1699 703 1824 740 non
1861 685 2070 755 credis,

207 764 484 836 „dimitte
514 776 572 822 et
599 783 829 841 quaere.
842 761 869 782 '¹
955 762 1145 822 Vultu
1171 785 1404 841 quoque
1430 766 1699 825 interrito
1732 769 2072 844 permansit,

209 871 345 907 cum
392 861 580 908 rostra
631 850 792 906 iuxta
835 850 1178 906 custodibus
1218 849 1610 908 circumdatus
1654 853 1811 910 visui
1846 854 2069 930 populo

206 936 603 1011 praeberetur.
690 932 1043 993 Consularia
1065 934 1320 1008 insignia
1342 932 1568 1006 Ciloni,
1612 935 1867 1015 Aquilae
1896 959 2071 1015 prae-

141 1028 143 1030 ’
208 1019 362 1079 toria
392 1022 836 1090 decernuntur.v

377 1103 573 1163 XXII.
659 1102 878 1161 Iisdem
912 1106 1254 1162 consulibus
1291 1116 1456 1162 atrox
1494 1106 1620 1163 odii
1645 1101 1978 1183 Agrippina
2005 1129 2072 1166 ac

204 1190 434 1249 Lolliae
470 1189 730 1260 infensa,
795 1191 955 1267 quod
1000 1211 1197 1247 secum
1240 1191 1313 1247 de
1357 1193 1739 1250 matrimonio
1786 1193 2074 1269 principis

207 1275 575 1344 cenavisset,
621 1275 865 1333 molitur
890 1277 1140 1334 crimina
1165 1287 1220 1333 et
1245 1290 1642 1355 accusatorem
1658 1324 1675 1347 ,
1720 1280 1826 1355 qui
1852 1278 2076 1335 obiice-

206 1372 296 1418 ret
318 1356 676 1430 Chaldae05‚
717 1380 948 1436 magos,
989 1362 1533 1439 interrogatumque
1558 1358 1859 1437 Apollinis
1888 1361 2075 1420 Clarii

207 1445 588 1502 simulacrum
626 1450 803 1522 super
840 1447 1066 1523 nuptiis
1099 1448 1490 1523 imperatoris,
1592 1445 1752 1505 Exin
1786 1446 2075 1506 Claudius

205 1530 474 1587 inaudita
531 1552 630 1587 rea
683 1532 868 1588 multa
912 1534 984 1588 de
1030 1533 1383 1590 claritudine
1429 1533 1551 1590 eius
1602 1535 1760 1609 apud
1806 1546 2074 1590 senatum

204 1617 527 1693 praefatus,
583 1636 784 1673 sorore
821 1616 892 1676 L.
928 1617 1166 1674 Volusii
1209 1618 1496 1692 genitam,
1551 1619 1838 1675 maiorem
1880 1619 1935 1674 ei
1966 1639 2074 1695 pa-

206 1713 408 1758 truum
425 1699 659 1759 Cottam
683 1700 1099 1759 Messallinum
1129 1723 1277 1772 esse,
1310 1701 1599 1759 Memmio
1637 1701 2074 1780 quondamRe-

207 1787 343 1864 gulo
383 1799 631 1865 nuptam
681 1783 846 1862 (nam
882 1789 955 1844 de
978 1787 1044 1848 C.
1068 1786 1333 1845 Caesaris
1362 1789 1588 1863 nuptiis
1624 1789 1891 1846 consulto
1933 1789 2076 1845 reti-

207 1869 432 1951 cebat),
475 1873 706 1928 addidit
733 1874 1065 1946 perniciosa
1100 1874 1164 1929 in
1194 1895 1320 1930 rem
1357 1874 1659 1948 publicam
1701 1873 1946 1942 consilia
1960 1906 1981 1942 ,=
2020 1885 2078 1930 et

205 1957 509 2015 materiem
549 1957 753 2013 sceleri
788 1954 1232 2020 detrahendam.
1340 1958 1519 2035 proin
1553 1959 1866 2035 publicatis
1901 1959 2076 2016 bonis

265 2166 380 2212 CAP.
403 2168 476 2211 21.
546 2171 808 2224 posthaec.
869 2167 953 2212 Ed.
984 2168 1101 2227 Spir.
1233 2170 1367 2212 exin.
1426 2167 1531 2212 MS.
1556 2167 1684 2212 Flor.
1713 2168 1764 2223 (t.
1787 2168 1840 2213 V.
1885 2170 2033 2212 exim.

202 2234 308 2281 post
330 2228 435 2269 hac.
1231 2227 1285 2269 L.
1312 2227 1504 2269 Volusii.
1578 2226 1663 2270 Ed.
1688 2225 1808 2286 Spir.
1877 2227 1962 2269 olii
1988 2241 2074 2269 vo-

259 2311 348 2351 ρει·
369 2296 568 2340 Iunium
595 2296 821 2340 Cilonem.
888 2297 966 2340 Sic
998 2297 1099 2340 edd.
1175 2285 1303 2327 Ῑυὸῖί·

124 2351 126 2354 ’
205 2354 332 2399 Pich.
361 2371 459 2413 sqq.
493 2383 552 2392 -
610 2354 746 2399 NISS,
785 2364 827 2398 et
858 2354 961 2398 edd,
995 2364 1099 2398 vest,
1232 2341 1572 2385 Messallinum.
1640 2340 1717 2384 Sic
1749 2340 1850 2385 edd.
1878 2349 2073 2386 recentt.

200 2427 291 2469 per
321 2412 362 2456 I.
392 2413 631 2456 Gelonem.
692 2413 896 2460 Correxit
927 2413 1102 2469 Lipsius
1175 2399 1280 2442 inde
1315 2415 1338 2440 ³
1371 2398 1490 2458 LlPS·
1528 2398 1689 2457 Prima·
1767 2398 2074 2442 Messalinum

205 2485 230 2514 e
250 2469 389 2515 Dion·
410 2471 481 2521 50,
504 2471 575 2515 33,
609 2472 795 2515 Cilones
826 2478 869 2512 et
901 2470 1006 2513 alibi
1039 2470 1104 2513 in,
1178 2456 1250 2499 ed.
1276 2456 1394 2513 Spir.
1471 2457 1746 2500 Messallam
1780 2455 1884 2500 MS.
1919 2455 2073 2500 Guelf.

205 2529 475 2581 veniuntur,
506 2546 599 2573 no„
630 2529 837 2571 colones·
1175 2513 1427 2557 Messalam
1460 2514 1562 2558 edd.
1587 2513 1689 2556 Put.
1717 2514 1786 2556 M.
1820 2523 1863 2556 et
1887 2513 1942 2557 V.
1971 2514 2072 2557 Ber.

265 2599 376 2644 CAP·
409 2599 480 2644 22·
543 2600 737 2643 Iisdem.
811 2600 945 2643 NISS
976 2599 1102 2643 Flor·
1177 2570 1440 2615 Ale.Rhen.
1470 2571 1569 2614 Ald.
1630 2570 1949 2613 Messallinam
1971 2570 2073 2614 MS.

205 2658 330 2712 (test.
358 2656 498 2713 Vici.)
525 2657 680 2701 Gueif.
716 2657 819 2701 edd.
854 2657 972 2715 spir.
1002 2658 1103 2700 Put.
1177 2629 1453 2727 Ffflgssjjssjg
1478 2627 1758 2728 V}3‘3)·Ms‘³sf·
1788 2629 1925 2728 {2¹2}
1954 2686 2057 2740 (test

206 2714 276 2758 M.
303 2723 347 2758 et
368 2713 426 2760 V.
450 2716 623 2764 isdem,
667 2723 714 2758 ut
738 2731 866 2773 saepe
894 2731 974 2774 per
996 2731 1102 2759 eon·
1459 2718 1468 2728 '
1753 2717 1764 2728 ⁸
1908 2718 1919 2729 '
2063 2718 2074 2728 ⁸

206 2771 720 2890 ffigjiffieggjsggfidem
754 2773 857 2817 edd·
893 2772 1101 2816 amam.
1176 2742 1731 2855 2⁷⁵&;{‚¹1}3{5;{,{“<‘²1·63‘³23¹:
1757 2742 2076 2845 ‘2252033253335

444 2901 453 2912 ,
788 2902 797 2911 ,
1070 2901 1079 2911 ,
1179 2857 1277 2902 Cal.
1314 2873 1353 2899 e.
1383 2857 1456 2901 25.
1514 2857 1603 2900 Dio
1639 2856 1802 2905 5212.
1885 2857 2076 2900 Mennio

265 2903 553 2947 consuhbus·
613 2901 696 2969 Εεὶ·
721 2903 841 2958 Spw·
879 2908 1101 2955 temport-
1177 2915 1279 2958 edd.
1307 2914 1428 2973 spir.
1462 2915 1565 2958 Put.
1595 2915 1662 2958 M.
1696 2924 1739 2959 et
1761 2915 1818 2959 v,
1839 2915 1943 2960 Ber.
1971 2914 2075 2959 Alc.

206 2960 307 3002 bus.
367 2957 439 3002 De
459 2975 507 3002 re
526 2958 587 3003 cf.
612 2959 701 3003 Dio
727 2960 796 3010 60,
819 2958 890 3001 32.
1176 2972 1325 3016 Rhen,
1358 2988 1457 3030 sqq,

263 3028 463 3073 Lolliae.
538 3030 614 3074 Sic
643 3031 744 3074 MS.
778 3030 903 3074 Flor.
933 3030 986 3082 (t.
1025 3027 1099 3082 V.)
1234 3031 1422 3085 nuptiis.
1483 3029 1623 3074 Abest
1647 3045 1669 3071 a
1694 3028 1798 3072 MS.
1818 3027 2073 3073 Farnesian.

207 3094 252 3129 et
284 3087 382 3130 edd.
415 3086 562 3131 Rhen.
604 3105 622 3130 s
658 3103 703 3145 q.
790 3087 970 3130 Priores
1003 3086 1103 3129 edd.
1237 3087 1501 3131 materiem.
1561 3086 1638 3131 sie
1660 3086 1760 3131 MS.
1788 3086 1915 3132 Flor.
1954 3087 2076 3141 (test.

208 3143 399 3193 Lanae,
431 3154 480 3189 ut
504 3146 607 3188 MS.
659 3144 790 3188 vuelf.
1180 3144 1318 3200 vict.)
1349 3144 1450 3189 edd.
1490 3144 1636 3186 Rhen.
1670 3160 1770 3202 sqq.
1845 3143 1907 3188 cf.
1939 3145 1980 3195 2,
2000 3142 2074 3186 26.

265 3215 442 3255 mago-s·-
503 3202 588 3246 Ed.
608 3202 725 3260 Spir.
753 3202 1022 3256 magistros.
1177 3202 1220 3252 S,
1245 3202 1317 3245 31.
1353 3211 1395 3244 et
1428 3201 1564 3254 alibi.
1582 3225 1640 3234 -—
1692 3202 1947 3244 materiam
1969 3200 2075 3243 MS.

265 3258 585 3303 simulacrum.
647 3261 722 3302 Sic
742 3260 879 3303 MSS.
904 3259 1026 3304 Flor.
1051 3260 1102 3313 (t.
1178 3258 1332 3302 Guelf.
1359 3259 1459 3302 edd.
1482 3260 1600 3317 Spir.
1622 3259 1724 3303 Put.
1751 3259 1822 3302 M.
1846 3266 1889 3301 et
1909 3258 1967 3302 V.
1993 3258 2075 3301 Be-

210 3312 288 3371 V.)
323 3313 476 3360 Guelf.
521 3317 624 3362 edd.
666 3318 783 3375 Spir.
827 3325 869 3360 et
913 3326 1102 3363 recenti.
1178 3317 1322 3362 roald.
1348 3317 1451 3364 Alc.

187 3371 314 3416 „inde
349 3388 373 3416 a
404 3372 524 3431 Lips.
565 3375 726 3429 prima.
771 3398 830 3408 -
907 3377 1110 3418 simula·-
1237 3374 1417 3417 sceleri.
1479 3374 1563 3417 Ed.
1589 3374 1620 3417 S
1655 3373 1708 3417 ir.
1732 3373 1958 3415 celeriter.

209 3430 378 3472 chrum
404 3431 505 3475 edd.
530 3433 633 3475 Put.
658 3433 725 3475 M.
755 3441 797 3476 et
821 3431 874 3477 V.
900 3433 1108 3477 Beroald.
1235 3433 1496 3486 publicatis.
1564 3391 1665 3474 MS.
1700 3431 1825 3475 Flor.
1859 3429 1976 3483 (test.
1999 3426 2078 3485 V.)

202 3485 314 3545 :Men
332 3487 478 3532 Rhen.
502 3489 606 3533 Ald.
667 3489 775 3535 Post
795 3492 1109 3535 simulacrum
1177 3490 1446 3548 puplicanis.
1502 3487 1561 3533 ef.
1584 3496 1679 3534 not.
1702 3487 1757 3533 ad
1781 3488 1848 3539 11,
1870 3485 1913 3532 3.
1972 3485 2078 3530 MS.

212 3544 281 3591 ed.
309 3545 431 3605 Spir.
454 3546 578 3590 addit
604 3546 766 3590 etiam.
1185 3546 1338 3605 Guelf.
1358 3548 1639 3601 publicatus.
