2164 3990
1644 218 1650 222 ·
1714 213 1838 258 mcv,
1863 215 1953 255 scm.
1986 190 2001 222 f

168 208 252 269 22
818 159 1353 270 ‘ANNALHJM
1718 256 1836 295 M,
1885 256 1947 305 ,λ

173 332 876 411 litiamaspernabantur.
921 335 1108 412 Igitur
1135 340 1445 399 exstructis
1470 346 1869 425 monimentis,
1903 353 2039 430 qui-

174 419 288 479 bus
316 440 455 496 opes
479 441 614 479 suas
638 422 961 482 testabatur
1001 441 1111 479 nec
1145 423 1427 503 cuiquam
1461 439 1596 487 ante
1609 428 2041 502 {Arsacidarum

174 504 398 563 tributa
429 505 549 563 illis
576 507 648 564 de
677 508 950 582 gentibus
988 518 1187 583 parta,
1237 513 1568 586 regreditur
1611 517 1820 592 ingens
1853 524 2042 599 gloria

175 602 352 667 atque
379 611 447 648 eo
471 592 723 650 ferocior
746 604 804 650 et
828 592 1104 650 subiectis
1127 593 1569 672 intolerantior,
1615 604 1721 680 qui
1741 606 2040 668 dolo-’ante

175 675 502 752 composito
549 677 854 735 incautum
899 677 1318 757 venationique
1367 682 1664 744 intentum
1700 677 2043 752 interfecere

174 760 429 837 primam
457 762 613 820 intra
643 761 973 832 iuventam,
1022 762 1124 819 sed
1155 764 1505 827 claritudine
1531 793 1750 848 paucos
1772 777 1928 835 inter
1952 799 2044 837 se.

175 865 322 902 num
361 866 593 922 regum,
649 848 699 905 si
735 846 982 923 perinde
1019 868 1283 906 amorem
1323 851 1478 911 inter
1511 861 1826 933 populares
1853 878 2042 940 'quam

174 942 400 988 metum
435 933 595 1008 apud
629 928 827 990 hostes
854 933 1254 1009 quaesivisset.
1340 935 1496 996 Nece
1519 939 1810 1003 Bardanis
1837 950 2045 1007 turba.

132 1027 137 1031 ’
174 1026 268 1073 tae
290 1014 653 1075 Parthorum
674 1037 766 1074 res
792 1017 948 1075 inter
973 1019 1313 1093 amingum,
1367 1024 1500 1099 quis
1526 1025 1593 1084 in
1616 1049 1865 1104 regnum
1888 1035 2044 1092 acci..

172 1112 429 1177 peretur.
514 1101 692 1160 multi
738 1104 814 1159 ad
848 1101 1167 1160 Gotarzem
1216 1105 1611 1182 inclinabant,
1677 1116 1921 1191 quidam
1967 1111 2062 1176 adst

173 1182 616 1258 Meherdatem,
674 1189 906 1265 prolem
942 1185 1250 1261 Phraati5‚
1313 1193 1547 1253 obsidio
1597 1199 1772 1257 nobis
1819 1202 2044 1267 datum.

208 1407 499 1454 exstructis.
560 1407 646 1452 Ed.
661 1407 782 1467 Spir.
806 1409 1038 1455 extinctis.

159 1512 164 1517 .
234 1478 543 1522 monimentis.
601 1477 679 1523 Sic
708 1478 808 1523 edd.
830 1479 948 1538 Lips.
972 1495 1070 1537 sqq.

174 1531 289 1577 Edd.
304 1534 404 1578 Put.
418 1535 484 1578 M.
497 1543 539 1579 et
550 1534 605 1579 V.
618 1535 828 1583 Beroald.
843 1553 950 1580 cum
964 1537 1070 1586 MS.

175 1589 330 1634 Guelf.
355 1595 694 1642 monumentis.
750 1594 802 1636 ln
829 1593 930 1637 edd.
953 1594 1072 1652 Spir.

173 1647 277 1692 Alc.
295 1649 436 1694 Rhen.
448 1650 556 1695 Ald.
572 1658 637 1696 est
652 1652 968 1701 munz'n‘zencis,
980 1650 1073 1695 vul·

176 1705 268 1764 gari
295 1705 581 1754 confusione.

1142 1425 1258 1477 cere.
1320 1412 1421 1456 MS.
1449 1412 1602 1459 Guelf.
1627 1417 1899 1475 interficere.
1928 1411 2043 1468 ⁴Ed.

1145 1469 1264 1526 Spir.
1294 1486 1427 1526 quem
1453 1503 1465 1516 .
1490 1505 1502 1517 .
1527 1504 1539 1517 .
1561 1476 1832 1534 nationique
1858 1510 1871 1522 .
1897 1511 1910 1524 .
1933 1513 1946 1526 .
1969 1484 2046 1524 in-

1146 1526 1444 1583 terfecerunt.

1203 1599 1389 1630 senum.
1447 1587 1532 1632 Ed.
1557 1588 1676 1648 Spir.
1702 1606 1755 1635 se
1784 1595 1878 1638 um‘.
1938 1594 2044 1641 MS.

1149 1640 1261 1709 Agr.
1288 1644 1502 1688 claritate
1529 1663 1707 1702 paucos
1730 1665 1876 1706 pares
1891 1651 2048 1710 stetisse
2084 1673 2092 1682 ’

1147 1714 1227 1740 um
1252 1714 1432 1754 regum.
1822 1731 1823 1735 =

172 1835 201 1883 b
229 1779 510 1876 scistabatur.
584 1778 686 1823 MS.
722 1778 874 1822 Guelf.
925 1786 1074 1822 testa*
1146 1760 1334 1858 ἠοζῇἶῖἰ
1372 1760 1542 1804 hostes.
1621 1761 1704 1807 Ed·
1747 1763 1868 1826 spir·
1923 1771 2048 1845 intes

202 1849 569 1950 “ssezlle'uiquann
631 1892 1070 1946 SieMSS.Flor.(t.
1203 1886 1327 1915 '²3⁶⁶’
1407 1872 1490 1924 Ed·
1534 1876 1742 1924 Beroald·
1795 1896 1882 1929 nec
1931 1884 2045 1930 vitio

174 1949 253 2006 ν.)
276 1949 395 1995 Bud.
425 1952 526 1994 edd.
542 1951 662 2009 Spir.
681 1952 826 1996 Rhen.
843 1949 949 1994 Ald.
973 1966 1072 2008 sqq.
1147 1945 1173 1971 ⁰
1211 1946 1406 1973 “sarum-

173 2022 279 2112 zach
291 2008 429 2110 εηιᾸνῖ,
443 2010 787 2112 οιιίιζῦιέηιρεάιῗὲ
810 2007 1004 2107 Ρυῑ.ΙέξΙ.
1033 2014 1077 2106 elt

218 2096 231 2109 .
284 2081 345 2108 er.
418 2082 459 2110 c.
503 2099 543 2109 .-
619 2098 628 2108 .
693 2083 745 2110 ue
785 2089 882 2109 .—
958 2080 1075 2107 1ess.

173 2123 339 2169 verba:
371 2138 457 2167 nee
474 2083 695 2180 :iniquam
725 2147 784 2156 -
809 2130 952 2176 parta
969 2138 1074 2180 par-

175 2181 344 2225 enthesi
384 2181 697 2226 circumdedit.
762 2180 930 2223 Verum
965 2180 1074 2224 haec

171 2238 308 2281 etiam
331 2238 558 2287 Bardanes
580 2237 872 2285 monimentis
895 2236 982 2280 illis
1003 2245 1073 2280 te-

173 2296 390 2343 Stabaturo

225 2362 391 2408 panta.
451 2352 527 2397 Sic
547 2351 652 2399 MS.
677 2352 795 2397 Bud.
823 2369 848 2396 a
882 2367 973 2395 sec.
1009 2366 1073 2393 m.

175 2410 396 2456 edd-Ald.
413 2409 538 2457 Pich.
560 2426 659 2468 sqq.
682 2437 740 2454 .-
771 2417 948 2466 parata
971 2408 1075 2451 MS.

174 2466 328 2512 Guelf.
344 2469 443 2511 edd.
455 2467 572 2526 Spir.
584 2470 688 2513 Put.
701 2468 770 2511 M.
785 2476 828 2516 et
839 2468 954 2515 Ven.
971 2466 1075 2513 Ber.

173 2525 278 2571 Alc.
318 2525 464 2570 Rhen.
508 2526 626 2585 Lips.
660 2525 845 2572 Gruter.

174 2639 430 2693 adnotavit,
475 2656 624 2700 neque
659 2651 810 2686 tamen
845 2655 944 2682 eam
989 2653 1076 2685 vo-

177 2712 278 2746 cem
310 2699 400 2753 (an.
437 2697 581 2756 1535.)
616 2699 771 2748 edidit.
843 2694 1075 2740 Victorius

172 2763 352 2810 parata
371 2755 418 2802 in
440 2771 506 2802 ex.
527 2771 610 2800 suo
623 2754 831 2802 Beroald.
853 2754 1076 2803 intactum

174 2812 372 2870 reliquit.
442 2812 612 2861 Eadem
646 2811 857 2859 confusio
891 2811 937 2854 in
970 2819 1074 2859 vett,

174 2869 302 2918 libri-s
325 2870 502 2930 saepius
523 2871 655 2919 redit.
716 2870 801 2915 Hic
834 2868 923 2917 loci
957 2866 1073 2913 haud

176 2927 312 2972 dubie
344 2927 507 2975 melius
545 2927 710 2975 dicitur
747 2935 895 2983 parta
939 2939 1075 2981 quam

169 2992 351 3042 parata
373 2986 431 3032 ob
457 2986 851 3031 constructionem
871 2986 930 3026 de
951 2996 1075 3036 gen-

175 3043 309 3086 tibus.

230 3101 575 3150 intolerantior.
667 3100 745 3145 Sic
803 3097 910 3144 libri
966 3104 1074 3143 vett·

209 3166 395 3200 uantum
448 3167 625 3205 constat
682 3173 839 3203 omnes
901 3162 1075 3212 praeter

173 3172 406 3271 318.Agr.
439 3214 487 3264 in
520 3232 610 3273 quo
648 3223 713 3263 est
743 3213 1075 3258 intolerabilior

177 3287 229 3313 ex
253 3271 667 3329 interpretamento.
702 3269 953 3316 Olim-linus
976 3284 1073 3312 sua-

178 3328 312 3375 dente
338 3326 502 3372 Grotio
535 3330 732 3377 ediderat
763 3328 1072 3373 intoleratz'or.

175 3384 386 3430 Veterem
410 3385 676 3445 scripturam
702 3385 939 3430 restituere
961 3383 1072 3427 Bek-

175 3441 273 3492 ker.
313 3450 356 3487 et
386 3444 723 3493 Liinemannus.
782 3443 841 3487 cf.
884 3450 980 3490 not.
1017 3440 1072 3484 ad

176 3498 220 3553 5»
246 3500 317 3551 45-

240 3560 426 3624 qui...

455 3557 781 3615 venationique
819 3590 829 3601 .
856 3590 866 3603 .
899 3557 1078 3616 interse-

929 2523 1060 2568 Rhen
1074 2549 1082 2563 .

168 2590 319 2639 parta
359 2583 604 2641 legendum
649 2600 742 2628 esse
774 2583 822 2627 in
857 2581 1092 2639 castigatt„

1494 1931 1700 1980 Correxit
1742 1937 1974 1992 Victorius
2021 1959 2047 1987 e

1150 1986 1179 2029 Β
1206 1986 1250 2029 S.
1271 1986 1394 2029 Flor.
1418 2003 1546 2032 nece.
2048 2011 2050 2015 ’

1206 2044 1464 2091 Bardanis.
1526 2048 1611 2092 Ed.
1637 2049 1756 2109 Spir.
1782 2052 1855 2099 hic
1875 2051 2046 2100 hardiz-

1149 2102 1222 2144 nis
1234 2135 1246 2154 ,
1289 2119 1427 2160 quum
1463 2121 1598 2165 supra
1623 2109 1840 2156 scriberet
1863 2117 2044 2160 vardd-
2121 2120 2129 2123 ’

1149 2173 1244 2204 nes.

1206 2234 1429 2275 turbatae
1452 2235 1500 2278 P.
1526 2250 1619 2279 res.
1679 2237 1762 2281 Ed.
1791 2240 1907 2298 Spir.
1941 2249 2044 2286 tur-

1144 2289 1283 2332 batus
1301 2305 1350 2344 p.
1375 2304 1480 2335 rex.
1539 2293 1649 2337 Mox
1672 2296 1880 2346 Muretus
1914 2299 2048 2350 vole-

1147 2347 1222 2390 bat
1245 2347 1541 2405 distinguere:
1564 2367 1653 2397 res.
1683 2353 1820 2397 Inter
1838 2387 1897 2406 Η,
1921 2361 2044 2405 aoei-

1143 2413 1362 2458 peretur‚
1417 2410 1563 2456 multi*
1594 2418 1679 2457 etc.
1749 2412 2047 2474 Kiesslingius

1149 2462 1332 2506 Mureto
1351 2466 1512 2521 paruit.
1541 2467 1781 2525 Vulgatam
1799 2471 2047 2522 distinctio·

1150 2537 1254 2565 nem
1287 2530 1473 2565 tuentur
1506 2533 1610 2569 vett.
1644 2527 1746 2571 edd.
1807 2528 1878 2571 De
1910 2547 2043 2590 prae-

1150 2595 1249 2638 pos.
1274 2581 1400 2622 inter
1421 2581 1511 2624 vid.
1540 2591 1635 2630 not.
1660 2583 1714 2626 ad
1739 2600 1781 2629 c.
1806 2585 1846 2634 8.

1208 2654 1255 2694 in
1299 2667 1515 2704 regnum.
1597 2651 1672 2699 Sic
1717 2653 1816 2697 edd.
1858 2667 2046 2706 recentt.

1149 2709 1298 2767 Lipsio
1340 2717 1540 2777 auctore.
1631 2709 1751 2755 Vett.
1799 2711 1903 2757 libri
1958 2717 2047 2760 mei

1150 2783 1310 2835 omnes
1361 2781 1410 2809 m
1460 2780 1631 2821 regno,

1148 2842 1309 2884 prima.
1374 2851 1378 2855 ·

1199 2899 1384 2951 prolem
1409 2895 1644 2941 Phraatis.
1705 2898 1765 2943 cf.
1797 2899 1860 2951 12,
1886 2901 1958 2945 10.

1700 2778 1742 2813 et
1793 2770 1858 2815 sic
1907 2772 2045 2832 Lipsii

1206 2968 1403 3011 obsidio.
1461 2967 1650 3013 Noviter
1673 2968 1843 3014 dietum
1867 2969 2044 3013 etHillo

1151 3025 1467 3082 vituperatum.
1557 3025 1700 3069 Buhle
1759 3035 1835 3070 aut
1886 3027 2045 3071 vitium

1150 3099 1244 3127 esse
1285 3082 1331 3124 in
1369 3090 1515 3134 textu,
1562 3092 1637 3127 aut
1673 3085 1904 3128 obsidium
1950 3101 2046 3129 esse

1149 3141 1322 3185 dietum
1349 3156 1433 3199 pro
1466 3142 1651 3190 obside,
1681 3151 1730 3185 ut
1751 3158 1785 3197 p
1814 3143 2045 3186 aesidium

1147 3214 1230 3257 pro
1258 3199 1494 3253 praeside.
1554 3199 1642 3242 Sed
1673 3201 1773 3243 obsi
1804 3216 1846 3243 ιο
1875 3204 2045 3242 datum

1147 3256 1301 3301 eodem
1328 3256 1423 3299 iure
1447 3254 1613 3298 dieitur
1639 3273 1692 3300 ac
1723 3259 1928 3311 coniugio
1961 3275 2044 3301 ae-

1144 3314 1263 3367 eepit
1282 3313 1324 3364 6,
1335 3313 1407 3357 20.
1427 3320 1468 3356 et
1485 3315 1725 3367 praesidio
1741 3314 1932 3369 Africae
1953 3319 2041 3358 du-

1144 3372 1338 3413 cebatur
1360 3370 1400 3422 3,
1426 3372 1477 3422 9;
1523 3379 1630 3413 eunt
1651 3372 1855 3414 subsidio
1880 3371 1972 3417 Liv.
2001 3375 2042 3426 2,

1152 3427 1231 3479 533
1288 3427 1526 3483 praesidio
1589 3429 1826 3484 relinquit.
1912 3429 2039 3474 Cae...

1151 3486 1205 3529 Β.
1219 3483 1288 3538 ’.6.
1312 3486 1357 3540 7,
1381 3485 1461 3542 6o;
1500 3487 1667 3529 habere
1700 3490 1916 3542 quaestui
1941 3503 2042 3538 rem

1147 3543 1382 3599 publicam
1407 3542 1502 3592 Cic.
1523 3542 1612 3590 Off.
1637 3544 1679 3603 2,
1698 3545 1785 3604 22.¹
