2164 3990
599 198 779 262 ΜΒ.
806 197 972 259 x1v.
1000 165 1007 177 ⁹
1057 163 1253 260 cA'p.
1282 197 1385 262 45.
1415 182 1516 262 46.
1858 211 1990 270 293.

276 329 482 394 ⁴XLV.
537 327 878 388 Sententiae
901 326 1117 399 Cassii,
1162 340 1229 387 ut
1258 351 1433 388 nemo
1471 351 1625 389 unus
1655 347 1859 394 contra
1894 339 1981 396 ire

123 437 296 478 ausus
320 426 434 486 est,
475 415 558 472 ita
585 414 854 471 dissonae
882 434 1053 470 voces
1077 415 1514 490 respondebant
1539 436 1854 478 numerum
1876 435 1979 481 aut

121 514 367 561 aetatem
414 511 516 557 aut
561 518 759 555 sexum
792 518 858 554 ac
896 499 1294 573 plurimorum
1329 500 1641 558 indubiam
1688 504 1976 564 innocen-

119 590 264 646 tiam
295 584 725 643 miserantium.
820 582 1160 642 Praevaluit
1192 597 1390 644 tamen
1433 606 1597 661 parS,
1650 609 1800 666 quae
1833 612 1974 668 sup-

117 672 363 749 plicium
389 670 755 728 decernebat.
842 670 944 725 sed
971 671 1368 745 obtemperari
1404 692 1529 729 non
1561 684 1792 748 poterat
1828 698 1972 733 con-

115 758 350 831 globata
390 753 775 824 multitudine
815 764 873 811 et
907 773 1042 812 saxa
1078 775 1165 816 ac-
1185 756 1340 812 faces
1380 756 1711 819 minitante.
1810 758 1970 819 Tum

114 841 328 900 Caesar
357 840 646 916 populum
685 838 875 895 edicto
910 839 1203 914 increpuit
1237 852 1412 918 atque
1448 863 1623 900 omne
1657 843 1795 915 iter,
1849 867 1967 923 quo

111 926 375 984 damnati
417 926 492 982 ad
524 944 777 1000 poenam
818 925 1210 995 ducebantur,
1265 927 1624 985 militaribus
1661 931 1970 1004 praesidiis

115 1011 311 1088 sepsit.
396 1008 719 1068 Censuerat
753 1006 1080 1082 Cingonius
1114 1008 1336 1080 Varr0‚
1377 1021 1445 1069 ut
1479 1012 1680 1072 liberti
1715 1035 1967 1093 quoque,

112 1097 214 1174 qui
250 1097 360 1153 sub
396 1096 604 1152 eodem
629 1106 778 1174 tecto
811 1095 1088 1164 fuissent,
1143 1092 1313 1151 ltalia
1348 1096 1814 1171 deportarentur.
1901 1101 1964 1158 id

112 1204 146 1239 a
167 1181 434 1258 principe
467 1176 839 1255 prohibitum
867 1191 979 1249 est,
1020 1200 1096 1234 ne
1131 1199 1260 1236 mos
1296 1182 1603 1257 antiqUUS,
1645 1205 1818 1260 quem
1850 1187 1966 1242 mi-

110 1267 427 1324 sericordia
453 1285 578 1321 non
601 1264 927 1333 minuerat,
967 1284 1076 1338 per
1105 1265 1405 1322 saevitiam
1430 1266 1860 1329 incenderetur.
2001 1327 2003 1329 .

277 1348 494 1409 XLVI.
578 1347 908 1405 Damnatus
958 1348 1170 1404 iisdem
1224 1351 1565 1408 consulibus
1616 1350 1964 1432 Tarquitius

50 1431 53 1435 ’
104 1436 340 1493 Priscus
386 1434 849 1510 repetundarum
886 1429 1167 1510 Bithynis
1213 1436 1962 1514 interrogantibusmagno

102 1533 337 1598 patrum
373 1520 617 1595 gaudi0‚
679 1518 817 1598 quia
866 1530 1199 1577 accusatum
1241 1521 1314 1578 ab
1355 1542 1422 1578 eo
1455 1520 1758 1580 Statilium
1797 1523 1962 1587 Tau-

210 201 264 238 A.
277 198 330 234 U.
346 197 429 232 81⁵.

211 243 266 280 A.
283 242 331 278 C.
369 240 430 276 62.

1122 1768 1466 1812 incenderetur.
1527 1768 1604 1814 Sic.
1626 1768 1763 1814 MSS.
1788 1777 1831 1813 et
1855 1775 1957 1812 vett.

1065 1825 1165 1869 edd.
1234 1825 1428 1868 Pichena
1465 1833 1641 1878 tamen,
1685 1842 1820 1893 quem
1853 1826 1956 1869 dein

1066 1898 1222 1924 omnes
1247 1882 1389 1926 secuti
1409 1890 1539 1934 sunt,
1568 1891 1739 1941 reeeput
1750 1881 1958 1926 Rhenani

1063 1947 1108 1982 et
1131 1939 1328 1982 Merceri
1359 1941 1667 1983 coniecturam
1689 1940 1954 1983 intendere-

1063 2002 1155 2039 tur.
1212 1997 1411 2039 Frustra.
1464 1996 1579 2040 Nam
1601 2005 1846 2054 utrumque
1863 2013 1955 2038 ver-

162 1767 274 1812 CAP.
301 1766 374 1810 45.
424 1780 563 1808 nemo
584 1780 716 1808 unus.
763 1765 994 1810 MS.B11d.

104 1841 241 1868 nemo
265 1827 427 1868 bonus.
485 1823 537 1866 In
559 1824 660 1867 MS.
681 1822 835 1865 Guelf.
861 1823 994 1866 hodie

103 1883 266 1930 legitur
299 1896 419 1925 unus
448 1881 503 1924 ab
537 1897 624 1925 sec.
656 1881 818 1924 manu:
868 1881 992 1938 prius

103 1929 249 1984 fuerat
267 1941 427 1982 bonus.

158 2012 406 2041 numerum
436 2004 522 2038 aut
558 2003 768 2038 aetatem
800 2002 884 2037 aut
912 2009 990 2037 se-

102 2071 240 2100 xum.
299 2054 381 2097 Ed.
396 2053 737 2111 Spir.Numero
757 2059 841 2095 aut
858 2061 990 2094 aeta·

102 2122 177 2156 te:
209 2120 297 2154 aut
322 2125 455 2154 sexu.
514 2109 624 2152 Mox
656 2125 740 2166 pro
770 2111 991 2152 innocen-

103 2172 222 2214 tiam
259 2167 410 2213 eadem
446 2182 550 2211 cum
586 2167 687 2210 MS.
713 2167 836 2210 Flor.
871 2167 988 2221 (test.

100 2227 236 2282 vict.)
254 2226 328 2269 dat
342 2225 673 2268 innocentium.
722 2224 823 2272 MS.
837 2222 989 2271 Guelf.

100 2287 295 2328 dubiam
317 2299 401 2340 pro
422 2283 679 2324 indubiam.

160 2349 205 2384 et
244 2355 372 2386 saxa
407 2354 464 2381 ac
491 2338 646 2394 faces.
741 2338 818 2389 Sic
851 2338 988 2382 MSS.

102 2399 229 2443 Flor.
255 2395 408 2441 Guelf.
441 2395 565 2448 Harl.
597 2395 731 2438 Bodl.
771 2397 851 2439 les.
886 2396 988 2442 edd.

101 2457 218 2515 Spir.
249 2455 351 2499 Put.
382 2452 450 2502 M.
486 2462 529 2496 et
558 2452 615 2504 V.
645 2452 851 2503 Beroald.
890 2453 989 2505 Alc.

100 2515 279 2558 Ernest.
312 2526 410 2570 sqq.
495 2509 696 2559 Auctore
738 2509 838 2553 MS.
871 2510 989 2561 Bud-

99 2571 301 2616 Rhenan.
334 2583 432 2631 sqq.
465 2567 709 2619 omiserant
741 2574 800 2610 et.
883 2565 988 2611 MS.

102 2629 212 2686 Reg.
244 2635 289 2670 et
311 2640 439 2671 saxa
464 2624 672 2680 etfaces.
740 2643 742 2647 ’

156 2698 420 2748 minitante.
491 2695 567 2738 Sic.
599 2694 698 2746 MS.
733 2693 847 2737 Bud.
886 2694 991 2743 edd.

98 2757 132 2799 S
165 2756 219 2798 ir.
243 2754 386 2801 Rhea.
409 2769 430 2796 s
464 2769 506 2810 q.
531 2776 587 2785 -—
631 2752 840 2794 minante
854 2750 988 2794 MSS.

102 2815 139 2856 F
159 2828 226 2855 or.
254 2809 408 2862 Guelf.
429 2827 452 2852 a
472 2810 616 2868 iique,
658 2809 764 2862 edd.-
789 2809 891 2859 Put.
918 2810 986 2862 M.

104 2878 147 2912 et
168 2868 220 2912 V.
244 2867 348 2916 Ber.
373 2867 472 2909 Alc.
505 2895 564 2909 -ρ
617 2866 908 2924 Kiesslingius
933 2867 987 2909 de

103 2926 227 2970 Flor.
256 2932 299 2966 et
323 2922 474 2970 Guelf.
496 2924 628 2966 falsus
654 2931 734 2966 est.

160 2996 404 3049 Cingonius
438 2993 608 3035 Varro.
669 2992 744 3035 Sic
779 2993 984 3037 Rhenan.

103 3069 202 3111 sqq.
233 3079 293 3091 ..-
347 3050 429 3093 Ed.
450 3048 569 3106 Spir.
597 3050 853 3102 Cingoritus
864 3053 987 3094 Bar..

104 3125 174 3175 ro,
199 3125 300 3175 cum
323 3123 407 3174 qua
431 3107 864 3173 consentiuntMSS.
879 3108 989 3166 Reg.

102 3164 627 3276 ssssssstffffiz'ssfc’vssz‘fj
656 3163 990 3277 ..¹.1{¹.‘¹·.{-'.¹2;‚.53

106 3289 182 3323 tus
216 3280 389 3323 Varro.
461 3277 562 3320 MS.
595 3276 746 3320 Guelf.
782 3280 989 3333 Cingun-

106 3346 179 3380 tus
214 3339 392 3386 Burro.
459 3334 547 3379 Sed
582 3334 641 3379 cf.
677 3334 790 3377 llist.
813 3339 864 3386 ·1,
889 3338 918 3380 6
945 3347 989 3381 et

104 3394 546 3504 &nepot-careatur.

103 3515 368 3564 portarent.

623 3448 708 3494 Ed.
746 3448 862 3509 Spin
904 3453 987 3495 dev

1061 2053 1172 2096 bum
1196 2053 1250 2095 de
1271 2054 1465 2109 antiquo
1483 2069 1612 2096 more
1631 2053 1802 2111 tropice
1825 2052 1954 2102 valet,

1062 2110 1139 2167 qui
1164 2119 1207 2153 et
1231 2111 1414 2154 incendi
1437 2118 1478 2154 et
1496 2111 1666 2156 intendi
1683 2119 1830 2168 potest
1843 2109 1956 2166 dici3

1061 2175 1104 2210 et
1128 2177 1244 2216 amat
1259 2167 1421 2210 Noster
1442 2167 1564 2211 hune
1583 2184 1716 2214 usum
1738 2167 1862 2212 verbi
1881 2170 1951 2209 in-

1062 2228 1271 2270 cendere.
1333 2225 1392 2268 cf.
1418 2227 1455 2277 1,
1478 2224 1548 2268 23.
1577 2226 1619 2276 2,
1644 2226 1714 2268 82.
1769 2224 1860 2281 Qui
1898 2240 1952 2282 pe

1060 2283 1304 2325 incendere
1330 2290 1428 2324 tum
1460 2292 1523 2326 est
1548 2282 1768 2326 aeriorem
1793 2298 1841 2324 re
1876 2282 1953 2324 de·

1061 2355 1110 2381 re
1141 2340 1334 2396 aliquam
1365 2355 1488 2393 rem,
1527 2347 1570 2382 et
1598 2337 1950 2399 flagrantiorem.

1061 2397 1181 2438 Hinc
1211 2411 1272 2437 ne
1304 2409 1404 2437 mos
1437 2398 1654 2452 antiquus
1678 2410 1764 2450 per
1793 2395 1950 2438 saevi-

1061 2456 1178 2495 tiam
1198 2456 1521 2495 incenderetur
1535 2460 1625 2495 esta
1646 2468 1703 2495 ne
1719 2467 1819 2494 mos
1839 2452 1950 2496 anti-

1061 2527 1177 2568 quus
1206 2526 1285 2566 per
1317 2525 1364 2552 se
1398 2526 1557 2554 saevus
1581 2518 1623 2552 et
1647 2509 1838 2552 crudelis
1861 2525 1951 2553 sae·

1061 2569 1164 2613 vior
1186 2568 1317 2617 etiam
1338 2574 1381 2608 et
1400 2567 1627 2610 crudelior
1642 2566 1918 2610 redderetur.

1119 2636 1232 2690 CAR,
1252 2636 1323 2680 46.
1381 2635 1667 2692 Tarquitius.
1726 2637 1801 2680 Sic
1814 2636 1948 2681 MSS.

1059 2693 1181 2737 Flor.
1219 2697 1339 2751 (test.
1370 2693 1510 2750 Vict.)
1547 2693 1662 2736 Bud.
1696 2693 1795 2737 edd.
1826 2694 1945 2754 Spir-

1061 2761 1103 2794 et
1124 2759 1309 2794 recena.
1342 2751 1446 2794 inde
1472 2767 1495 2794 a
1522 2750 1569 2794 Li
1607 2767 1643 2793 s.
1664 2751 1825 2808 prima.
1884 2752 1945 2795 cf.

1064 2810 1127 2860 12,
1142 2809 1210 2851 59.
1274 2808 1558 2864 Tarquinius
1623 2808 1666 2851 S.
1681 2806 1948 2860 Guelf.0edd.

1058 2866 1160 2910 Put.
1187 2867 1253 2910 M.
1273 2875 1315 2909 et
1338 2865 1392 2909 V.
1425 2865 1630 2908 Beroald.
1662 2865 1766 2909 Ale.
1800 2865 1944 2909 Rhen.

1061 2924 1164 2970 ΑΜ,

1115 2993 1345 3049 Bithynis.
1431 2991 1516 3034 Ed.
1556 2989 1678 3051 Spir.
1721 2993 1943 3039 szhinis.

1059 3052 1175 3104 Edd.
1193 3052 1292 3094 Put.
1322 3051 1386 3093 M.
1409 3059 1450 3093 et
1463 3048 1519 3091 V.
1541 3050 1786 3094 Bithiniis.
1840 3051 1942 3094 MS.

1060 3108 1211 3152 Guelf.
1249 3108 1482 3164 bythim'is.
1562 3106 1676 3150 Edd.
1703 3108 1807 3156 Ber.
1843 3109 1944 3153 Alc.

1059 3166 1203 3208 Rhen.
1230 3181 1329 3223 sqq.
1356 3165 1584 3219 Bithynis.
1644 3201 1647 3204 .

1118 3222 1525 3276 interrogantibus.
1576 3219 1633 3264 cf.
1659 3222 1724 3272 16,
1739 3221 1809 3266 21.
1827 3225 1943 3265 dum

1064 3280 1334 3333 Capitonem
1362 3281 1728 3331 repetundarum
1748 3280 1943 3331 interro-

1058 3345 1189 3390 gant.
1251 3337 1349 3379 MS.
1381 3335 1529 3378 Guelf.
1560 3336 1945 3390 interrogationi-

1061 3398 1161 3436 bus.

1628 3449 1705 3501 Sic
1733 3451 1868 3495 MSS.
1905 3461 1948 3496 et

1117 3451 1224 3506 quia
1260 3458 1544 3500 accusatum,

1062 3516 1168 3554 vett.
1220 3506 1347 3557 edd„
1407 3507 1612 3566 interque
1639 3539 1644 3543 -
1672 3509 1947 3561 recentiores
