2164 3990
906 243 1408 322 ANNALIUM
1512 321 1525 341 Κ
1744 247 1993 356 52:32⁸&

389 375 611 440 XLIV.
684 375 804 434 Per
846 377 1004 434 idem
1036 385 1263 451 tempus
1300 373 1586 436 Octavius
1616 377 1838 455 Sagitta
1884 385 2084 459 plebe}

223 465 497 522 tribunus
519 461 766 519 Pontiae
796 461 1065 517 mulieris
1088 474 1306 536 nuptae
1344 483 1544 521 amore
1578 486 1780 524 vecors
1819 469 2080 543 ingenti-
2158 475 2164 514 ²-

222 547 339 607 bus
379 549 552 607 donis
597 546 953 604 adulterium
998 556 1055 601 et
1098 566 1264 616 mox,
1332 559 1401 604 ut
1443 549 1740 609 omitteret
1783 555 2078 625 maritum,

223 631 546 691 emereatur
601 652 771 689 suum
826 630 1272 686 matrimonium
1326 635 1674 707 promittens
1727 658 1792 693 ac
1841 639 2078 714 nuptias

223 721 348 779 eius
372 730 594 795 pactus,
681 715 799 772 Sed
821 715 928 772 ubi
952 715 1170 772 mulier
1199 737 1380 773 vacua
1412 719 1553 788 fuit,
1596 732 1826 778 nectere
1860 745 2076 794 moraS,

221 807 524 865 adversam
565 800 746 876 patris
789 801 1154 858 voluntatem
1198 802 1427 858 causari
1459 816 1801 882 repertaque
1850 829 1949 884 spe
1983 810 2078 866 di—

221 891 392 949 tioris
461 887 727 959 coniugis
795 886 1082 962 promissa
1157 905 1384 945 exuere.
1516 885 1800 948 Octavius
1873 906 2078 951 contra

221 976 398 1032 modo
445 972 758 1047 conqueri,
799 973 979 1028 modo
1023 971 1318 1040 minitari,
1360 972 1576 1028 famam
1609 977 1930 1050 perditam,
1969 1000 2075 1055 pe-

220 1061 458 1124 cuniam
511 1053 848 1114 exhaustam
904 1058 1229 1125 obtestanS,
1294 1057 1550 1133 denique
1597 1060 1871 1131 salutem,
1926 1085 2074 1140 quae

222 1147 346 1204 sola
390 1143 617 1218 reliqua
661 1153 834 1213 esset,
888 1142 1133 1199 arbitrio
1182 1142 1305 1197 eius
1349 1144 1708 1216 permittens,
1809 1167 1874 1204 ac
1912 1160 2078 1223 post-

221 1251 398 1309 quam
449 1229 863 1303 spernebatur,
929 1239 1162 1284 noctem
1202 1248 1384 1283 unam
1429 1230 1502 1284 ad
1545 1230 1823 1287 solatium
1866 1234 2075 1307 poscit,
2142 1290 2145 1293 t

218 1338 334 1394 qua
362 1313 651 1371 delenitus
677 1314 924 1370 modum
951 1314 1015 1368 in
1040 1323 1341 1387 posterum
1375 1309 1698 1374 adhiberet.
1785 1315 2078 1375 Statuitur

217 1422 355 1473 nox,
397 1413 452 1458 et
475 1399 690 1467 Pontia
713 1399 977 1455 consciae
1001 1398 1246 1453 ancillae
1278 1399 1600 1454 custodiam
1629 1401 1884 1458 cubiculi
1904 1424 2077 1460 man-

219 1470 337 1548 dat.
424 1485 533 1542 Ille
555 1505 677 1542 uno
705 1505 839 1541 cum
866 1484 1079 1539 liberto
1107 1483 1328 1539 serrum
1354 1495 1512 1539 veste
1545 1487 1839 1542 occultum
1874 1488 2072 1550 infert.
2101 1531 2114 1540 „

216 1586 373 1640 tum,
414 1584 481 1630 ut
512 1570 738 1628 adsolet
774 1570 840 1626 in
872 1589 1070 1625 amore
1098 1580 1153 1625 et
1177 1568 1292 1637 ira,
1336 1568 1554 1641 iurgia,
1593 1590 1820 1644 preceS,
1863 1567 2074 1648 expro-

218 1659 442 1730 bratiO,
486 1655 832 1725 satisfactiO,
885 1662 940 1712 et
961 1674 1096 1730 pars
1129 1654 1504 1711 tenebrarum
1529 1655 1779 1712 libidine
1805 1659 2073 1733 seposita.

224 249 351 309 206

201 447 213 469 ἶ

1239 1901 1416 1954 reliqna
1451 1907 1589 1943 esset.
1668 1901 1744 1945 Sic
1779 1903 1882 1947 MS.
1916 1903 2072 1949 Guelf.

1182 1973 1205 1999 a
1231 1973 1319 1999 see.
1347 1972 1405 1997 m.
1439 1957 1541 1999 ed'd.
1568 1957 1685 2015 Spir.
1714 1959 1918 2003 Beroald.
1946 1965 2074 2018 (cum

1181 2014 1325 2056 silent.
1355 2013 1488 2068 Vici.)
1522 2014 1624 2057 Alc..
1659 2014 1860 2061 Rhenan.
1883 2035 1981 2078 sqq.
2015 2043 2075 2054 --

1182 2071 1348 2113 relicta
1384 2079 1501 2113 esset
1534 2072 1666 2117 MSS.
1692 2074 1811 2118 Harl.
1834 2075 2070 2122 Bo‹1l.1es.

1183 2128 1284 2170 edd.
1308 2127 1411 2171 Put.
1431 2129 1496 2170 M.
1523 2139 1564 2172 et
1579 2130 1635 2173 V.
1698 2132 1748 2174 ln
1773 2148 1915 2189 marg.
1940 2133 2070 2180 Bodl.

1178 2186 1375 2241 reliqua.
1435 2186 1545 2228 Mox
1567 2187 1666 2231 MS.
1691 2187 1842 2232 Guelf.
1870 2204 2071 2246 Sperna-

277 1905 479 1951 CAPAA.
544 1901 696 1958 plebei
726 1903 952 1948 tribunus.
1024 1901 1109 1945 Ed.

218 1962 338 2023 Spir.
355 1961 565 2019 plebeius
589 1962 817 2002 tribunus.

278 2034 487 2078 mulieris
518 2039 707 2085 nuptae.
784 2031 901 2075 Voc.
935 2038 1110 2086 nuptae

221 2095 344 2138 abest
367 2107 390 2135 a
411 2090 514 2134 MS.
539 2090 620 2132 les.
680 2088 840 2132 Aliena
867 2103 1003 2130 manu
1036 2089 1109 2131 ad-

219 2144 364 2197 ditum
387 2149 434 2191 in
454 2146 554 2191 MS.
572 2146 693 2190 Harl.
709 2178 720 2195 ,
751 2145 1106 2204 superscriptum

218 2209 269 2253 in
293 2204 447 2252 Guelf.

234 2316 239 2322 ·
277 2293 536 2335 aduersam
552 2289 709 2343 patris
731 2291 823 2331 vol.
882 2287 968 2332 Ed.
987 2287 1109 2348 Spir.

215 2354 440 2395 aduersus
476 2348 630 2402 patris
669 2350 974 2389 voluntatem.
1057 2347 1109 2390 In

216 2406 318 2455 MS.
354 2403 508 2450 Guelf.
546 2402 701 2448 ultima
732 2403 905 2461 syllaba
938 2405 985 2448 in
1019 2409 1108 2448 ad-

218 2481 430 2515 versum,
463 2462 667 2520 duaeque
698 2461 882 2504 ultimae
912 2461 961 2505 in
995 2478 1107 2505 cau-

218 2524 325 2568 sari
349 2528 452 2566 sunt
488 2537 510 2563 a
544 2519 741 2563 secunda
772 2535 926 2564 manu.
1005 2520 1106 2564 MS.

218 2582 330 2638 Agr.
353 2592 580 2622 aversam
599 2581 652 2631 μζ
671 2590 730 2629 υ.,
793 2577 880 2620 uod
907 2578 1109 2636 placebat

195 2626 406 2684 'Heinsio
451 2636 509 2678 ob
558 2634 711 2678 locum
747 2593 874 2694 {lii-g.
913 2636 978 2686 12,
1012 2635 1107 2679 647.

219 2697 440 2754 quoniam
466 2693 650 2749 superis
674 2692 849 2742 (κυάνεα
873 2695 1110 2736 voluntas.

218 2755 306 2798 Sed
332 2753 406 2796 ille
436 2751 567 2793 etiam
597 2750 724 2794 locus
753 2765 847 2794 non
879 2759 1003 2795 caret
1037 2767 1111 2798 va-

215 2813 371 2858 rietate
395 2809 656 2866 scripturae.
744 2812 751 2815 ⁴

274 2909 356 2952 spe
380 2893 564 2937 ditioris
594 2892 816 2946 coniugss.
883 2890 970 2935 Ed.
990 2890 1110 2950 Spir.

219 2952 529 3011 expeditioris
589 2951 814 3006 coniugis.

137 3064 143 3069 -
276 3037 494 3081 Octavius
516 3042 680 3076 contra
705 3035 844 3076 modo
875 3034 1109 3090 conqueri.

218 3098 259 3140 A
282 3093 416 3138 MSS.
441 3093 556 3135 Bud.
591 3099 634 3133 et
657 3090 809 3134 Guelf.
842 3091 964 3134 abest
997 3104 1109 3133 con-

219 3163 296 3197 tra
316 3153 472 3194 modo.
533 3148 771 3191 Omittitur
791 3164 897 3191 sane
921 3148 1109 3191 alterum

219 3214 360 3253 mocio
392 3207 451 3253 cf.
474 3222 502 3250 n
537 3214 567 3250 t.
598 3207 650 3249 ad
686 3206 726 3257 6,
758 3206 853 3258 32„
899 3206 975 3250 sed
1017 3221 1109 3249 non

219 3268 403 3324 ubique.
465 3281 491 3309 c
512 3297 523 3308 .
545 3263 639 3309 An.
661 3265 701 3316 2,
725 3263 795 3307 37.

278 3351 530 3392 obtestans.
569 3348 667 3392 MS.
683 3347 829 3392 Guels.
849 3364 941 3391 non
960 3357 1109 3390 oslen-

218 3416 341 3457 tons,
370 3407 431 3448 uti
453 3405 649 3463 prodidit
666 3405 912 3454 Ernestius,
938 3406 1012 3448 sed
1035 3407 1109 3446 ob-

217 3471 446 3510 stentans.
539 3462 706 3505 Verum
754 3465 994 3506 obtestans
1037 3463 1109 3506 hic

217 3523 577 3567 est-obtestando
608 3524 778 3564 dicens.
839 3521 900 3564 cf.
930 3530 1026 3565 not.
1052 3520 1108 3564 ad

218 3597 259 3627 c.
278 3577 351 3624 43.
379 3577 461 3621 sub
485 3577 628 3623 verbo
652 3578 942 3633 defhndebat.

1180 2245 1334 2286 batur.

1237 2300 1480 2344 delenitus.
1550 2301 1627 2346 Sic
1658 2303 1759 2348 MS.
1794 2303 1920 2347 Flor.
1953 2306 2072 2362 (test.

1183 2358 1344 2414 Viae),
1394 2367 1444 2400 ut
1479 2360 1546 2410 11,
1579 2359 1650 2404 37.
1737 2359 1838 2406 Vid.
1874 2362 1947 2417 ibi,
1972 2373 2070 2409 not.

1181 2414 1335 2474 Vulgo
1363 2417 1594 2461 delinitus.
1648 2435 1656 2458 ‹
1693 2470 1699 2473 -

1238 2473 1287 2514 in
1317 2480 1574 2527 posterum.
1653 2475 1755 2520 MS.
1791 2476 1916 2526 Flor.
1957 2482 2072 2525 ‘lesu

1178 2527 1389 2630 gictpfrii)
1433 2533 1480 2575 ἰη
1508 2541 1827 2588 postremum,
1882 2544 1931 2580 ut
1951 2506 2069 2581 ¹M8.

1231 2604 1283 2630 ue
1325 2621 1334 2631 .

1239 2645 1443 2689 cubiculi.
1501 2646 1603 2690 MS.
1628 2649 1734 2706 Agr.
1754 2648 1824 2695 ed.
1845 2648 1964 2710 Spir.
1987 2667 2070 2708 cet-3

1181 2702 1298 2769 hilf-e.
1357 2703 1456 2746 MS.
1479 2703 1626 2748 Guetf.
1653 2706 1805 2750 cubili.

1238 2773 1288 2800 m
1309 2775 1469 2802 amore
1491 2769 1535 2803 et
1559 2763 1648 2805 ira.
1710 2762 1764 2807 H.
1780 2758 1958 2810 esinter
1979 2782 2072 2816 eos,

1181 2815 1257 2874 qui
1299 2831 1451 2861 amore
1493 2826 1534 2860 et
1577 2819 1643 2861 ira
1692 2820 1827 2870 simul
1878 2822 2072 2869 invicem
2151 2857 2156 2865 .

1181 2881 1390 2918 utuntur.

1181 2931 1316 2973 latio.

1242 2990 1562 3042 exprobratio.
1635 2990 1716 3035 Ed.
1748 2993 1868 3053 Spir.
1903 3004 1948 3039 et
1981 3011 2073 3040 ex-

1176 3048 1432 3100 probratio.
1495 3049 1600 3091 lssox
1616 3050 1717 3093 MS.
1734 3051 1885 3097 Guelf.
1910 3056 2062 3099 taber·

1180 3117 1351 3145 narum
1385 3121 1468 3163 pro
1503 3109 1817 3154 tenebrarum.

1452 2875 1509 2920 cf.
1534 2877 1576 2928 2,
1600 2876 1668 2921 57.
1693 2880 1770 2923 ira
1788 2880 2084 2935 wambane--

1237 3175 1423 3216 libidine
1442 3181 1658 3231 seposfta.
1720 3177 1796 3223 Sic.
1827 3179 1930 3225 libri
1959 3176 2069 3228 vest.

1182 3246 1355 3275 omnes.
1413 3233 1663 3285 Rhenanus,
1687 3235 1926 3289 Acidalius,
1952 3236 2069 3283 Gro-

1181 3289 1293 3340 tius,
1323 3289 1521 3342 Ryckius
1551 3291 1712 3348 aliique
1745 3293 1930 3340 mallent
1961 3297 2070 3340 libi-

1181 3347 1300 3398 dini,
1333 3348 1389 3389 ob
1406 3348 1600 3406 exempla
1621 3351 1685 3397 13,
1710 3350 1776 3393 54.
1808 3352 1870 3403 14,
1895 3352 1964 3396 54.
2000 3354 2067 3407 15,

1180 3405 1250 3446 60.
1315 3404 1408 3447 Stat
1433 3406 1486 3446 ab
1510 3406 1753 3449 eorundem
1774 3418 1901 3466 parte
1914 3408 2070 3472 Gierig

1180 3462 1233 3504 ad
1272 3462 1388 3504 Plin.
1419 3462 1640 3519 Panegyr.
1677 3463 1745 3513 57,
1777 3468 1817 3509 4.
1860 3467 1934 3510 ubi
1964 3468 2067 3512 vide

1181 3519 1436 3561 uberiorem
1469 3520 1562 3563 eius
1589 3521 1643 3564 de
1673 3523 1813 3567 verbo
1845 3538 2073 3579 seponere.

1181 3575 1543 3634 disputationem.
1633 3576 1748 3622 Cave
1791 3588 1965 3634 tamen,
2007 3598 2064 3627 ne
