2164 3990
1678 234 1726 268 A.
1741 228 1996 271 U.8()2'.'81330

1681 282 1732 312 A.
1747 273 1795 312 G.
1830 278 1896 312 491
1932 276 1994 315 50.

220 242 303 299 68
902 232 1420 296 ANNALIUM
1496 289 1499 292 .

220 380 279 427 et
301 368 618 444 praebebat
643 364 857 424 Caesar
883 383 1064 424 aures
1090 366 1446 442 accipiendis
1481 364 1779 426 adversus
1795 365 2079 444 generum
2114 413 2117 418 .

222 453 655 530 suspicionibus
683 453 921 509 caritate
948 451 1102 506 filiae
1126 452 1475 527 promptior.
1513 495 1518 501 -
1563 444 1645 509 At
1667 446 2079 512 Silarum—irnsi—

221 540 458 596 diarum
498 538 730 595 nescius
767 558 834 594 ac
879 537 1031 592 forte
1079 554 1148 591 eo
1194 555 1353 594 anno
1400 549 1638 613 praetor
1682 532 1932 616 repente.
1971 538 2079 616 per

222 625 483 682 edictum
522 622 752 680 Vitellii
788 620 998 702 ordine
1033 621 1330 679 senator-io
1374 635 1679 693 movetur,
1740 623 2080 702 quanquam

222 712 371 766 lecto
399 709 631 784 pridem
668 718 872 764 senatu
897 702 1210 782 'lustroque
1247 704 1510 768 conditO.
1596 709 1782 766 simul·
1806 710 2081 767 adfinitaa

223 807 342 852 tem
378 793 664 852 Claudius
699 791 968 861 diremit,
1023 789 1380 869 adactusque
1412 793 1651 852 Silanus
1687 795 1918 852 eiurare
1952 814 2083 853 ma-

222 881 530 954 gistratum
548 926 565 950 ‚
610 891 667 935 et
687 876 952 954 reliquus
973 888 1280 953 praeturae
1309 878 1435 934 dies
1456 878 1522 934 in
1541 873 1798 956 Eprium
1823 880 2082 938 Marcel-

223 967 349 1021 lum
376 967 622 1022 collatus
647 975 747 1022 est.
1824 1016 1832 1025 „

394 1049 468 1110 V.
512 1047 578 1108 C.
590 1048 874 1123 Pompeio
889 1094 905 1117 ‚
930 1046 1003 1121 Q.
1018 1046 1281 1104 Veranio
1307 1067 1450 1107 coSS.
1474 1056 1714 1124 pactum
1736 1050 1891 1108 inter
1903 1049 2082 1108 Clau-

223 1137 391 1193 dium
440 1147 496 1192 et
540 1130 936 1210 Agrippinam
982 1133 1452 1193 matrimonium.
1552 1133 1673 1190 iam
1717 1132 1903 1209 fama,
1969 1135 2087 1191 iam

222 1224 427 1278 amore
466 1220 693 1276 inlicito
729 1218 1104 1288 firmabatur,
1148 1239 1256 1276 nec
1291 1220 1436 1276 dum
1472 1218 2091 1283 celebraresolemnia

222 1307 568 1382 nuptiarum
604 1305 902 1380 audebant
944 1305 1113 1362 nullo
1152 1305 1418 1380 exemplo
1447 1304 1731 1362 deductae
1755 1305 1823 1361 in*
1844 1303 2089 1390 domum

221 1392 420 1468 patrui
442 1388 640 1460 fratris
663 1390 836 1450 filiae.
925 1391 1073 1467 quin
1099 1401 1156 1447 et
1177 1390 1466 1446 incestum
1481 1436 1497 1461 ‚
1533 1410 1600 1446 ac
1623 1391 1674 1468 si
1698 1401 2091 1467 sperneretur,

222 1497 299 1533 ne
343 1478 410 1532 in
457 1475 683 1533 malum
727 1475 1038 1552 publicum
1083 1487 1442 1551 erumperet,
1509 1477 1896 1535 metuebatur.
1937 1499 1944 1502 ⁸
1983 1492 2092 1531 nec

224 1574 360 1620 ante
389 1562 604 1619 omissa
634 1562 928 1618 cunctatio
959 1563 1138 1638 quam
1164 1559 1444 1628 Vitellius
1473 1560 1592 1616 suis
1618 1558 1845 1619 artibus
1867 1561 1931 1617 id
1951 1579 2092 1636 per-

221 1649 576 1724 petrandum
606 1646 873 1722 sumpsit.
932 1657 1462 1722 percunctatusque
1483 1642 1824 1716 Caesarem,
1866 1665 1944 1702 an
1967 1645 2092 1702 ius-

219 1734 300 1790 sis
354 1733 594 1809 populi‚
659 1752 737 1788 an
794 1731 1132 1803 auctoritati
1186 1742 1420 1787 senatus
1471 1731 1740 1789 cederet?
1833 1730 1941 1788 ubi
1989 1731 2092 1786 ille

222 1839 414 1876 unum
468 1838 540 1893 ¹se
608 1809 830 1874 civium
901 1828 959 1873 et
1028 1815 1342 1874 consensui
1414 1816 1702 1891 imparem
1767 1815 2093 1892 respondit,

167 3442 171 3447 ,
218 3400 381 3456 fama.

278 2020 572 2076 acczpzimdis.
633 2019 785 2071 Bene;
822 2034 929 2062 nam
960 2018 1120 2062 offere-

221 2083 387 2126 bantur
414 2078 705 2136 suspiciones.
764 2077 887 2121 Male
908 2075 1121 2119 Heinsius

223 2137 520 2193 arnpiendis.

278 2198 518 2238 adversus.
591 2191 670 2236 Sic
701 2191 802 2236 MS.
827 2189 983 2236 Guelf.
1019 2190 1121 2234 edd.

222 2253 343 2312 Spir.
358 2252 461 2295 Put.
477 2250 544 2294 M.
569 2259 613 2293 et
627 2248 684 2293 V.
708 2250 798 2293 Ber
820 2250 878 2304 (c.
900 2248 970 2292 sil.
985 2247 1123 2304 Viet.)

223 2312 322 2356 Alc.
370 2332 428 2343 —-
460 2311 739 2353 .adversum
783 2306 887 2350 edd.
924 2306 1130 2350 Rhenan.

224 2385 322 2426 sqq.
350 2366 473 2426 quod
494 2365 727 2423 hodieque>
742 2364 963 2422 vulgatur.

281 2425 635 2480 suspicionibus.
659 2423 736 2467 Sic
745 2420 1007 2465 MS.Gue1f.
1022 2420 1125 2465 edd.

225 2483 344 2542 Spir.
362 2483 459 2526 Alc.
474 2479 616 2524 Rhen.
631 2480 679 2522 Li
715 2496 826 2537 s..sq
865 2506 950 2522 .--
978 2481 1126 2532 suspi-

225 2543 423 2584 tionibus
444 2538 543 2582 edd.
568 2537 672 2582 Put.
744 2570 763 2581 ..
790 2547 833 2580 et
875 2535 903 2580 ⁷.
922 2532 1127 2580 Beroald-

228 2600 287 2655 (ο.
310 2596 488 2642 silentio
512 2594 651 2652 Vic‘t.)
675 2595 781 2638 Ald.
865 2601 867 2603 ’

286 2658 485 2698 eiurare.
546 2652 629 2697 Ed.
651 2652 769 2711 Spir.
794 2652 1004 2703 cuir-are,
1035 2650 1127 2693 vul·

227 2713 320 2814 ffirsi
357 2710 632 2812 ἒνίἓῖἰὲἃπυῐξι
665 2709 965 2809 ⁶⁰¹¹s¹¹⁵lg¹¹ez
1019 2708 1129 2750 Mox

320 2803 331 2814 .
402 2786 430 2811 u
497 2799 511 2811 .
535 2782 717 2823 epzrum
770 2783 823 2810 ro
880 2781 1059 2822 prtum.

287 2827 400 2871 CAP.
446 2827 487 2869 5.
560 2826 631 2869 De
671 2784 805 2869 hmPus
852 2840 951 2882 cap.
995 2823 1128 2867 rebus

230 2885 291 2931 cf.
318 2885 406 2928 Dio
431 2885 500 2935 60,
522 2883 593 2927 31.
657 2884 778 2926 Suet.
805 2882 962 2925 Claud.
989 2897 1028 2924 c.
1054 2877 1127 2922 26.

290 2943 501 2985 Veranio
524 2941 589 2983 sic
614 2941 715 2984 edd.
739 2940 859 2999 Spir.
878 2939 983 2982 Put.
1002 2938 1071 2980 M.
1087 2943 1129 2978 et

232 3000 288 3045 V.
300 2998 446 3059 Ryck.
505 2997 567 3042 cf.
583 2999 625 3050 2,
639 2999 708 3042 56.
726 2998 796 3041 74.
827 2996 867 3048 3,
884 2998 952 3039 10.
974 2994 1041 3038 13.
1059 2993 1129 3037 17.

232 3058 475 3101 Ver-annio
515 3055 614 3099 edd.
652 3057 754 3100 Alc.
786 3053 990 3119 Rhenan.
1032 3066 1130 3117 sqq.

232 3116 373 3172 Igitur
397 3113 673 3158 constantiae
695 3129 828 3156 causa
855 3118 898 3154 et
919 3109 993 3153 hnc
1014 3125 1133 3153 scri-

231 3172 381 3214 bimus
416 3171 644 3214 Veranio.
704 3169 807 3214 MS.
841 3167 996 3212 Guelf.
1033 3167 1130 3209 Ve-

230 3243 390 3272 ranla·
1011 3241 1021 3261 ί

290 3287 389 3327 iam
417 3285 586 3339 fama,
646 3287 748 3328 iam
789 3298 968 3339 amore.
1052 3281 1133 3325 Ed.

233 3342 353 3400 Spir.
407 3345 504 3384 iam
557 3358 721 3385 amore
772 3341 933 3384 illicito
949 3372 963 3393 ‚
1033 3341 1131 3382 iam

460 3399 573 3442 Edd.
610 3401 712 3443 Put.
747 3400 818 3443 Μ.
852 3407 895 3442 et
924 3397 980 3442 V.
1024 3414 1131 3441 cum

234 3458 334 3500 MS.
389 3455 541 3498 Guelf.
596 3458 695 3499 iam
744 3457 894 3511 fama
948 3469 1130 3502 amore,

232 3515 400 3558 omisso
422 3512 562 3556 altero
585 3514 703 3556 iam.
766 3514 882 3556 Edd.
913 3512 1127 3555 Beroald.

231 3571 332 3617 Alc.
356 3571 501 3619 Rhen,
526 3587 623 3628 sqq.
660 3569 891 3626 vulgatum
919 3570 1125 3614 ordinem

1193 2014 1393 2074 tuentur.
1454 2016 1665 2062 Ceterum
1686 2033 1792 2063 cum
1813 2015 1916 2063 MS.
1937 2015 2091 2075 Guelf.

1195 2076 1294 2119 edd.
1328 2070 1434 2121 Put.
1468 2076 1675 2120 Beroald.
1706 2075 1850 2119 Rben.
1889 2074 2093 2131 distinxi:

1195 2134 1582 2187 matrimonium.
1617 2135 1718 2176 iam
1725 2133 1790 2191 f,
1817 2135 1917 2177 iam
1935 2150 1982 2178 a.
1999 2133 2095 2191 ᾗῇ,

1195 2202 1278 2234 nec
1297 2196 1408 2234 dam
1422 2200 1508 2236 etc.
1540 2190 1714 2250 Vulgo:
1741 2192 2096 2243 ηιαιρἱηιοηιίυη

1194 2250 1291 2291 iam
1304 2250 1454 2305 sama
1476 2281 1511 2292 ..
1526 2281 1536 2293 .
1552 2265 1587 2301 .‚·
1617 2256 1699 2291 n'ec
1723 2253 1838 2292 dum
1863 2257 1946 2294 etc.

1261 2310 1490 2349 deductae
1524 2339 1534 2350 .
1561 2337 1573 2349 .
1600 2339 1610 2350 .
1630 2307 1783 2362 filiae.
1851 2306 1927 2350 Sic
1955 2306 2093 2351 MSS.
2135 2316 2137 2320 ’

1204 2365 1386 2407 Fal-nes.
1410 2365 1459 2419 (t.
1477 2364 1670 2422 Lipsio),
1694 2364 1809 2407 Bud.
1836 2371 1881 2408 ef
1892 2363 2018 2408 Flor.
2044 2366 2096 2422 (t.

1197 2420 1425 2474 ,Piehena3
1463 2420 1695 2464 Victorius
1726 2430 1875 2465 tamen
1898 2422 2093 2481 scriptu-

1197 2495 1293 2521 ram
1315 2478 1521 2522 Beroald.
1543 2478 1757 2523 intactam
1776 2479 1973 2537 reliquit)
1995 2479 2097 2529 edd.

1198 2544 1388 2580 recenti.
1425 2535 1530 2579 inde
1563 2552 1588 2578 a
1623 2536 1749 2580 Pich.
1798 2564 1858 2573 -
1922 2536 1959 2578 E
1989 2537 2094 2589 MS.

1198 2593 1301 2636 vat.
1357 2594 1481 2637 1864.
1534 2593 1768 2636 Broterius
1815 2591 1960 2638 adfert
2010 2598 2097 2636 de-

1198 2654 1336 2693 ducte
1353 2683 1366 2707 ,
1398 2651 1524 2707 isque
1548 2659 1613 2693 est
1635 2651 1672 2693 F
1672 2651 1932 2695 arnesianus
1944 2649 2097 2710 Lipsii.

1203 2708 1347 2751 Ceteri
1374 2708 1511 2751 MSS.
1550 2717 1593 2751 et
1622 2716 1727 2751 vett.
1762 2708 1878 2751 edd.
1897 2713 2097 2754 deducta

1203 2799 1213 2808 .
1232 2796 1243 2809 .
1263 2795 1275 2808 .
1286 2765 1412 2821 filia.
1477 2764 1607 2820 Quae
1628 2764 1742 2808 ratio
1762 2765 1827 2808 uti
1849 2765 2097 2816 difficilior,

1200 2823 1259 2865 ita
1284 2838 1376 2865 non
1399 2823 1547 2881 inepta
1573 2831 1650 2865 est.
1711 2824 1855 2865 Nullo
1880 2827 2098 2876 exemplo

1201 2880 1261 2924 ibi
1303 2880 1489 2938 ponitur
1532 2896 1615 2938 pro
1654 2895 1916 2936 nunquam.
1987 2881 2098 2926 Tres
2135 2925 2138 2928 .

1202 2938 1390 2996 genitivi
1411 2945 1531 2981 certe
1552 2937 1599 2984 in
1612 2939 1780 2989 patrui
1782 2938 1959 2994 fratris·
1963 2940 2100 2996 filiae

1201 3011 1298 3038 non
1328 2995 1440 3038 adeo
1476 2995 1701 3053 eleganter
1731 3011 1824 3039 sese
1855 2990 2096 3055 eicipium.

1202 3053 1312 3095 Mox
1330 3069 1418 3110 pro
1443 3054 1492 3095 id
1514 3053 1616 3095 MS.
1641 3052 1794 3096 Guelf.
1817 3053 1953 3097 babet
1973 3059 2054 3098 ad.

1261 3124 1411 3152 unum
1449 3125 1500 3152 se
1538 3111 1705 3153 civium
1745 3118 1791 3153 et
1824 3126 1861 3154 c.
1896 3111 1927 3154 i.
1999 3111 2100 3155 MS.

1204 3166 1317 3225 Agr.
1342 3183 1487 3214 unum
1507 3182 1555 3210 se
1585 3175 1629 3210 et
1658 3169 1826 3211 civium
1855 3170 2103 3212 consensui

1207 3226 1468 3279 imparem,
1518 3225 1640 3282 quod
1676 3225 1877 3283 placebat
1908 3224 2100 3284 Ryekio.

1204 3282 1294 3325 Sed
1318 3283 1503 3325 meliora
1522 3290 1627 3325 sunt
1645 3283 1717 3325 vul
1750 3290 1835 3324 ata.
1891 3283 2102 3327 Modeste

1204 3341 1408 3397 loquitur
1434 3339 1663 3384 Claudius.
1722 3298 1947 3382 §olebant
1977 3340 2099 3383 enim

1203 3398 1495 3454 imperatores
1518 3413 1611 3439 non
1640 3396 1781 3441 videri
1809 3398 1944 3441 cives.

1259 3457 1513 3497 consensui.
1586 3453 1696 3496 Edd.
1730 3453 1832 3496 Put.
1866 3453 1934 3497 M.
1970 3461 2011 3497 et
2046 3454 2099 3497 V.

1202 3512 1412 3555 Beroald.
1441 3513 1498 3566 (c.
1523 3511 1669 3554 silent.
1696 3511 1834 3566 Vici.)
1863 3512 1963 3555 Alc.
1987 3525 2099 3553 con-
2163 3524 2164 3528 ¹

1200 3583 1356 3611 sensu.
1417 3570 1477 3612 cf.
1504 3578 1599 3611 not.
1628 3568 1691 3610 ad
1714 3569 1754 3620 6,
1781 3569 1837 3613 23
1861 3578 1901 3610 et
1931 3568 1972 3617 8,
1991 3569 2060 3612 30.
