2164 3990
224 236 348 305 174

887 234 1410 326 ANNALmM

1755 236 1809 318 2:
1830 236 1887 320 ¹32:
1905 236 1995 321 ⁸23:

222 379 281 425 et
311 366 610 440 vigilatam
643 367 916 424 convivio
948 377 1181 424 noctem
1212 369 1530 447 omniaque
1555 373 1870 435 temeritati
1901 385 1960 434 et
1983 375 2080 432 in-

219 452 420 527 scitiae
444 453 742 529 propiora.

388 549 555 613 XXI.
616 551 715 611 Sic
739 549 924 607 lenito
949 549 1236 628 principis
1260 565 1420 612 metu
1446 566 1503 612 et
1529 555 1660 613 luce
1683 569 1811 615 orta
1846 558 1970 617 itur
2001 562 2078 618 ad
2159 569 2161 573 ⁴

221 633 649 714 Agrippinam,
733 647 802 692 ut
857 638 1123 692 nnsceret
1177 639 1404 696 obiecta
1459 641 1922 723 dissolveretque
1967 647 2077 725 ⁴vel

217 744 410 800 poena
445 724 648 781 lueret.
747 718 978 777 Burrus
1010 721 1084 777 iis
1118 725 1410 781 mandatis
1442 724 1662 784 Seneca
1696 743 1896 786 coram
1935 731 2078 788 fun-

219 810 484 884 gebatur.
552 809 796 864 aderant
817 817 874 863 et
897 825 964 862 ex
986 806 1215 864 libertis
1242 809 1451 866 arbitri
1471 815 1775 874 sermonis,
1842 809 2076 873 Deind'e

217 895 251 952 a
277 893 503 963 Burm,
544 902 856 968 postquam
883 891 1131 949 crimina
1167 905 1225 951 et
1259 905 1523 952 auctores
1557 900 1850 974 exposuit,
1881 901 2077 958 mina-

219 982 364 1039 citer
385 990 598 1036 actum.
683 974 1016 1053 Agrippina
1051 979 1301 1036 ferociae
1324 1000 1582 1051 memor,
1634 981 1816 1053 „Non
1840 986 2075 1056 miror‚”

217 1065 442 1143 inquit,
511 1061 829 1133 „Silanam
871 1083 1180 1141 nunquam
1231 1063 1389 1122 edito
1438 1077 1614 1141 partu
1667 1080 1926 1137 matrum
1967 1073 2075 1141 ad..

213 1153 444 1223 „feetus
473 1148 707 1222 ignotos
729 1143 967 1210 habere.

1052 1170 1245 1225 neque
1277 1150 1437 1206 enim
1461 1152 1708 1226 perinde
1744 1174 1778 1210 a
1811 1156 2076 1230 parenti-

213 1238 376 1308 „bus
399 1234 574 1291 liberi
607 1253 785 1310 quam
814 1234 889 1290 ab
926 1234 1226 1309 impudica
1261 1237 1517 1293 adulteri
1554 1248 1880 1300 mutantur.

1941 1261 2074 1297 *nec

191 1354 248 1394 a„
260 1323 310 1379 si
334 1319 556 1379 Iturius
590 1329 647 1376 et
671 1315 964 1376 Calvisius
1001 1320 1189 1376 adesis
1215 1321 1493 1378 omnibus
1527 1324 1783 1380 fortunis
1817 1325 2076 1383 novissi-

214 1424 417 1479 „mam
448 1404 852 1480 suscipiendae
878 1406 1263 1463 accusationis
1286 1427 1524 1483 operam
1549 1408 1694 1465 anui
1721 1411 2072 1485 rependunt,

209 1493 388 1564 „ideo
417 1501 518 1548 aut
542 1486 695 1546 mihi
719 1490 958 1547 infamia
987 1490 1292 1564 parricidii
1327 1504 1430 1549 aut
1446 1490 1682 1550 Caesari
1712 1495 2070 1554 conscientia

197 1618 246 1649 -„
260 1578 568 1635 subeunda
605 1586 709 1635 est.
793 1574 947 1632 Nam
980 1572 1277 1633 Domitiae
1313 1575 1641 1635 inimicitiis
1677 1579 1892 1654 gratias
1932 1601 2072 1656 age-

209 1684 410 1736 ‚‚rem,
462 1662 513 1719 si
545 1660 958 1718 benevolentia
994 1681 1227 1719 mecum
1270 1662 1337 1719 in
1366 1661 1666 1721 Neronem
1699 1672 1904 1723 meum
1943 1686 2069 1724 cer-

195 1911 366 1968 sutore
390 1916 435 1952 et
457 1909 676 1950 tenebras
698 1914 786 1951 etc.
814 1914 863 1948 ut
886 1906 944 1949 ita
966 1906 1102 1950 altera

208 1970 322 2012 ratio
351 1965 493 2025 priori
518 1964 648 2008 adiici
672 1963 893 2009 videatur.

217 2067 222 2073 ·
266 2039 489 2084 insci-tiae.
519 2062 522 2068 -
547 2034 624 2078 Sic
645 2033 1100 2091 edd.Spi1·.Be1-oald·

208 2100 266 2155 (c.
306 2097 450 2140 silent.
474 2090 896 2148 Vict.)-A10.Rhen.
930 2107 980 2149 sq
1018 2124 1028 2134 .
1060 2098 1102 2133 et

206 2155 343 2200 MSS.
356 2154 478 2198 Flor.
492 2149 759 2207 (seeundum
775 2148 923 2192 collat.
941 2149 972 2192 l.
985 2108 1102 2191 Ero-

206 2212 350 2265 novii)
383 2210 491 2268 Reg.
519 2207 634 2266 Agr.
694 2205 864 2250 Contra
894 2207 1099 2249 inscien-

206 2274 301 2316 tiae
335 2267 473 2311 MSS.
505 2264 658 2308 Guelf.
689 2263 837 2308 Oxon.
881 2264 938 2319 (l.
975 2263 1100 2306 Gro-

204 2330 349 2432 ἵκῃ).
368 2322 698 2427 εἰξξέᾞιῐιὲὲεῖὧ
726 2331 770 2399 et
790 2321 845 2364 V.
868 2321 1101 2365 Broterius

238 2402 260 2431 e
282 2398 372 2430 suns
409 2401 425 2426 r
480 2399 517 2425 1s
659 2408 672 2424 .

263 2452 378 2502 Cu».
401 2455 470 2497 21.
510 2459 556 2494 et
573 2453 671 2495 luce
691 2456 820 2494 orta.
861 2447 1098 2493 Ernestius

205 2525 251 2560 et
291 2511 532 2558 delendum
574 2525 667 2552 esse
710 2515 880 2552 censet.
957 2505 1096 2551 Male.

205 2575 317 2618 Nam
338 2574 438 2613 luce
461 2576 569 2610 orta
595 2565 728 2609 etiam
757 2566 923 2623 pendet
959 2581 982 2608 e
1013 2581 1095 2610 vo-

205 2632 307 2676 cula
339 2629 429 2679 sic,
468 2634 511 2668 et
542 2624 709 2668 dixerat
732 2623 929 2674 Burrus,
967 2622 1095 2678 refu-

203 2692 315 2733 tare
326 2684 556 2738 tenebras,
584 2690 627 2731 et
651 2681 709 2724 ob
731 2680 935 2724 tenebras
961 2680 1093 2722 etiam

202 2749 273 2791 res
306 2750 398 2788 erat
434 2740 580 2785 dilata.
636 2738 703 2797 cf.
738 2747 835 2781 not.
866 2738 920 2781 ad
956 2740 995 2786 1,
1021 2738 1092 2780 55.

202 2798 285 2855 snb
310 2799 452 2845 verbis
477 2797 611 2850 initio
636 2797 756 2839 veris
777 2803 822 2837 et
844 2810 941 2851 rep.
966 2804 1050 2838 etc.

218 2868 227 2919 'f
251 2887 412 2931 poena
455 2873 634 2917 lueret„
714 2866 792 2909 Sic
835 2863 939 2910 MS.
982 2865 1091 2923 Reg.

199 2934 301 2978 edd.
332 2929 452 2988 Spir.
479 2936 531 2972 et·
556 2922 962 2979 Ernest.Brote1-ii
994 2938 1092 2980 sqq.

196 3002 381 3047 poenas
403 2983 555 3029 liceret
587 2981 725 3026 MSS.
758 2982 873 3024 Bua.
915 2982 1090 3034 (penas)

198 3045 356 3097 Guelf.
387 3041 510 3092 Harl.
532 3039 664 3083 Bodl.
681 3041 759 3082 les.
785 3039 883 3081 edd.
902 3039 1003 3080 Put.
1021 3036 1090 3079 ΠΙ.

201 3117 243 3149 et
264 3105 323 3149 V.
349 3099 556 3146 Beroald.
581 3100 639 3153 (c.
663 3097 806 3139 silent.
824 3093 966 3148 vict.)
986 3093 1090 3137 Alc.

197 3145 343 3205 vRben.
380 3174 476 3217 sqq.
503 3153 505 3155 ¹
556 3152 725 3211 Parnm
768 3154 967 3211 interest.
1028 3151 1090 3195 cf.

198 3220 325 3264 c.35.
353 3217 501 3272 capite
521 3227 700 3269 poenas
724 3211 880 3254 luebat
892 3227 908 3261 ;
937 3210 1002 3257 14,
1023 3211 1089 3253 11.

198 3284 246 3319 ,ει
269 3276 407 3318 luisse
430 3288 536 3315 eam
558 3285 764 3323 poenam
796 3269 1088 3311 conscientia.

200 3331 431 3380 Ernestius
476 3325 609 3377 nimis
633 3326 828 3371 sortasse
870 3324 1090 3368 festhlavit

202 3388 514 3446 mutationem.

223 3492 226 3495 .
259 3462 316 3503 iis
350 3458 604 3499 ιησηάαιιζς.
687 3454 791 3501 MS,
826 3451 982 3499 Guelf.
1022 3452 1091 3495 ed.

202 3519 321 3576 Spir.
357 3515 432 3558 his
465 3514 735 3560 mandatis,
786 3512 954 3568 vulgari
985 3525 1091 3555 con-

200 3576 394 3627 fusione,

1140 3452 1284 3498 ,riteh

1231 1908 1394 1949 deinde
1416 1923 1450 1948 a
1469 1907 1652 1952 Burm.
1710 1906 1789 1952 Sic
1819 1908 1921 1953 edd.
1945 1909 2068 1970 Spir.

1174 1963 1315 2007 Rhen.
1346 1971 1390 2017 (e
1407 1964 1504 2007 MS.
1521 1965 1657 2021 Bud.)
1693 1981 1791 2023 sqq.
1808 1990 1860 2000 —
1898 1969 2070 2012 deindo

1173 2030 1218 2065 et
1239 2039 1270 2063 a
1291 2023 1448 2064 Burro
1472 2021 1573 2065 MS.
1601 2022 1733 2066 Bodl.
1759 2024 1862 2068 edd.
1877 2024 2066 2072 Put.M.

1174 2088 1216 2123 et
1236 2078 1294 2123 V.
1315 2079 1525 2122 Beroald.
1548 2080 1609 2135 (c.
1631 2079 1781 2123 silent.
1798 2081 1934 2139 vict.)
1955 2081 2065 2126 Alc.

1171 2161 1228 2170 —
1259 2137 1362 2179 MS.
1391 2135 1545 2180 Guelf.
1582 2153 1666 2196 pro
1695 2139 1864 2182 deinde
1894 2139 2070 2183 exhibet·

1171 2196 1277 2238 dein
1303 2195 1412 2250 (sine
1434 2196 1511 2251 et).

1230 2278 1505 2333 Agrippina.
1565 2276 1650 2322 Ed.
1674 2279 1705 2323 S
1739 2279 1793 2322 ir.
1822 2287 1866 2322 et
1888 2280 2062 2334 Agrip-

1165 2336 1301 2392 pina.
1362 2334 1484 2377 ldem
1508 2336 1702 2380 inMSS.
1751 2336 1835 2381 lor.
1855 2335 2064 2382 etGuelf.

1171 2409 1265 2436 esse
1295 2399 1529 2436 testantur.
1611 2391 1843 2442 Victorius
1875 2394 1929 2438 de
1962 2389 2065 2438 Flo·

1171 2457 1287 2494 rent.
1317 2457 1456 2492 tacet:
1492 2450 1539 2493 in
1562 2448 1715 2495 Guelf.
1746 2461 1790 2495 et
1810 2462 1955 2511 'supra
1988 2453 2064 2496 ad-

1168 2508 1384 2565 scriptum
1420 2517 1497 2551 est.
1566 2507 1747 2565 Scilicet
1776 2509 1812 2554 'si
1843 2509 1995 2567 legist'
2015 2517 2063 2553 et

1166 2565 1454 2619 Agrippina,
1505 2573 1600 2608 tum
1644 2567 1775 2610 etiam
1819 2566 2060 2625 legendum

1168 2623 1274 2666 erit:
1306 2630 1350 2663 et
1371 2639 1402 2663 a
1426 2623 1606 2674 Burro,
1634 2631 1684 2666 ut
1708 2631 1752 2665 et
1774 2648 1829 2658 —
1850 2631 1895 2666 et
1912 2651 1972 2660 -
1993 2624 2059 2667 in-

1167 2679 1311 2724 vicem
1337 2679 1419 2721 sibi
1444 2680 1760 2736 respondeant.
1784 2687 1787 2692 “
1822 2681 1873 2724 ln
1905 2679 1988 2725 hac
2011 2698 2060 2724 re

1166 2737 1517 2780 consentientem
1555 2736 1660 2779 mihi
1693 2737 1881 2784 invenio
1909 2738 2058 2783 Ki‘ess‘-

1168 2793 1373 2851 lingium.
1937 2798 1943 2806 ¹

1224 2864 1362 2907 edito.
1422 2863 1506 2908 Ed.
1543 2864 1662 2922 Spir.
1700 2867 1906 2919 edicam,
1947 2868 2058 2910 scrin

1164 2921 1293 2979 ptura
1330 2921 1446 2964 haud
1486 2923 1588 2965 salis
1621 2922 1892 2967 verisimilis.
1973 2924 2057 2969 Ea-

1165 2979 1267 3021 dem
1303 2981 1506 3034 proinde
1545 2995 1628 3037 pro
1656 2982 1866 3035 perinde.
1948 2983 2072 3037 Moxl

1164 3035 1223 3077 ibi
1252 3037 1476 3086 omittitur
1508 3040 1551 3079 si
1573 3046 1673 3080 anie
1698 3038 1901 3088 Iturius,
1943 3040 2055 3098 pun·

1164 3101 1236 3135 cto
1274 3095 1419 3149 pos-ito
1454 3104 1553 3137 ante
1584 3095 1702 3137 iden.
1787 3094 1878 3138 Pro
1913 3100 2056 3140 suscie

1158 3153 1360 3205 piendae
1383 3153 1536 3194 eadem
1564 3152 1636 3195 dat
1658 3154 2014 3210 suscapiendam.

1223 3223 1532 3265 conscientia„
1597 3220 1754 3273 Intell.
1800 3220 2052 3282 ‘parricidii-

1164 3279 1317 3322 lnnuit
1369 3278 1618 3336 Agrippina
1674 3295 1799 3335 suam
1854 3281 2051 3326 caedem.

1163 3336 1327 3380 Subit-e
1378 3338 1710 3379 conscientiam
1760 3340 1825 3382 'est
1878 3336 2054 3393 facinus

1167 3395 1466 3442 committere,
1496 3394 1617 3451 quod
1646 3395 1963 3444 conscientiam
1988 3397 2054 3440 in-

1357 3451 1754 3508 lntcrpretationes
1786 3447 2053 3496 nostratium

1167 3509 1255 3550 hoc
1289 3507 1392 3551 loco
1429 3509 1650 3552 vacillant.
1731 3506 1821 3552 Pro
1860 3506 2055 3553 Caesari

1168 3566 1267 3610 MS.
1298 3564 1451 3609 Guelf.
1485 3566 1558 3609 dat
1596 3566 1833 3617 Caesarne,
1879 3567 2050 3611 vitiose.
