2216 4010
1103 87 1137 102 ὤ

269 228 319 266 A.
336 227 390 264 15.
406 224 493 260 800.

269 270 389 307 mc,
431 270 493 304 47.
772 227 942 289 LIB.
973 228 1079 290 XI.
1140 226 1349 291 >CAR
1384 232 1443 290 2.
1992 235 2032 292 7

183 363 511 437 arguebat}>
529 360 663 416 exin
690 358 1045 416 adulterium
1069 357 1375 434 Poppaeae
1402 379 1468 416 ac
1490 370 1850 434 postremum
1874 365 2031 423 mol-
2096 350 2098 353 V

181 449 367 504 litiam
392 445 654 520 corporis
681 445 1026 503 obiectante.
1113 440 1186 500 ad
1224 445 1385 520 quod
1421 445 1576 501 victo
1615 436 2032 524 silentiopross.
2055 436 2078 447 ⁵

179 533 344 607 rupit
371 550 506 588 reus
532 541 618 599 et,
669 530 1011 602 „interroga
1027 527 1072 598 ‚’'
1125 530 1348 606 inquit,
1400 528 1636 600 „Suili‚
1687 531 1840 588 filios
1869 544 2025 590 tuos:

179 618 420 688 „virum
457 635 577 671 esse
611 634 704 670 me
730 613 1139 670 fatebuntur:”
1181 615 1589 689 ingressusque
1624 616 2027 675 defensionem
2070 670 2075 674 .

176 714 470 760 commoto
507 700 790 756 maiorem
825 699 890 754 in
914 700 1159 758 modum
1183 697 1431 755 Claudio
1464 697 2026 779 Messallinaesquo-

175 808 288 864 que
325 787 594 843 lacrimas
629 784 855 844 excivit.
955 785 1169 860 quibus
1203 784 1512 840 abluendis
1552 779 1824 842 cubiculo
1861 807 2025 861 egre-

175 874 343 929 diens
370 882 571 927 monet
594 868 933 938 Vitellium,
977 889 1052 924 ne
1080 869 1232 924 elabi
1269 889 1439 925 reum
1473 869 1707 929 sineret.
1793 871 1914 946 ipsa
1945 875 2019 929 ad

171 956 493 1034 perniciem
528 954 832 1030 Poppaeae
867 954 1103 1010 festinat
1139 954 1435 1023 subditoS‚
1489 954 1594 1030 qui
1629 966 1854 1012 terrore
1893 975 2022 1013 car-

173 1042 319 1099 ceris
356 1043 431 1098 ad
456 1039 852 1098 voluntariam
883 1049 1142 1101 mortem¹
1169 1039 1593 1113 propellerent,
1637 1041 1780 1097 adeo
1817 1041 2021 1114 ignaro

171 1125 445 1196 Caesare,
501 1137 569 1183 ut
605 1143 820 1200 paucos
859 1134 992 1199 post
1025 1123 1148 1180 dies
1183 1125 1517 1199 epulantem
1553 1126 1709 1200 apud
1745 1145 1804 1182 se
1838 1127 2022 1183 mari·-

226 1327 359 1402 exin:
416 1357 491 1401 Sic
510 1354 614 1400 MS.
638 1355 759 1398 Flor.
783 1355 897 1407 (test.
916 1353 1058 1409 vict.)
1128 1354 1364 1398 Broterius
1395 1362 1511 1399 tacet
1534 1355 1588 1398 de
1611 1353 1747 1400 MSS.
1777 1333 1949 1402 Vaticc.
1974 1365 2017 1401 et

167 1415 267 1459 edd.
302 1415 402 1459 Put.
437 1415 505 1456 M.
541 1422 582 1457 et
603 1415 660 1456 V.
711 1411 918 1455 Beroald.
954 1413 1054 1455 Ale.

166 1472 311 1516 Rhen.
335 1472 440 1516 Ald.
466 1488 562 1530 sqq.
622 1473 789 1513 exinde
813 1470 882 1512 ed.
906 1469 1025 1527 Spir.

224 1543 482 1598 Poppaeae.
524 1542 600 1585 Sic
622 1542 720 1584 edd.
738 1548 927 1583 recentt.
951 1540 1054 1582 inde

165 1598 337 1658 aLipsii
354 1602 514 1659 prima.
563 1600 769 1654 Poppeae
785 1597 886 1640 MS.
903 1596 1054 1640 Guelf.

165 1658 264 1702 edd.
304 1658 552 1716 δρία-ΡΜ.
588 1658 654 1700 Μ.
680 1666 723 1699 et
748 1656 801 1697 V.
845 1654 1051 1696 Beroald.

76 1709 81 1714 ¹
163 1715 266 1758 Ale.
288 1715 432 1760 Rhen.
456 1714 561 1757 Ald.
623 1714 778 1770 Poppe
804 1709 906 1755 MS.
930 1711 1052 1755 Flor.

166 1775 287 1828 (test.
302 1772 446 1826 Vict.)

217 1856 274 1884 ac
290 1849 595 1896 postremum.
641 1840 718 1883 Sic
733 1841 772 1888 1,
784 1837 876 1890 74.;
895 1854 1051 1897 graece

161 1895 385 1952 ὕστατον,
448 1897 648 1941 adverbii
703 1898 822 1940 loco'.
912 1895 1049 1938 MSS.

162 1955 314 2000 Guelf.
337 1955 458 2000 Harl.
478 1956 561 1998 les.
595 1971 644 1998 ex
667 1954 838 1999 inscitia
871 1956 936 1996 ad
960 1969 1049 2010 po-

160 2022 406 2057 stremum.

214 2083 486 2126 mollitiam.
532 2082 634 2126 MS.
649 2080 800 2125 Guelf.
817 2081 917 2125 edd.
931 2080 1049 2139 Spir.

158 2140 264 2184 Put.
288 2140 358 2184 M.
385 2149 428 2183 et
441 2140 498 2184 V.
541 2139 744 2183 Beroald.
771 2141 892 2194 (cum
919 2139 1049 2182 silen-

156 2198 223 2241 tio
239 2197 373 2254 vict.)
393 2198 660 2241 mollicium.
721 2198 918 2241 Aleiatus
933 2196 1047 2239 Rhe-

156 2271 302 2299 nanus
323 2270 421 2312 sqq.
445 2256 719 2297 mollitiam.

216 2326 488 2368 obiectanee.
564 2324 641 2369 Sic
684 2334 790 2368 vett.
835 2323 954 2368 libri.
986 2348 1045 2357 -

151 2381 273 2424 Edd.
288 2381 406 2438 Lips.
428 2383 570 2425 Silius
595 2416 606 2426 .
621 2413 632 2425 .
648 2415 658 2426 .
673 2386 910 2425 obiectare.
958 2382 1045 2424 Ve-

152 2447 299 2505 terem
349 2441 617 2496 scripturam
672 2440 868 2484 Pichena
914 2439 1043 2482 resti—

156 2503 256 2539 tmt.

210 2581 329 2622 victo
364 2580 561 2623 silentio.
638 2577 715 2622 Sic
747 2578 884 2622 MSS.
920 2579 1044 2622 Flor.

154 2636 338 2692 (t.Vict.
371 2646 414 2680 et
439 2638 580 2693 Pieh.)
612 2637 726 2680 Bud.
759 2636 907 2680 Guelf.
942 2637 1041 2679 edd.

154 2694 258 2738 Put.
281 2695 348 2738 M.
373 2703 416 2739 et
439 2696 494 2738 V.
530 2694 736 2737 beroald.
764 2694 866 2738 Ale.
899 2693 1042 2736 Rhen.

153 2752 258 2795 Ald.
289 2768 386 2810 sqq.
466 2752 619 2795 Recte.
694 2751 810 2795 Nam
854 2752 1043 2794 destina-

153 2817 252 2852 tum
301 2809 388 2852 fuit
433 2808 630 2852 Asiatico
682 2808 860 2852 silentio
908 2808 1041 2858 ferre,

154 2881 267 2924 quae
308 2867 663 2919 obiectat-entur;
709 2866 864 2909 silebat
904 2865 1041 2924 igitur

153 2932 197 2967 et
228 2923 402 2966 silentio
431 2925 634 2969 vincebat
661 2923 947 2981 cupiditatem
974 2940 1041 2966 re·

153 2981 419 3039 spondendi.
479 2981 540 3024 At
561 2989 841 3038 postremum
868 2981 1037 3024 victum

153 3046 218 3081 est
247 3038 468 3081 silentium
503 3038 544 3080 h.
577 3055 613 3081 e.
643 3053 738 3090 non
772 3038 917 3095 potuit
950 3054 1039 3080 am-

152 3095 268 3154 plius
290 3094 435 3138 silere.
497 3094 654 3151 Cogita
678 3095 731 3138 de
753 3094 1040 3139 contentione

153 3168 366 3195 sensuum
408 3152 524 3194 intra
557 3152 756 3194 animum
790 3151 892 3195 viri.
965 3151 1040 3196 Sic

151 3211 268 3251 vieto
299 3211 468 3263 gemitu
496 3207 537 3259 4,
562 3210 601 3251 8.
660 3209 741 3251 Ed.
762 3207 879 3266 Spir.
909 3207 1040 3252 habet

150 3267 266 3310 inito
289 3267 498 3314 silentio,
530 3266 649 3308 unde
671 3266 845 3308 Ernest.
874 3265 1038 3308 frustra

153 3323 338 3367 coniicit
360 3324 502 3380 finito
543 3338 580 3365 s.
658 3323 710 3366 In
742 3322 905 3381 quibus
933 3332 1035 3365 vett.

150 3380 276 3423 libris
321 3379 492 3438 Lipsius
536 3379 756 3423 invenerit
793 3381 963 3437 indicto
1002 3394 1038 3424 s.

152 3437 292 3501 (quod
322 3436 415 3493 ipse
449 3436 648 3480 defendit
674 3445 717 3479 et
737 3436 1038 3487 Boxhornius;

152 3493 322 3536 diversa
354 3503 504 3536 tamen
552 3502 739 3552 uterque
777 3494 1037 3553 interpreta-

151 3549 294 3607 tione)
327 3551 530 3595 nondum
561 3550 704 3595 habeo
739 3560 1038 3610 compertum.

1130 1412 1422 1463 oxonienss„
1452 1412 1649 1470 Ryckius
1672 1414 1730 1458 de
1749 1413 1859 1472 Agr.

1184 1498 1337 1539 virum
1360 1511 1461 1539 esse
1485 1513 1573 1539 me.
1634 1497 1711 1542 Sic
1737 1497 1871 1541 MSS.
1890 1497 2016 1544 Flor.

1125 1555 1390 1610 (tesnvict.)
1413 1553 1565 1598 Guelf.
1583 1556 1698 1612 Agr.
1715 1556 1829 1610 (test.
1843 1551 2017 1612 Heins'.)

1125 1621 1166 1654 et
1203 1612 1273 1653 alii
1308 1611 1442 1653 codd.
1479 1613 1594 1667 (test.
1615 1613 1812 1669 Broter.)
1871 1612 2013 1670 Bene.

1123 1669 1236 1711 Nam
1261 1668 1325 1711 vis
1355 1669 1571 1711 orationis
1600 1670 1716 1712 cadit
1739 1670 1784 1711 in
1807 1685 1909 1713 esse
1934 1686 2014 1728 po-

1125 1726 1211 1768 tius
1245 1741 1379 1780 quam
1410 1728 1454 1768 in
1483 1741 1571 1768 me.
1632 1726 1777 1769 Ceteri
1807 1728 1933 1775 libri,
1963 1734 2015 1769 ut

1123 1782 1356 1826 MS.Bud.
1380 1782 1496 1836 (test.
1509 1782 1683 1838 Oberl.)
1706 1791 1747 1824 et
1769 1784 1871 1826 edd.
1894 1781 2015 1841 Spir.

1122 1840 1224 1885 Put.
1250 1839 1318 1882 M.
1343 1848 1387 1882 et
1409 1840 1463 1882 V.
1496 1839 1704 1883 Beroald.
1735 1839 1838 1884 Ale.
1865 1839 2012 1899 Rhen.

1119 1911 1716 2011 xlstiatizffssimqurilleeriisffon
1748 1897 2011 2012 essigtzlalli'iz

1122 2028 1250 2062 cum,
1280 2010 1355 2054 sed
1378 2013 1484 2054 tales
1508 2027 1600 2054 esse
1616 2010 1745 2054 Suilii
1768 2011 1906 2064 filios,
1934 2012 2012 2070 qui

1121 2069 1182 2112 illi
1208 2084 1254 2111 se
1279 2077 1436 2125 stupro
1458 2084 1626 2114 venum
1649 2068 1885 2114 dedissent.

1176 2146 1411 2181 commoto
1433 2168 1448 2182 .
1468 2170 1478 2180 .
1500 2139 1712 2182 Claudio.
1761 2138 1851 2183 'Sic
1870 2139 2007 2185 MSS.

1117 2196 1241 2239 Flor.
1259 2195 1519 2252 (test.Vict.)
1537 2194 1692 2239 Guelf.
1716 2196 1815 2239 edd.
1829 2197 1927 2240 Put.
1941 2198 2009 2250 M.

1119 2253 1227 2297 θῖν’.
1253 2253 1461 2296 Beroald.
1479 2254 1580 2296 Alc.
1602 2252 1745 2297 Rhen.
1769 2270 1866 2313 sqq.
1906 2255 2008 2311 Dis?

1115 2310 1247 2354 sentit
1271 2310 1341 2353 ed.
1363 2309 1480 2368 Spir.
1503 2326 1616 2368 quae
1636 2311 1764 2367 legit:
1794 2327 2007 2355 comma.-

1115 2376 1187 2409 tus
1213 2369 1442 2410 maiorem
1464 2368 1513 2409 in
1538 2371 1763 2410 modum.-
1812 2369 2008 2413 Claudio

1114 2426 1396 2469 Messalinae
1419 2441 1599 2482 quoque
1621 2428 1658 2468 l.
1681 2440 1782 2468 exc.
1810 2477 1812 2483 s
1991 2425 1993 2427 ’

1171 2496 1414 2538 lacrimas.
1475 2495 1550 2538 Sic
1579 2494 1680 2538 MS.
1707 2494 1833 2538 Flor.
1862 2479 1911 2550 (t.
1932 2486 2006 2542 V.)

1115 2553 1221 2595 edd.
1275 2561 1464 2596 reeentt.
1514 2551 1619 2594 inde
1671 2552 1725 2595 ab
1779 2553 2004 2598 Ernestioe

1115 2612 1381 2665 lachrymas
1416 2609 1518 2654 MS.
1555 2607 1707 2651 Guelf.
1751 2609 1850 2654 edd.
1883 2608 2005 2671 Spir.

1114 2667 1217 2710 Put.
1250 2667 1314 2709 M.
1340 2673 1381 2708 et
1403 2668 1459 2710 V.
1503 2667 1609 2708 Ber.
1633 2664 1739 2710 Ale.
1758 2666 1904 2711 Rhen.
1947 2696 2006 2711 -.-

1115 2728 1349 2824 Icczlc'lynfims
1372 2724 1471 2767 edd.
1495 2723 1616 2781 Lips.
1641 2739 1740 2782 sqq.
1815 2725 1878 2768 cf.
1907 2734 2003 2795 not.

1115 2799 1136 2826 ³
1166 2813 1432 2906 peiniciem.
1508 2848 1585 2894 Sic
1619 2820 1753 2895 MSS.
1791 2851 1828 2894 F
1833 2821 1914 2895 lor.
1951 2852 2000 2906 (t.

1111 2909 1193 2966 V.)
1229 2907 1381 2952 Guelf.
1412 2907 1512 2951 edd.
1547 2907 1649 2951 Put.
1673 2909 1741 2952 M.
1766 2909 1876 2952 etV.
1920 2909 2004 2952 Be-

1111 2966 1255 3009 roal‘d.
1290 2966 1385 3009 Alc.
1418 2964 1558 3008 Rhen.
1591 2981 1689 3024 sqq.
1746 2966 2001 3020 pernitiem

1112 3025 1186 3066 ed.
1209 3023 1348 3082 Spir.‚
1380 3023 1443 3064 uti
1464 3022 1593 3065 solet.

1168 3096 1386 3136 subditos.
1446 3089 1596 3148 Vulgo
1617 3093 1812 3135 subditis
1840 3107 2000 3137 secun·

1112 3151 1219 3194 dum
1243 3151 1344 3193 MS.
1371 3147 1521 3191 Guelf.
1545 3147 1761 3192 edd.Put.
1790 3149 1857 3192 M.
1882 3159 1926 3192 et
1938 3150 1997 3189 V.

1108 3209 1214 3251 Ber.
1231 3207 1329 3251 Alc.
1344 3206 1486 3248 Rhen.
1512 3221 1608 3263 sqq.
1667 3207 1874 3248 subditos
1895 3206 1996 3250 MS.

1110 3266 1234 3308 Flor.
1271 3265 1320 3319 (t.
1346 3264 1418 3317 V.)
1456 3272 1498 3306 et
1524 3263 1595 3306 ed.
1617 3261 1764 3321 Spir.,
1808 3271 1857 3306 ut
1891 3279 1996 3308 con·

1111 3324 1266 3379 iungas
1289 3320 1497 3377 festinat
1530 3321 1758 3369 subditos,
1804 3320 1885 3376 qui
1907 3327 1993 3365 ete.

1108 3380 1572 3480 3¹¹³⁶1r³¹³⁰d³¹¹²ss²5
1602 3376 1995 3477 {leffmffi'jffli'

1107 3451 1625 3548 Sicv'escli'iiarelignnortem
1636 3452 1677 3541 ίῖ,
1685 3450 1769 3535 28?r
1788 3464 1999 3546 festina:

1108 3552 1172 3593 υιί
1195 3557 1351 3594 cetera
1371 3551 1501 3606 plebs
1528 3557 1612 3595 ete.
1636 3548 1755 3611 Hist.
1777 3549 1817 3598 1,
1836 3547 1912 3592 77.
