2164 3990
582 224 756 284 LIB.
794 222 926 282 XV.
988 219 1185 280 CAP.
1215 218 1316 280 44.
1352 218 1454 279 45.
1825 219 1946 276 381

95 363 227 419 bitu
278 358 513 431 'aurigae
566 352 890 430 permixtus
944 351 1107 427 plebi
1161 350 1256 406 ‘vel
1308 347 1600 420 curriculo
1653 348 1950 407 insistens.

94 448 255 505 unde
303 459 643 521 quanquam
681 438 960 494 adversus
996 446 1192 493 sontes
1229 444 1286 491 et
1324 427 1644 490 novissima
1689 434 1953 508 exempla

95 530 338 588 meritos
367 523 664 584 miseratio
691 522 1019 591 oriebatur,
1073 532 1357 596 tanquam
1375 538 1518 574 ‘non
1555 518 1807 576 utilitate
1840 538 1954 593 pu-

97 618 253 673 blica
279 615 382 671 sed
410 613 476 668 in
504 608 808 666 saevitiam
831 607 1012 663 unius
1037 607 1508 663 absumerentur.

90 208 94 215 '
178 226 301 262 A.1J.
316 225 399 259 sis.

180 271 229 306 A.
251 268 308 305 C.
339 268 409 304 65.

267 720 452 781 XLV.
498 719 728 777 Interea
763 716 1132 774 conferendis
1170 715 1434 791 pecuniis
1468 725 1795 790 pervastata
1835 713 1955 771 Ita-

100 799 592 884 lia‚⁸p'rovinciae
616 823 848 860 eversae
876 802 1134 879 sociique
1158 800 1367 876 populi
1396 810 1453 857 et
1476 818 1622 886 quae
1653 799 1955 857 civitatum

100 897 320 953 liberae
341 902 660 948 ¹vocantur.
748 889 930 964 inque
957 907 1085 944 eam
1112 887 1393 960 praedam
1424 885 1600 943 etiarn
1623 884 1710 942 dii
1738 905 1957 941 cessere

101 977 364 1056 spoliatis
403 977 468 1032 in
504 976 651 1032 urbe
685 973 920 1048 templis
964 982 1274 1047 egestoque
1307 990 1480 1038 aur0,
1547 970 1712 1047 quod
1744 970 1973 1029 trium-1

100 1063 267 1143 phis‚
320 1063 480 1139 quod
518 1059 670 1117 votis
695 1058 903 1125 xomnis
941 1056 1150 1133 populi
1183 1052 1447 1114 Romani
1486 1066 1642 1113 aetas
1664 1059 1958 1132 'prospere

107 1163 209 1208 aut
266 1149 332 1203 in
384 1157 545 1203 metu
599 1154 942 1202 sacraverat.
1043 1141 1342 1197 enimvero
1386 1160 1493 1214 per
1536 1134 1741 1197 Asiam
1785 1153 1961 1218 atque

104 1231 391 1293 Achaiam
414 1252 539 1288 non
561 1232 716 1286 dona
740 1239 970 1286 tantum
996 1227 1091 1282 sed
1123 1225 1434 1282 simulacra
1459 1222 1778 1282 numinum
1800 1226 1962 1283 abri—

106 1321 421 1396 piebantur
461 1315 655 1371 missis
704 1313 768 1367 in
812 1332 906 1367 eas
951 1311 1286 1386 provincias
1323 1306 1541 1368 Acrato
1583 1331 1649 1367 ac
1684 1310 1960 1380 Secundo

104 1404 405 1475 Carinate:
463 1401 564 1455 ille
592 1399 839 1454 libertus
863 1397 1192 1473 cuicunque
1217 1395 1439 1468 flagitio
1465 1408 1776 1471 promptus
1792 1443 1809 1467 ‚
1863 1393 1961 1452 hic

105 1489 329 1544 Graeca
373 1485 641 1542 doctrina
679 1504 779 1538 ore
818 1494 987 1538 tenus
1016 1482 1329 1549 exercitUS,
1375 1482 1641 1538 animum
1667 1482 1843 1537 honis
1866 1502 1963 1537 ar-

106 1725 203 1752 ram
274 1707 405 1751 etiam
461 1705 685 1764 Sulpicius
754 1703 996 1748 consentit.

107 1767 382 1823 Quanquam
425 1763 569 1807 Tacit.
610 1762 721 1805 Hist.
760 1763 803 1810 Ξ,
835 1762 907 1805 86.
951 1763 999 1804 in

105 1826 234 1868 nullo
259 1822 515 1865 Othoniani
535 1821 644 1863 belli
664 1835 750 1862 usu
760 1821 874 1876 fuit.

165 1879 394 1923 curriculo
451 1879 682 1921 insistens.
771 1877 846 1920 Sic
899 1876 998 1920 MS.

107 1940 214 1996 Agr.
266 1945 308 1980 et
351 1936 454 1980 inde
503 1936 603 1979 edd.
642 1933 784 1992 Ryck.
820 1933 997 1976 Ernest.

106 1995 284 2038 Broter.
320 2010 418 2051 sqq.
480 1993 539 2036 cf.
567 1994 631 2044 14,
663 1992 728 2034 14.
772 1991 999 2034 curriculo

109 2053 453 2108 quadrigarum
487 2051 717 2094 insistere.
777 2048 895 2091 Plin.
927 2065 997 2106 ep.

106 2111 148 2161 9,
166 2111 208 2154 6.
241 2109 502 2152 insistentes
532 2109 741 2148 curribus
775 2106 999 2148 homines.

107 2168 196 2210 Sed
230 2165 301 2208 alii
337 2163 471 2208 codd.
507 2164 643 2207 MSS.
685 2171 726 2206 et
765 2163 865 2206 edd.
898 2171 1000 2205 ante

106 2222 329 2283 Ryckium
353 2236 512 2263 omnes
539 2223 707 2264 circulo
727 2221 957 2263 insistens.

165 2284 213 2323 in
262 2281 521 2322 saevitiam.
604 2278 707 2320 MS.
756 2277 907 2319 Guelf.
957 2280 1004 2319 in

108 2337 321 2382 sceuiciu.

167 2396 542 2437 absumerentur.
601 2392 677 2435 Sic
709 2390 810 2433 MS.
850 2390 1002 2433 Guelf.

111 2453 214 2496 edd.
246 2451 364 2510 Spir.
402 2449 504 2493 Put.
544 2449 609 2492 M.
642 2455 686 2490 et
708 2447 763 2491 V.
793 2447 1002 2491 Beroald.

111 2514 171 2565 (e.
211 2509 278 2551 sil.
311 2507 450 2563 Vici.)
485 2506 627 2550 Rhen.
666 2521 766 2564 sqq.
839 2505 891 2547 ln
934 2505 1005 2547 ed.

95 2566 273 2611 ‘Aleiah
298 2564 403 2607 vitio
426 2573 602 2623 typogr.
635 2563 881 2620 inrepserat
913 2565 1005 2604 ad·-

109 2629 425 2673 sumereniur,
476 2622 598 2679 quod
629 2619 790 2665 vitium
824 2619 1005 2663 Rhena-

110 2698 195 2725 nus
232 2679 436 2725 correxit.
506 2679 644 2736 Igitur
687 2678 1007 2720 absumeretur

112 2755 207 2782 non
229 2752 283 2780 eo
303 2737 400 2779 iure
422 2733 889 2786 u·ihuitu1·Rhenano‚
915 2751 1003 2792 quo

114 2802 238 2853 putat
259 2792 566 2850 Kiessliug'zus.

171 2849 366 2896 CAP.45.
389 2851 678 2905 conferendis
695 2850 921 2905 pecuniis.
947 2849 1005 2893 cs.

113 2907 361 2966 Xiphil.62‚
380 2906 444 2949 18.
468 2914 574 2949 extr.
608 2909 727 2952 Suet.
745 2907 854 2950 Ner.
880 2905 1007 2952 αδδ.

166 2970 459 3020 pervastata.
567 2964 650 3007 Ed.
713 2963 833 3024 Spir.
891 2979 1006 3019 per-

119 3029 270 3066 vasta.
337 3019 505 3064 Eadem
544 3037 648 3064 mox
690 3038 774 3080 pro
813 3023 882 3064 dii
918 3037 1008 3064 ces·

114 3093 220 3122 sere
250 3079 336 3123 fert
365 3081 503 3121 duces
523 3078 683 3135 fuere.
755 3075 857 3123 MS.
888 3078 1004 3122 ssud.

115 3139 166 3178 in
218 3149 412 3191 eamque
456 3139 694 3190 praedam
742 3152 824 3194 pro
876 3138 1008 3192 inque

115 3209 225 3236 eam
265 3195 511 3247 praedam.
595 3191 785 3250 Vulgata
828 3202 1010 3237 tuentur

118 3259 221 3294 vett.
254 3248 354 3293 edd.
399 3249 455 3303 (c.
489 3249 557 3292 sil.
590 3249 745 3305 vien).
816 3249 868 3293 In
902 3250 1003 3294 MS.

118 3307 268 3351 Guelf.
294 3314 396 3350 ante
422 3308 490 3348 dii
513 3306 635 3349 deest
666 3307 812 3350 etiam
831 3316 874 3351 et
906 3323 1009 3351 mox

115 3367 181 3408 in.
272 3363 444 3408 [bidem
485 3372 585 3406 ante
630 3363 884 3418 triumphis
922 3381 1007 3423 pro

118 3425 238 3475 quod
257 3421 419 3480 legitur
443 3428 504 3462 ee.

168 3492 404 3532 prospere.
454 3476 682 3522 Acidalius
704 3477 884 3523 volebat
898 3492 1007 3532 pro·

113 3548 251 3588 spera
283 3550 357 3587 re,
405 3534 528 3593 quod
562 3534 754 3593 probant
782 3533 1007 3584 Heinsius,

1071 1703 1328 1752 Ernestius,
1365 1702 1674 1763 KiesslingiuS.
1734 1705 1822 1750 Sed
1845 1719 1967 1759 pro-

1070 1776 1202 1815 spere
1234 1779 1282 1804 ex
1301 1762 1447 1806 Taciti
1478 1778 1560 1805 usu
1592 1761 1778 1820 ponitur
1811 1765 1969 1821 proin

1067 1834 1296 1874 prospero
1317 1827 1461 1863 statu.
1523 1818 1583 1863 cf.
1609 1827 1704 1863 not.
1729 1819 1786 1864 ad
1810 1824 1848 1871 1,
1870 1820 1939 1864 10.

1128 1878 1176 1918 in
1203 1884 1347 1921 metu.
1405 1876 1507 1920 MS.
1532 1875 1687 1920 Guelf.
1707 1883 1836 1932 metu
1858 1878 1969 1921 abs-

1073 1950 1158 1992 que
1183 1934 1529 1992 praepositione.

1128 1992 1497 2046 abripiebantur.
1566 1990 1652 2033 Ed.
1682 1990 1799 2049 Spir.
1843 1993 1969 2045 obri-7

1065 2050 1331 2102 piebantur.
1393 2048 1465 2091 De
1497 2063 1549 2092 re
1584 2047 1645 2093 cf.
1678 2047 1871 2093 Pausan.
1902 2049 1970 2102 10,

1073 2106 1114 2148 7.
1163 2104 1279 2148 Plin.
1306 2104 1377 2156 34,
1402 2106 1444 2147 8.

1131 2165 1306 2205 Acrato
1359 2179 1414 2205 ac
1463 2165 1674 2209 Secundo
1730 2164 1967 2209 Carinate.

1073 2221 1151 2263 Sic
1175 2221 1274 2263 edd.
1298 2220 1402 2263 Put.
1418 2221 1485 2264 M.
1508 2229 1555 2263 et
1570 2219 1626 2265 V.
1641 2221 1851 2266 Beroald.
1867 2224 1969 2268 Alc.

1076 2277 1217 2321 Rhen.
1235 2293 1347 2334 sqq„
1373 2279 1457 2320 nisi
1481 2277 1604 2335 quod
1629 2278 1733 2324 edd.
1748 2279 1851 2323 Put.
1869 2280 1969 2325 Ber.

1075 2335 1176 2378 Alc.
1203 2350 1310 2377 cum
1331 2334 1436 2377 MS.
1462 2334 1612 2379 Guelf.
1642 2335 1791 2379 ferunt
1818 2347 1863 2380 et
1885 2353 1969 2396 pro

1076 2407 1146 2434 ac.
1217 2391 1300 2433 Ed.
1337 2392 1451 2449 Spir.
1487 2395 1604 2434 Acco
1647 2408 1702 2434 ac
1739 2396 1972 2443 Secundo,

1078 2448 1246 2491 omisso
1273 2447 1509 2491 Carineee.
1572 2449 1675 2493 MS.
1705 2451 1825 2496 Flor.
1855 2453 1991 2507 (lesu.

1076 2504 1223 2562 Pich.)
1260 2504 1389 2548 habet
1413 2505 1708 2560 Caprenate3
1747 2518 1846 2554 test.
1878 2511 1969 2554 Iac.

1079 2562 1318 2606 Gronovio
1359 2563 1592 2618 Capuam,
1643 2573 1686 2608 et
1717 2583 1852 2626 super
1888 2569 1971 2612 litt.

1071 2638 1106 2675 p
1142 2620 1415 2678 adscriptum
1441 2623 1458 2662 i
1469 2638 1483 2671 ,·
1521 2631 1619 2665 test.
1651 2622 1853 2668 victorio
1879 2627 1973 2670 Co-

1312 2676 1448 2721 MSS.
1464 2677 1586 2722 Harl.
1603 2679 1735 2725 Bodl.
1753 2681 1835 2726 Ies-
1852 2683 1968 2727 Bud.

1080 2734 1229 2777 Guelf.
1256 2733 1535 2787 Caprinate3
1565 2736 1667 2781 MS.
1686 2738 1824 2783 Corb.
1853 2740 1972 2784 Cra-

1074 2794 1251 2846 pinate.
1314 2791 1487 2835 Verum
1518 2793 1622 2837 satis
1655 2797 1869 2841 credibile
1909 2810 1974 2843 est

1076 2849 1197 2892 hunc
1221 2849 1407 2906 intelligi
1429 2850 1646 2902 eundem,
1677 2853 1732 2896 de
1754 2870 1844 2911 quo
1865 2858 1973 2900 scri-

1080 2907 1166 2963 psit
1179 2905 1268 2948 Dio
1285 2907 1355 2955 59,
1369 2907 1442 2950 20.
1477 2903 1596 2951 οὕτω
1618 2909 1673 2954 δὲ
1694 2910 1752 2967 δὴ
1773 2911 1826 2956 τὸ
1849 2911 1972 2972 σύμ-

1080 2977 1176 3031 πυξν
1198 2962 1524 3036 καὶιβάσκανςς
1543 2968 1620 3010 καὶ
1635 2965 1844 3020 ὕποπτος
1858 2973 1973 3031 πρὸς

1080 3034 1234 3064 narra
1268 3026 1441 3080 ομοίως
1473 3035 1532 3078 ην
1561 3023 1822 3085 (Caligula),
1863 3027 1972 3078 ὥςτε

1080 3080 1156 3122 καὶ
1174 3081 1664 3138 ΚαρίνανΣεκοῦνδον
1685 3080 1855 3142 ῥήτορα
1877 3103 1974 3146 φυ-

1077 3136 1311 3193 γαδεῦσαι
1339 3152 1478 3193 ποτε,
1514 3136 1584 3185 ὅτι
1613 3137 1758 3199 λόγον
1786 3144 1889 3188 τινὰ
1922 3147 1973 3190 ἐν

1080 3199 1318 3251 γυμνασίᾳ
1371 3193 1488 3239 κατὰ
1530 3195 1778 3258 τυράννων
1830 3198 1974 3249 εἶπεν.

1080 3251 1243 3308 Tangit
1266 3253 1459 3296 eundem
1483 3253 1678 3300 Iuvenal.
1703 3257 1745 3310 7,
1767 3260 1870 3304 203.

1123 3310 1412 3372 cuicunque.
1499 3311 1586 3356 Ed.
1630 3315 1751 3371 Spir.
1793 3321 1969 3375 cuique.

1080 3366 1139 3410 ct.
1166 3373 1260 3411 not.
1282 3367 1339 3410 ad
1365 3369 1404 3419 1,
1415 3368 1456 3413 6.
1482 3370 1565 3413 sub
1588 3387 1628 3414 v.
1650 3377 1940 3433 quandoque.

1136 3437 1217 3466 ore
1249 3431 1399 3469 tenus.
1458 3424 1581 3470 Haec
1608 3429 1768 3476 desunt
1791 3432 1839 3476 in
1864 3434 1967 3479 MS.

1078 3479 1223 3534 Bud.;
1265 3481 1382 3526 bene
1413 3490 1564 3528 tamen
1599 3495 1756 3532 contra
1788 3490 1973 3536 Rhena-

1078 3552 1189 3581 num
1213 3537 1268 3582 ab
1289 3537 1498 3586 Ernestio
1523 3541 1839 3591 defenduntur.

1073 2681 1249 2732 pinute.
