2164 3990
213 222 337 258 A.-U.
355 222 439 256 813.

209 267 263 303 A.
286 267 330 302 C.
379 265 441 300 60.

589 222 765 285 LIB.
799 222 965 286 XIV.
1047 220 1243 286 CAP.
1282 223 1385 284 12.
1415 225 1510 285 13.
1850 224 1976 286 249

126 369 279 416 ctam
305 356 607 413 lenitatem
633 374 799 410 suam
824 353 1259 423 testificaretur,
1301 353 1551 409 feminas
1576 353 1852 411 inlustres
1877 353 1979 411 Iu-

126 443 289 499 niam
322 453 379 498 et
409 439 824 515 Calpurniam,
881 440 1240 513 praefectura
1273 438 1506 495 functos
1533 436 1840 495 Valerium
1865 437 1980 496 Ca-

124 527 395 603 pitonem
439 537 495 583 et
526 524 827 581 Licinium
864 521 1164 579 Gabolum
1206 524 1441 579 sedibus
1477 523 1683 597 patriis
1721 524 1983 580 reddidit

128 613 203 668 ab
229 604 736 686 Agrippina’olim
774 608 992 683 pulsos,
1080 609 1256 664 etiam
1287 607 1515 664 Lolliae
1550 606 1857 664 Paullinae
1897 609 1982 664 ci-

127 717 298 753 neres
332 694 622 770 reportari
649 694 1098 768 sepulcrumque
1125 693 1345 749 exstrui
1369 693 1661 767 permisit:
1712 713 1981 769 quosque

128 782 252 856 ipse
275 801 466 855 nuper
488 779 847 851 relegaverat
868 777 1122 834 Iturium
1149 790 1206 834 et
1228 776 1550 844 Calvisium
1577 798 1768 853 poena
1795 778 1984 834 exsol-

127 867 234 926 vit.
317 865 471 922 Nam
493 863 695 922 Silana
723 865 843 919 fato
867 864 1068 919 functa
1098 874 1250 931 erat,
1304 863 1630 940 longinquo
1668 864 1741 919 ab
1781 862 1983 919 exsilio

130 949 458 1007 Tarentum
481 969 738 1022 regressa
762 949 998 1004 labante
1022 947 1141 1003 iam
1153 944 1510 1023 Agrippina,
1538 948 1702 1006 cuius
1727 948 1987 1004 inimici-

132 1036 228 1093 tiis
255 1036 587 1093 conciderat
604 1080 622 1104 ‚
662 1034 759 1090 vel
781 1044 909 1090 tum
934 1031 1217 1106 mitigata.
1481 1034 1488 1039 ’

300 1171 469 1234 ΧΙΙῙ.
534 1170 854 1231 Cunctanti
894 1170 959 1225 in
1007 1169 1244 1245 oppidis
1280 1165 1666 1244 Campaniae,
1730 1190 1991 1246 quonam

131 1261 310 1316 modo
346 1259 557 1315 urbem
589 1257 1026 1329 ingrederetur,
1091 1275 1169 1310 an
1204 1255 1552 1330 obsequium
1594 1266 1856 1325 senatuS‚
1906 1276 1990 1311 an

134 1345 327 1402 studia
351 1343 540 1420 plebis
564 1341 849 1417 reperiret
874 1339 1046 1396 anxio
1061 1385 1078 1410 ‚
1118 1351 1322 1414 contra
1347 1340 1698 1397 deterrimus
1725 1341 1992 1418 quisque,

135 1589 290 1634 Guelf.
336 1589 440 1633 edd.
482 1589 659 1632 Puteol.
709 1565 805 1646 sqq.
860 1594 1026 1631 tactae.
1099 1586 1387 1642 praecedenti
1421 1586 1584 1646 copula
1617 1595 1678 1631 et.
1738 1587 1808 1630 De
1830 1587 1995 1632 Iturit‘s

134 1647 253 1691 Nam
274 1647 580 1705 praecedentia
607 1646 739 1689 etiam
767 1662 846 1703 per
878 1644 1027 1687 nomi·
1100 1644 1163 1686 nil
1188 1644 1352 1687 audivi.
1855 1642 1862 1648 ’

137 1705 343 1750 nativum
369 1704 648 1746 exhibentur.
1159 1702 1338 1744 Silana.
1398 1701 1475 1746 Sic
1496 1703 1595 1746 edd.
1620 1703 1650 1746 S
1683 1702 1736 1746 ir.
1751 1702 1872 1760 Lips.
1896 1701 1915 1746 s
1950 1719 1995 1762 q.

198 1765 452 1804 lenitatem.
514 1761 599 1805 Ed.
621 1761 740 1819 Spir.
770 1760 1027 1801 levitatem.

197 1821 429 1862 inlustres.
498 1819 575 1862 Sic
607 1818 707 1861 MS.
741 1818 865 1860 Flor.
908 1817 1025 1872 (test.

138 1876 289 1933 vien).
349 1877 556 1918 illustres
580 1875 681 1918 edd.
702 1882 804 1917 vett.

196 1934 409 1976 Iuniam.
480 1933 539 1978 cf.
572 1934 640 1981 12,
668 1932 713 1974 4.
752 1939 794 1974 et
832 1931 873 1973 8.
945 1929 1030 1972 Ed.

138 1990 256 2049 Spir.
289 1991 494 2033 Liviam.

201 2049 521 2101 Calpurniam.
610 2047 686 2090 Sic
745 2045 849 2089 MS.
903 2044 1030 2087 Flor.

138 2111 257 2161 (test.
281 2106 421 2162 Vici.)
455 2114 497 2148 et
531 2104 633 2147 edd.
666 2103 783 2161 LiPS.
813 2119 909 2161 sqq.
969 2101 1028 2146 cf.

142 2165 209 2216 12,
233 2164 303 2208 22.
362 2161 479 2205 Edd.
515 2170 618 2206 vett.
653 2177 693 2206 c.
719 2161 870 2205 Guelf.
909 2159 1036 2203 exhi-

139 2223 248 2266 bent
273 2220 629 2275 Calphurm'am.

141 2275 1039 2392 1eissrtaeffissss‘iss‘ssssmwssmffpfffflblssi

573 2364 613 2386 ⁸2

142 2393 274 2437 multi
312 2393 516 2449 interque
549 2408 624 2434 eos
656 2408 800 2448 nuper
823 2388 1037 2433 Rieklefs.

144 2449 322 2494 Incerta
337 2459 486 2492 tamen
508 2449 760 2491 emendatio
783 2457 860 2491 est.
898 2446 1039 2488 Prae-

133 2507 323 2566 fectura
390 2514 455 2549 est
520 2505 786 2563 plerumque
851 2503 1039 2561 dignitas

147 2564 369 2622 equestris
400 2572 441 2606 et
464 2563 642 2608 'varium
667 2565 760 2606 eius
785 2577 949 2620 genus,
990 2567 1040 2602 ut

145 2622 424 2682 praefectura
439 2621 656 2679 Aegypti,
687 2620 920 2667 classium,
953 2616 1041 2660 ala-

146 2696 279 2728 rum,
310 2678 460 2730 urbis,
489 2693 712 2723 annonae.
774 2678 830 2720 cf.
858 2676 1007 2728 13‚22.

204 2737 451 2780 Licinium.
509 2735 594 2777 Ed.
622 2735 739 2792 Spir.
757 2734 1006 2777 Licimum.

205 2793 404 2836 Lolliae.
466 2793 521 2837 ef.
553 2794 620 2845 12,
653 2794 726 2836 22.
786 2793 855 2834 De
887 2790 1045 2840 Iturio,

152 2851 344 2896 Calvisio
361 2885 372 2901 ,
401 2849 548 2893 Silana
573 2851 664 2895 vid.
694 2850 759 2898 13,
779 2850 851 2893 22.

209 2911 580 2963 sepulcrumque.
658 2907 734 2950 Sic
778 2905 880 2950 MS.
919 2905 1044 2949 Flor.

154 2970 273 3024 (test.
306 2965 450 3017 Vict.)
518 2968 898 3020 sepulchrumque
942 2963 1043 3006 edd.

153 3033 263 3071 vett.
291 3040 330 3066 c.
354 3021 503 3064 Guelf.

213 3080 433 3123 Iturium.
478 3078 590 3123 Cod.
608 3079 765 3123 Ursin.
784 3079 920 3122 MSS.
939 3079 1047 3134 Agr.

157 3138 308 3186 Guelf,
335 3136 434 3179 edd.
458 3135 574 3202 Spir.
597 3136 696 3179 Put.
725 3138 791 3185 M.
815 3145 858 3178 et
881 3137 937 3181 V.
960 3137 1048 3178 Be-

156 3196 298 3241 roald.
324 3199 448 3248 (euni
474 3194 652 3236 silentio
677 3192 819 3246 Vici.)
844 3193 948 3239 Ale.
977 3193 1050 3238 Ti-

157 3254 350 3296 turium.
440 3250 681 3295 Rhenanus
736 3250 905 3294 induxit
946 3250 1050 3294 Itu-

159 3311 300 3354 rium.
375 3308 491 3350 Illud
535 3323 689 3350 verum
730 3317 857 3364 puto.
936 3308 1051 3350 Nam

160 3366 370 3408 Titurius
394 3374 459 3408 est
480 3381 650 3408 nomen
672 3363 867 3407 familiae
887 3364 1054 3408 Roma-

162 3438 260 3468 nae.
333 3422 395 3466 cf.
436 3422 562 3466 Caes.
600 3423 652 3465 B.
690 3421 750 3466 G.
787 3422 826 3472 5,
859 3422 916 3464 24
958 3439 976 3464 s
1012 3438 1056 3478 q.

165 3479 350 3524 Sueton.
378 3479 461 3522 lul.
490 3496 532 3522 e.
553 3480 626 3522 25.
685 3480 737 3521 ln
761 3478 865 3522 loeo
895 3479 960 3530 13,
1013 3481 1054 3522 2.

165 3535 307 3579 littera
339 3536 384 3581 T
409 3535 540 3583 facile
574 3537 720 3598 potuit
762 3536 990 3581 absorberi
1033 3552 1057 3580 a

1098 1787 1158 1796 ...-
1180 1758 1378 1814 Syllana
1398 1759 1501 1804 MS.
1518 1759 1634 1803 Guel
1657 1791 1672 1805 .
1694 1761 1793 1804 edd.
1808 1761 1913 1804 Put.
1985 1792 1997 1804 .

1105 1825 1149 1859 et
1169 1815 1225 1859 V.
1249 1817 1457 1860 Beroald.
1485 1819 1542 1873 (c.
1567 1818 1711 1861 silent.
1735 1817 1871 1876 Viet.)
1893 1817 1996 1862 Ale.

1104 1874 1306 1918 Rhenan.
1330 1875 1435 1917 Ald.
1541 1879 1544 1882 ’

1164 1932 1432 1987 longinqua.
1483 1933 1586 1976 MS.
1602 1931 1753 1975 Guelf.
1776 1933 2000 1987 langiaco,

1105 2005 1219 2056 quae
1247 1990 1470 2046 scriptura
1492 1990 1703 2046 frequens
1731 1999 1793 2033 est
1816 1989 1864 2032 in
1890 1999 2000 2034 vett.

1103 2046 1246 2090 libris.
1309 2047 1366 2090 cf.
1396 2055 1492 2090 not.
1527 2063 1625 2106 sup.
1664 2049 1719 2091 ad
1753 2064 1792 2094 c.
1817 2050 1884 2091 11.
1918 2049 2000 2092 sub

1106 2104 1232 2150 verb.
1256 2105 1461 2159 obliqua.

1165 2175 1395 2215 regressa.
1487 2161 1575 2207 Ed.
1626 2162 1744 2221 Spir.
1795 2177 1999 2205 reversa.

1106 2219 1275 2262 Eadem
1319 2219 1547 2262 ceciderat
1596 2237 1680 2278 pro
1726 2222 2004 2264 conciderat.

1107 2277 1210 2321 MS.
1236 2275 1348 2332 Agr.
1374 2277 1608 2319 ceciderat
1632 2279 1857 2320 maxime.

1166 2337 1240 2375 vel
1259 2342 1376 2377 tum.
1437 2335 1536 2377 MS.
1569 2335 1690 2377 Flor.
1722 2336 1837 2389 (test.
1863 2333 2005 2388 Viet.)

1111 2395 1183 2434 vel
1206 2399 1389 2442 tamen,
1420 2391 1542 2448 quod
1565 2391 1750 2435 fortasse
1773 2407 2003 2448 reponen-

1113 2450 1219 2491 dum
1266 2456 1352 2495 est,
1407 2464 1665 2505 quanquam
1707 2449 1884 2504 vulgata
1927 2466 2006 2508 per

1114 2521 1268 2547 omnes
1290 2505 1390 2546 edd.
1417 2504 1639 2562 scriptura
1666 2521 1759 2548 non
1782 2504 2003 2562 displicet.

1112 2563 1182 2605 De
1217 2561 1442 2618 frequenti
1489 2563 1720 2620 utriusque
1761 2563 2007 2619 particulae

1115 2618 1382 2663 confusione
1406 2619 1495 2661 vid.
1520 2629 1614 2662 not.
1642 2621 1695 2662 ad
1722 2620 1787 2670 13,
1809 2621 1879 2663 42.

1175 2676 1288 2719 CAP.
1328 2678 1397 2720 13.
1458 2679 1698 2730 reperiret.
1759 2678 2005 2723 MS.-Bud.

1117 2742 1160 2776 et
1194 2734 1297 2776 inde
1331 2734 1431 2776 edd.
1462 2733 1600 2776 Rhen.
1632 2750 1732 2792 sqq.
1766 2745 2009 2790 repeteret.

1117 2791 1314 2835 Pichena
1350 2807 1372 2833 e
1406 2792 1510 2834 MS.
1542 2790 1669 2836 Flor.
1703 2793 1893 2835 restituit
1927 2809 2007 2836 re-

1113 2851 1313 2904 periret,
1364 2865 1475 2905 quae
1518 2856 1582 2891 est
1624 2849 1726 2894 cod.
1770 2848 1924 2894 Guelf.
1968 2859 2010 2895 et

1119 2913 1318 2949 veterum
1368 2906 1466 2948 edd.
1519 2906 1721 2948 omnium
1777 2907 2010 2965 scriptura.

1120 2963 1261 3005 Paulo
1298 2972 1397 3006 ante
1429 2962 1532 3006 MS.
1570 2963 1708 3007 Corb.
1744 2965 1819 3006 dat
1849 2968 1896 3006 in
1928 2980 2012 3009 ur-

1118 3022 1223 3063 bem
1247 3037 1329 3077 pro
1356 3023 1531 3063 urbem.

1177 3080 1336 3119 anxio.
1400 3077 1476 3123 Sic
1498 3077 1598 3124 MS.
1616 3077 1769 3122 Guelf.
1791 3079 1890 3122 edd.
1910 3080 2014 3125 Put.

1120 3134 1191 3176 M.
1227 3144 1269 3176 et
1293 3133 1347 3177 V.
1376 3136 1478 3178 Ber.
1510 3135 1610 3179 Alc.
1647 3136 1792 3179 Rhen.
1824 3152 1923 3196 sqq.
1955 3166 2013 3174 —

1122 3193 1300 3234 anxius
1336 3193 1407 3236 ed.
1443 3193 1560 3249 Spir.
1595 3217 1652 3227 -
1711 3195 1874 3237 ansius
1908 3195 2011 3239 MS.

1124 3249 1245 3291 Flor.
1262 3250 1376 3303 (test.
1391 3250 1550 3303 vicu),
1571 3251 1741 3307 vulgari
1760 3249 2015 3298 litterarum

1122 3322 1145 3349 s
1170 3314 1211 3347 et
1234 3322 1271 3347 x
1304 3308 1649 3363 permutatione.
1710 3307 1891 3352 Scilicet
1925 3326 2017 3352 αη-

1125 3365 1238 3406 xius
1268 3364 1520 3409 referebant
1548 3366 1600 3411 ad
1630 3366 1819 3409 verbum
1856 3366 2014 3421 ingre·
2096 3415 2098 3418 ,

1126 3424 1330 3470 deretur,
1389 3421 1460 3464 De
1492 3423 1859 3467 constructione:
1901 3439 2009 3469 cun-

1128 3478 1278 3580 {tlangli
1310 3509 1320 3521 .
1349 3509 1360 3522 .
1385 3511 1399 3527 .
1433 3479 1666 3524 disserunt
1715 3478 1778 3524 cf.
1822 3489 1918 3527 not.
1962 3483 2028 3529 ad¹

1186 3566 1198 3585 ‚
1255 3565 1268 3579 .
