2164 3990
194 170 327 252 ,τῖες
347 146 530 249 Ἧῖὃὲὲ
614 171 786 235 L1B.
814 170 944 232 XV.
1017 168 1212 231 CAP.
1243 172 1343 232 32.
1373 173 1472 229 33.

1846 175 1970 238 363

120 307 414 363 diatorum
439 303 597 359 idem
621 320 812 358 annus
836 296 1045 357 habuit
1066 300 1195 375 pari
1212 300 1638 374 magnificentia
1665 321 1731 357 ac
1754 301 1971 376 priora.

122 392 224 447 sed
260 389 614 446 feminarum
649 385 989 442 inlustrium
1024 397 1473 462 senatorumque
1496 385 1693 460 plures
1715 406 1821 461 per
1843 406 1974 443 are-

122 496 260 531 nam
282 473 501 546 foedati
526 481 680 530 sunt.

290 580 575 642 XXXIII.
637 578 706 640 C.
741 579 1030 649 Lecanio,
1074 579 1160 639 M.
1198 579 1431 638 Licinio
1471 599 1611 644 coss,
1648 580 1870 637 acriore
1907 583 1970 638 in

120 671 245 727 dies
291 668 568 744 cupidine
614 666 958 739 adigebatur
998 664 1154 721 Nero
1199 666 1560 739 promiscuas
1602 684 1803 722 scenas
1852 667 1972 722 fre-

121 753 464 833 quentandi.
550 772 689 807 nam
711 747 903 807 adhuc
931 769 1036 826 per
1056 751 1299 806 domum
1327 761 1427 807 aut
1456 746 1657 807 hortos
1685 753 1973 808 cecinerat

121 839 492 897 iuvenalibus
514 836 704 905 ludis,
747 835 895 912 qu'os
921 847 986 892 ut
1006 855 1216 910 parum
1243 835 1496 891 celebres
1524 847 1580 892 et
1612 847 1808 893 tantae
1839 837 1971 892 voci

120 935 396 997 angustos
427 922 755 998 spernebat.
839 919 978 977 Non
1014 931 1212 975 tamen
1239 917 1467 977 Romae
1503 920 1762 996 incipere
1798 941 1974 978 ausus

118 1008 431 1085 Neapolim
471 1006 640 1083 quasi
676 1004 960 1063 Graecam
999 1005 1206 1062 urbem
1242 1005 1480 1078 delegit:
1553 1005 1705 1062 inde*
1732 1005 1974 1063 initium

118 1095 245 1151 fore
278 1107 345 1152 ut
378 1105 767 1165 transgressus
799 1090 862 1145 in
888 1084 1174 1146 Achaiam
1213 1089 1585 1166 insignesque
1620 1102 1677 1148 et
1714 1091 1974 1168 antiq‘ui-

120 1184 215 1236 tus
252 1197 440 1235 sacras
477 1195 723 1234 coronas
766 1175 1009 1248 adeptus
1049 1175 1274 1230 maiore
1315 1175 1467 1231 fama
1517 1176 1708 1232 studia
1754 1175 1973 1232 civium

122 1265 370 1321 eliceret.
456 1259 615 1334 Ergo
643 1270 1006 1316 contractum
1035 1259 1466 1333 oppidanorum
1492 1261 1702 1333 vulgus
1739 1272 1795 1317 et
1825 1281 1974 1337 quos

121 1369 153 1404 e
190 1347 471 1424 proximis
506 1345 754 1402 coloniis
791 1355 846 1400 et
881 1344 1219 1419 municipiis
1261 1344 1385 1401 eius
1422 1344 1510 1400 rei
1548 1346 1700 1402 fama
1740 1345 1974 1416 civerat‚

174 1591 230 1618 ac
251 1577 430 1628 priora.
489 1574 566 1619 Sic
586 1575 721 1619 MSS.
749 1574 865 1617 Bud.
883 1572 1007 1617 Harl.

121 1633 206 1676 les.
229 1634 368 1676 Corb.
393 1632 489 1676 edd.
517 1633 630 1689 Spir.
660 1632 803 1674 Rbeu.
826 1647 922 1690 sqq.
957 1656 1004 1664 —

1138 1575 1449 1618 iuvenalibus.
1521 1575 1624 1621 MS.
1659 1574 1810 1620 Guelf.
1845 1577 1972 1618 iuve-

1079 1633 1260 1676 nilibus.

120 1707 176 1733 ac
203 1692 356 1746 priori
381 1689 512 1733 MSS>
553 1689 683 1733 Bodl.
719 1688 871 1732 Guelf.
908 1688 1007 1733 edd.

121 1748 222 1792 Put.
245 1749 311 1791 M.
336 1748 454 1790 etv.
490 1746 590 1790 Ber.
625 1747 684 1801 (c.
707 1747 852 1793 silent.
872 1746 1005 1801 Vict.)

119 1806 249 1854 Alc..
280 1804 402 1863 quod
426 1820 564 1862 aeque
584 1805 755 1846 bonum
780 1813 867 1856 est,
898 1803 1006 1845 dum

119 1862 287 1906 referas
319 1862 372 1905 ad
408 1863 777 1918 magnificentia,
811 1869 852 1902 et
885 1859 1006 1903 abla-

119 1919 238 1966 tivos
270 1918 460 1978 accipias
494 1935 574 1977 pro
601 1918 839 1968 absolutis,
880 1916 1006 1960 intel·

120 1977 235 2022 lecto
258 1978 415 2036 partic.
437 1977 559 2019 verb.
580 1977 719 2018 subst.

173 2054 558 2106 senatorumque.
615 2046 692 2089 Sic
725 2045 860 2088 MSS.
895 2045 1004 2103 Reg.

119 2103 256 2149 Corb.
283 2105 383 2156 edd.
406 2103 524 2161 Spir.
549 2102 654 2161 Pui.
681 2104 747 2146 M.
773 2112 812 2145 et
837 2102 892 2145 V.
924 2102 1006 2145 Be-

117 2161 259 2205 roald.
284 2162 407 2215 (cum
430 2161 576 2204 silent.
603 2158 742 2214 Vict.)
770 2160 869 2203 Ale.
889 2159 1004 2216 Lips.

117 2218 245 2262 Pieh.
267 2234 361 2275 sqq.
392 2242 448 2252 —
495 2225 862 2273 senatorumque
878 2217 1004 2270 filio-

118 2291 226 2319 rum
249 2276 384 2320 MSS.
410 2275 526 2319 Bud.
550 2274 701 2318 Guelf.
729 2275 849 2317 Harl.
870 2272 1003 2316 Bodl.

120 2334 201 2376 les.
245 2334 343 2376 edd.
382 2332 525 2375 Rhen.
565 2348 662 2389 sqq.
705 2333 757 2375 ad
790 2331 1004 2389 Lipsium.

120 2389 263 2433 Paulo
300 2398 398 2433 ante
441 2406 522 2448 pro
551 2391 852 2444 seminarum
887 2387 1003 2430 Gru-

120 2457 240 2496 terus
261 2446 438 2493 volebat
464 2446 668 2490 substitui
685 2446 1006 2501 familiarum.

120 2503 208 2547 Sed
242 2503 396 2548 docuit
429 2503 602 2562 Lipsius
642 2503 832 2546 feminas
874 2503 1003 2545 etiam

120 2561 169 2604 in
216 2578 398 2606 arenam
444 2561 628 2603 venisse.
703 2560 761 2604 cf.
814 2560 1004 2602 sueton.

118 2618 259 2662 Dom.
294 2635 332 2663 c.
360 2620 402 2663 4.
460 2616 625 2661 Statius
660 2616 765 2661 Silv.
804 2620 840 2668 1,
871 2617 911 2667 6,
937 2614 1008 2659 53.

119 2684 175 2777 <lats
195 2676 476 2739 potissimum
515 2674 680 2734 Xiphil.
714 2676 787 2726 61,
821 2675 886 2717 17.
937 2673 1008 2722 75,

174 2805 263 2844 per
283 2804 496 2834 arenam.
554 2789 675 2833 Haec
697 2790 857 2833 absunt
873 2806 895 2832 a
911 2787 1007 2832 MS.

122 2846 233 2903 Reg.
255 2855 296 2889 et
320 2847 391 2889 ed.
415 2847 532 2905 Spir.

182 2916 293 2960 CAP.
315 2916 388 2960 33.
450 2916 498 2960 C.
526 2915 737 2960 Lemnio.
798 2916 874 2961 Sic
908 2916 1007 2960 edd.

122 2972 240 3032 Spir.
260 2973 376 3032 Lips.
399 2988 495 3073 εἷς,
520 2996 576 3006 --
609 2974 658 3016 C.
674 2974 891 3017 Lexam'o
907 2975 1008 3017 MS.

123 3030 272 3074 Guelf.
295 3031 396 3075 edd.
464 3038 523 3074 ut.
546 3033 611 3074 Μ.
635 3038 677 3073 et
699 3030 751 3075 V.
777 3032 879 3076 Ber.
908 3031 1007 3077 Alc.

121 3088 266 3131 Rhea.
291 3088 396 3134 Ald.
431 3090 490 3143 (c.
518 3087 666 3130 silent.
693 3087 832 3145 Vict.)
913 3089 1008 3131 Pro

121 3162 426 3260 ρ
443 3144 1009 3261 viasf.¹;÷¹„.¹²ss³2.:.a.‡:

122 3268 170 3302 to
195 3259 354 3302 veleris
375 3257 533 3316 lapidis
557 3258 674 3316 apud
685 3258 1011 3308 Muratorium,

123 3317 239 3360 Νου.
282 3317 504 3359 Thes-aur.
541 3316 689 3358 laser.
723 3315 859 3360 Tom.
887 3317 924 3360 l.

123 3372 218 3416 305.
243 3372 379 3416 edidit
403 3373 448 3417 C.
474 3372 725 3416 Laecanio.
787 3373 896 3416 Mox
912 3374 963 3417 M
1003 3407 1012 3416 .

123 3429 305 3529 22:303·
333 3446 396 3487 pr.
435 3446 494 3473 in.
537 3438 580 3472 et
624 3432 785 3474 hortos
819 3446 901 3489 pro
932 3439 1012 3476 aut

1140 1699 1376 1744 angustos.
1439 1689 1519 1732 Ed.
1543 1688 1662 1746 Spir.
1685 1700 1924 1747 augustos.

1140 1747 1338 1799 incipere
1367 1762 1524 1792 ausu&
1583 1747 1661 1791 Sic
1686 1749 1818 1792 MSS.
1843 1749 1881 1792 F
1883 1750 1970 1793 lor.

1081 1807 1194 1859 (test.
1226 1803 1366 1860 Vict.)
1402 1804 1509 1863 Reg.
1545 1804 1682 1862 Corb5
1712 1805 1816 1849 edd.
1851 1805 1971 1863 Spir.

1079 1862 1264 1905 Pichen.
1302 1877 1401 1919 sqq.
1444 1887 1500 1896 -
1567 1863 1769 1917 incipere
1809 1877 1973 1906 scenas

1079 1934 1225 1961 ausas
1255 1918 1390 1962 MSS.
1427 1919 1542 1962 Bud.
1575 1919 1698 1962 Harl.
1722 1919 1855 1962 Bodl.
1885 1921 1968 1965 les.

1078 1975 1229 2019 Guelf.
1257 1976 1357 2018 edd.
1372 1976 1472 2019 Put.
1487 1977 1554 2020 Μ.
1572 1986 1616 2019 et
1632 1977 1686 2018 V.
1711 1976 1828 2033 (illic
1850 1992 1972 2020 scae-

1078 2035 1184 2088 nas)
1211 2033 1312 2075 Ber.
1337 2034 1423 2077 Alc
1456 2033 1598 2076 Rhen.
1625 2049 1720 2091 sqq.
1737 2034 1794 2076 ad
1817 2033 1971 2078 piche-

1079 2107 1202 2134 nam.
1287 2090 1462 2148 Lipsius
1496 2092 1581 2135 iam
1618 2104 1782 2133 scenas
1825 2092 1972 2135 delen-

1079 2148 1184 2191 dum
1212 2157 1446 2195 censueret
1467 2149 1684 2205 uncisque
1714 2148 1970 2195 incluserat.

1135 2220 1319 2271 delegit.
1409 2217 1487 2260 Sic
1527 2217 1625 2261 MS.
1671 2217 1819 2263 Guelf.
1870 2220 1973 2264 edd.

1077 2284 1188 2319 vett.
1215 2277 1275 2329 (c.
1300 2275 1446 2318 silent.
1473 2274 1606 2330 Vict.)
1631 2284 1674 2317 et
1694 2280 1885 2320 reeentt.
1917 2301 1978 2322 —.

1077 2335 1236 2432 {lgllffiitt
1277 2333 1378 2374 edd.
1412 2333 1532 2388 Lips.
1568 2340 1613 2374 et
1645 2331 1855 2386 Gruter„
1906 2334 1971 2377 uti

1135 2467 1457 2512 transgressus
1497 2461 1544 2501 in
1585 2460 1644 2503 A.
1709 2459 1803 2504 -Sic
1835 2461 1987 2517 MSS„

1080 2516 1218 2559 Corb.
1244 2517 1350 2574 Reg.
1372 2516 1470 2559 edd.
1493 2516 1611 2574 Spir.
1629 2516 1732 2564 Put.
1747 2519 1826 2566 ιΜ.
1851 2528 1895 2564 et
1919 2521 1972 2565 V.

1079 2574 1185 2619 Ber.
1213 2574 1312 2616 Alc.
1347 2581 1388 2615 et
1426 2573 1528 2615 dein
1563 2574 1683 2631 Lips.
1714 2575 1840 2620 Pich.
1874 2593 1894 2620 s
1929 2593 1973 2633 q.

1081 2656 1134 2664 --
1168 2639 1495 2684 transgressus
1523 2631 1674 2674 scenis
1705 2634 1752 2676 in
1786 2636 1843 2676 A.
1869 2593 1974 2678 IViS.

1081 2689 1196 2731 Bud.
1221 2686 1592 2731 edd.Rhen.Ald.
1617 2712 1673 2723 —
1714 2697 1973 2744 transgres-

1080 2748 1144 2789 sis
1173 2747 1320 2788 scenis
1355 2747 1402 2786 in
1437 2746 1496 2788 A.
1529 2745 1663 2789 MSS.
1695 2746 1820 2791 Harl.
1840 2748 1973 2792 Bodl.

1081 2803 1165 2846 les.
1200 2800 1352 2845 Guelf.
1384 2826 1442 2834 —
1499 2804 1816 2858 transgressis·
1844 2807 1892 2849 in
1915 2809 1973 2850 A.

1079 2860 1181 2902 MS.
1195 2858 1319 2902 Flor.
1343 2859 1463 2912 (test.
1477 2858 1643 2914 Vict.),
1673 2860 1794 2907 unde
1823 2878 1973 2906 emen-

1083 2915 1221 2959 dandi
1253 2916 1404 2959 studio
1438 2916 1623 2960 varietas
1653 2917 1877 2962 librorum
1909 2920 1974 2965 vi-

1081 2973 1211 3017 detur
1232 2974 1453 3031 originem
1478 2974 1668 3020 traxisse.

1137 3033 1332 3074 maiore.
1391 3031 1473 3072 Ed.
1496 3031 1615 3087 Spir.
1637 3033 1846 3077 maior-3.

1138 3090 1316 3142 vulgus.
1376 3088 1476 3133 MS.
1511 3087 1637 3132 Flor.
1674 3093 1796 3145 (test.
1829 3089 1972 3148 Vict.)

1081 3147 1258 3198 volgus.

1139 3203 1333 3245 cinerat.
1413 3202 1489 3245 Sic
1529 3201 1631 3246 MS.
1675 3202 1825 3248 Guelf.
1867 3205 1972 3253 edd.

1082 3259 1198 3315 Spir.
1221 3258 1328 3301 Put.
1351 3258 1422 3302 M.
1452 3268 1496 3301 et
1516 3258 1574 3302 V.
1597 3259 1700 3303 Ber.
1739 3261 1798 3315 (c.
1829 3258 1974 3309 silent.

1001 3350 1011 3360 ,
1083 3316 1222 3371 Vict.)
1260 3315 1358 3359 Alc.
1394 3324 1437 3358 et
1466 3315 1568 3359 dein
1593 3317 1640 3360 Li
1675 3335 1709 3362 s.
1732 3318 1973 3379 Pich.sqq.

1083 3397 1140 3405 -
1170 3375 1404 3417 acciverat
1434 3374 1535 3417 MS.
1569 3334 1686 3418 Bug.
1719 3375 1820 3419 edd.
1855 3376 1977 3422 Rhe-

1086 3445 1196 3545 ἰιίἶιὲ..
1215 3429 1320 3474 Ald.
1338 3428 1509 3489 Gryph.
1534 3455 1586 3466 --
1634 3441 1853 3478 evenerat
1878 3435 1976 3482 MS.
