2164 3990
236 211 357 268 394

913 205 1418 268 ANNALIUM

1782 208 1827 245 Α.
1848 209 1895 244 U.
1914 209 1998 244 ί816.

1776 255 1826 288 Α.
1850 252 1894 291 C.
1939 257 2001 290 (ιδ.

233 338 658 397 coniurationis
694 350 750 393 et
786 338 932 392 illuc·
964 356 1149 411 usque
1186 337 1366 394 fidum
1405 359 1504 394 seu
1551 339 1812 396 nescium
1849 353 1905 397 et
1944 354 2084 399 tunc

160 464 165 475 .
230 425 488 502 primum
509 423 768 496 *adreptis
795 421 1259 495 suspicionibus,
1297 434 1364 480 ut
1388 425 1653 500 plerique
1686 425 1978 482 tradidere
2012 430 2084 483 de

232 508 744 586 consequentibus.

831 527 966 560 nam
1006 527 1139 562 cum
1176 523 1369 563 secum
1391 510 1627 574 ,servilis
1656 509 1889 566 animus
1913 532 2084 586 prae-
2134 537 2139 541 ·

228 597 347 652 mia
377 593 651 670 perfidiae
675 591 968 664 reputavit
991 591 1284 666 simulque
1309 592 1590 650 immensa
1621 595 1868 670 pecunia
1893 607 1948 653 et
1975 619 2083 671 po-

225 680 408 739 tentia
455 676 953 744 obversabantur,
997 677 1167 732 cessit
1209 679 1296 732 fas
1337 689 1393 733 et
1431 679 1585 734 salus
1631 681 1865 754 patroni
1900 693 1956 738 et
1987 703 2085 738 ac-

229 778 426 842 ceptae
464 760 753 819 lihertatis
788 761 1089 819 memoria.

229 852 427 908 silium
463 849 895 920 adsumpserat,
949 847 1238 904 muliebre
1276 868 1341 903 ac
1377 848 1648 907 deterius,

1178 762 1393 818 etenim
1434 763 1632 819 uxoris
1663 785 1897 842 quoque
1939 787 2081 823 con-

1736 851 1952 926 quippe
1984 853 2079 908 ul-

226 949 318 994 tro
366 945 588 990 metum
636 932 966 988 intentabat
1016 932 1348 1009 multosque
1396 933 1684 989 adstitisse
1731 935 1971 994 libertos
2012 958 2077 994 ac

226 1039 452 1088 servoS‚
520 1017 624 1093 qui
672 1018 874 1072 eadem
924 1016 1212 1073 viderint:
1282 1013 1435 1073 nihil
1480 1019 1853 1092 profuturum
1900 1023 2077 1078 unius

225 1105 553 1163 silentium:
599 1113 659 1159 at
679 1105 939 1177 praemia
967 1121 1140 1176 penes
1164 1123 1352 1159 unum
1373 1105 1498 1160 fore
1525 1104 1628 1179 qui
1655 1104 1875 1162 indicio
1912 1127 2079 1181 prae-

224 1190 498 1248 venisset.

389 1299 515 1359 LV.
586 1297 773 1372 Igitur
810 1312 1013 1375 coepta
1051 1300 1178 1356 luce
1210 1297 1494 1356 Milichus
1535 1301 1598 1356 in
1635 1296 1837 1359 hortos
1877 1301 2079 1358 Serviss

177 1442 179 1447 Α
221 1389 413 1444 lianos
451 1384 659 1461 pergit:
709 1395 763 1440 et
793 1405 924 1440 cum
958 1385 1185 1441 foribus
1218 1397 1536 1453 arceretur,
1581 1405 1790 1459 magna
1828 1400 1884 1445 et
1919 1399 2076 1444 atro-

220 1474 307 1530 cia
333 1472 559 1529 adferre
586 1469 859 1526 dictitans
884 1471 1283 1547 deductusque
1306 1472 1381 1527 ab
1413 1470 1761 1528 ianitoribus
1788 1475 1861 1529 ad
1895 1473 2076 1528 liber-

218 1728 260 1762 et
292 1725 481 1761 recentt.
555 1732 743 1760 movere
776 1718 875 1761 MS.
904 1716 1030 1760 Harl.
1057 1718 1110 1760 ab

218 1794 307 1820 sec.
337 1792 488 1818 manu.
513 1801 571 1809 —
601 1776 719 1817 iubet
742 1775 842 1818 MS.
855 1776 969 1818 Bud.
992 1775 1110 1818 unde

218 1835 462 1878 Rhenanus
515 1833 794 1877 coniectabat
846 1832 1110 1890 legendum:

216 1894 458 1936 sarcienda
487 1894 684 1933 eundem
709 1891 770 1933 M.
800 1891 938 1934 iubet.

273 1963 384 2004 illuc
416 1975 573 2017 usque.
649 1959 727 2003 Sic
758 1961 895 2004 MSS.
934 1970 975 2003 et
1010 1960 1110 2003 edd.

215 2028 315 2063 aute
343 2018 606 2062 Rhenanum
639 2018 696 2070 (c.
721 2015 1110 2069 silent.Vict.).-

213 2081 442 2133 hucusque
478 2075 581 2118 edd.
617 2073 759 2117 Rhen.
796 2091 891 2132 sqq.
928 2076 980 2118 ad
1021 2075 1106 2118 lac.

216 2133 529 2183 Gronovium,
576 2131 651 2190 qui
690 2142 884 2175 vetet-rm
921 2134 1108 2189 scriptu-

216 2209 313 2236 ram
346 2189 546 2250 reposuit
577 2206 600 2231 e
634 2189 735 2233 MS.
761 2189 884 2232 Flor.
954 2189 1107 2233 Altera

213 2250 327 2293 vitio
355 2263 597 2306 operarum
637 2246 818 2291 videtur
853 2247 1105 2305 inrepsisse.

212 2307 274 2359 cf.
298 2307 408 2350 nist.
437 2305 478 2356 3,
501 2305 572 2348 18.

271 2376 616 2432 suspicionibus.
687 2374 772 2421 Ed.
798 2375 916 2433 Spir.
940 2377 1107 2429 scipio-

204 2433 542 2538 21}3;.Edd.
563 2433 666 2478 Put.
685 2436 862 2488 ereptis
884 2436 1106 2489 suspitio-

269 2567 328 2607 de
349 2562 740 2618 consequentibus.
795 2559 981 2604 Grotius
1000 2577 1108 2603 eon·

210 2620 344 2668 iecit:
369 2623 444 2667 de
471 2619 819 2671 conscientibus.
894 2618 1106 2668 Heinsius

137 2705 141 2708 ·
211 2696 297 2740 pro
321 2678 584 2739 glossemate
602 2674 736 2724 habet
760 2677 890 2725 verba
911 2681 968 2725 de
996 2690 1104 2719 con-

211 2752 305 2793 seq.
341 2736 559 2793 deletque.
630 2733 731 2778 Hoc
763 2750 867 2783 sane
900 2734 946 2776 in
978 2733 1102 2782 omni

213 2811 262 2838 re
305 2794 438 2837 dubia
487 2791 800 2837 brevissimum
849 2800 932 2834 est.
1018 2791 1109 2833 Er-

211 2852 380 2896 nestius
415 2851 632 2908 vulgatam
668 2849 936 2910 scripturam
977 2849 1108 2900 inter·

214 2916 415 2978 pretatur
450 2908 504 2950 de
531 2906 850 2963 scriptoribus,v
894 2906 970 2965 qui
1006 2916 1109 2961 post

212 2967 290 3019 illa
311 2976 514 3025 tempora
543 2964 686 3006 vixere
712 2980 764 3006 ac
784 2964 1014 3023 scripsere,
1044 2964 1107 3007 id·

216 3042 303 3082 que
354 3031 587 3080 acceptum
640 3019 729 3063 fuit
774 3020 1107 3068 Strombeckio,

213 3080 458 3128 Riekl-efsio
501 3080 703 3136 aliisque.
792 3077 962 3121 Verum
1006 3079 1108 3121 satis

213 3139 418 3196 intelligo
448 3137 684 3190 Tacitum,
714 3135 825 3184 illud
859 3136 894 3179 si
931 3135 1105 3180 voluis-

215 3207 302 3247 set,
344 3212 437 3239 non
472 3195 746 3252 scripturum
775 3193 911 3237 fuisse
937 3201 986 3235 ut
1003 3196 1108 3244 ple-

215 3258 343 3311 rique
365 3256 602 3298 tradidere
622 3254 681 3297 de
707 3253 1103 3307 consequentibus.

214 3316 363 3357 Immo
387 3310 505 3361 aliud
534 3309 644 3354 haee
665 3307 932 3366 significant.
992 3308 1107 3351 Con-

214 3369 471 3425 sequentia,
495 3365 749 3415 ἀκόλουθα,
779 3373 884 3408 sunt
901 3367 1012 3424 quae
1031 3364 1107 3408 ali-

215 3442 349 3483 quam
394 3442 488 3468 rem
529 3423 803 3468 comitantur
839 3423 970 3481 eique
1005 3430 1107 3465 sunt

217 3491 528 3534 consentanea,
559 3492 602 3525 et
626 3481 744 3532 unde
770 3479 969 3538 colligas,
998 3496 1107 3537 quo·

218 3539 357 3585 modo
387 3554 431 3583 se
465 3539 619 3583 habeat
654 3554 703 3582 ea
736 3554 806 3582 res
838 3537 880 3581 h.
916 3553 953 3581 e.
988 3537 1107 3581 unde

1183 1715 1347 1774 aliquid
1389 1715 1696 1773 consequitur.
1779 1716 1870 1761 lam
1917 1725 2076 1761 auctor

1183 1775 1315 1817 dicit:
1373 1773 1612 1816 Milichum
1637 1781 1712 1816 aut
1735 1789 1927 1829 gnarum
1956 1790 2073 1818 con-

1182 1832 1417 1875 iurationis
1440 1838 1482 1874 et
1505 1830 1614 1873 illuc
1638 1846 1778 1889 usque
1801 1831 1940 1874 fidum
1963 1833 2070 1876 fuis·

1181 1907 1251 1937 se,
1303 1898 1373 1932 aut
1410 1888 1611 1932 nescium
1655 1896 1697 1930 et
1732 1896 1843 1932 tunc
1874 1890 2068 1947 primum

1181 1947 1429 2005 adripuisse
1457 1945 1757 2004 suspiciones:
1788 1946 1876 1989 hoc
1906 1949 2072 2006 pleros-

1183 2021 1268 2062 que
1301 2003 1556 2051 tradidisse,
1597 2019 1692 2046 non
1726 2003 1886 2047 diserte
1923 2013 1964 2047 et
1997 2023 2070 2048 ex-

1183 2062 1343 2120 pressis
1386 2060 1531 2103 verbis
1573 2060 1626 2102 de
1656 2060 1747 2118 ipsa
1779 2076 1851 2109 re,
1905 2062 1981 2105 sed
2016 2064 2070 2106 de

1183 2117 1560 2174 consequentibus
1594 2117 1635 2159 h.
1658 2134 1696 2158 e.
1732 2119 1785 2160 de
1810 2119 1942 2162 rebus
1964 2118 2071 2162 faci-

1181 2193 1264 2218 nus
1289 2174 1464 2218 Mitichi
1496 2174 1814 2218 comitantibus
1847 2175 1907 2218 ita
1937 2178 2071 2219 tradi-

1180 2233 1294 2276 disse
1309 2266 1320 2283 ,
1335 2241 1398 2274 ·ut
1420 2231 1525 2274 inde
1555 2230 1849 2275 concluderes
1871 2234 2071 2278 nescium

1179 2300 1280 2333 ante
1313 2290 1459 2344 ipsum
1491 2288 1627 2331 fuisse
1658 2298 1702 2332 et
1731 2297 1840 2333 tunc
1871 2291 2066 2347 primum

1179 2348 1455 2405 suspiciones
1491 2345 1748 2404 adripuisse.
1817 2346 1918 2391 Huc
1950 2350 2068 2392 enim

1178 2405 1427 2462 pertinent,
1476 2419 1588 2461 quae
1629 2402 1888 2447 referuntur
1930 2421 2071 2465 usque

1178 2462 1233 2505 ad
1268 2462 1402 2504 finem
1435 2460 1605 2528 capitis.
1666 2460 1778 2505 Nam
1809 2462 1846 2505 si
1882 2477 1993 2506 uxor
2014 2465 2068 2508 ad

1180 2518 1418 2562 Milichum
1456 2518 1586 2561 dixit:
1629 2522 1801 2563 multos
1831 2529 1917 2563 etc.
1955 2535 2067 2564 con-

1180 2577 1379 2638 sequitur
1410 2576 1537 2618 illum
1573 2585 1682 2620 tunc
1707 2576 1903 2635 primum
1930 2580 2070 2636 suspi-

1180 2634 1331 2685 ciones
1354 2631 1612 2691 adripuisse.
2002 2652 2006 2658 ·

1234 2707 1350 2740 nam
1372 2706 1474 2733 eum
1496 2705 1669 2734 secum.
1735 2690 1851 2744 Edd.
1876 2691 1977 2736 Put.
2001 2693 2067 2737 Μ.

1178 2757 1220 2792 et
1240 2749 1298 2792 V.
1319 2764 1437 2791 nam
1461 2763 1565 2790 eum
1588 2763 1758 2791 secum.

1234 2822 1474 2876 simulque.
1574 2818 1658 2861 Ed.
1721 2819 1839 2876 Spir.
1897 2821 2068 2873 simul,

1180 2879 1345 2922 omisso
1389 2891 1492 2933 que.
1574 2876 1742 2920 Eadem
1777 2893 1877 2920 mox
1913 2886 2066 2921 cessat

1179 2953 1260 2995 pro
1290 2938 1435 2980 cessit.

1236 3007 1406 3050 etenim
1438 3007 1620 3048 uxoris.
1681 3005 1759 3049 Sic
1789 3005 1923 3050 MSS.
1947 3007 2065 3052 Harl.

1179 3064 1308 3109 Bodl.
1356 3064 1432 3106 les.
1474 3063 1650 3114 Guets„
1712 3071 1847 3121 utque
1891 3064 2067 3108 videtur

1178 3122 1251 3166 alii
1282 3137 1461 3180 quoque
1493 3121 1650 3170 codd.,
1691 3120 1790 3163 edd.
1825 3119 1926 3166 Pul.
1961 3122 2063 3166 Ber.

1178 3179 1278 3224 Ate.
1305 3178 1446 3221 Rheu.
1467 3195 1565 3238 sqq.
1595 3206 1651 3213 -—
1707 3185 1756 3219 uc
1786 3179 1912 3220 enim
1937 3195 2061 3222 uxo-

1178 3239 1243 3279 ris
1273 3236 1540 3279 MSS-Flor.
1570 3239 1688 3290 (test.
1705 3233 1841 3291 Viet.)
1860 3236 1968 3294 Reg.
1995 3238 2064 3280 ed.

1181 3294 1297 3351 Spir.
1345 3321 1401 3329 -—
1472 3302 1576 3336 tunc
1618 3308 1725 3335 eum
1765 3293 1929 3336 uxoris
1959 3293 2062 3338 MS.

1180 3351 1318 3395 Corb.
1376 3349 1610 3408 Vulgatam
1630 3349 1893 3407 scripturam
1918 3368 2062 3395 veram

1180 3417 1407 3451 contextus
1429 3407 1587 3465 arguit.

1238 3478 1349 3520 CAP.
1372 3478 1442 3520 55.
1484 3476 1954 3524 leortosServz'h'anos.
2006 3479 2063 3522 rs.

1180 3535 1292 3580 Hist.
1314 3536 1356 3584 8,
1380 3535 1449 3579 38.
1508 3535 1629 3579 Suet.
1657 3534 1761 3577 Ner.
1801 3550 1841 3579 c.
1864 3535 1932 3578 47.
