2164 3990
1739 202 1791 237 A.
1812 202 1864 238 11.
1888 203 1973 238 813.

1737 251 1790 282 A.
1816 245 1862 282 C.
1906 247 1970 282 00.
2047 271 2050 274 ⁴

193 154 319 264 234
863 172 1382 264 ANNAfflUM

193 331 537 391 credulitate
560 331 653 395 ,ad⁴
691 331 926 407 gaudia.
1012 327 1368 390 Venientem
1405 329 1621 394 dehinc
1648 337 1860 396 obvius
1881 328 1954 393 'in
1978 336 2056 394 li-

194 429 325 476 tora
356 414 522 495 (nam
549 415 734 474 Antio
765 414 1147 496 adventabat)
1185 419 1407 494 excepit
1436 440 1619 477 manu
1651 432 1710 485 et
1742 423 2054 498 complexu

196 503 475 580 ducitque
498 500 740 561 Baulos.
827 501 887 556 id
919 501 1096 558 villae
1123 522 1342 561 nomen
1365 516 1479 575 est,
1522 494 1671 582 quae
1707 519 2057 582 promonto-

193 589 353 648 rium
374 587 677 646 Misenum
703 587 858 642 inter
885 596 942 642 et
962 583 1254 644 Baianum
1281 590 1475 646 lacum
1496 591 1646 647 flexo
1674 592 1827 648 mari
1858 593 2056 649 adlui-

194 687 312 736 tur.
397 671 604 731 Stabat
625 672 780 728 inter
808 671 952 726 alias
974 671 1143 728 navis
1175 675 1468 744 ornatior,
1510 687 1790 752 tanquam
1815 677 1878 734 id
1902 698 2055 754 quo-

195 781 311 839 que
349 754 567 816 honori
611 755 814 812 matris
852 757 1116 814 daretur:
1173 759 1390 834 quippe
1428 761 1696 818 sueverat
1728 763 1959 819 triremi
1996 767 2053 820 et'

194 843 629 904 classiariorum
660 841 905 915 remigio
945 837 1103 902 vehi.
1188 864 1255 900 ac
1289 855 1416 908 tum
1454 844 1701 904 invitata
1735 848 1810 904 ad
1847 848 2049 923 epulas

193 942 348 1001 erat,
389 941 458 986 ut
482 926 832 984 occultando
857 927 1109 984 facinori
1130 948 1248 984 nox
1273 925 1674 990 adhiberetur.
1729 931 1883 993 Satis
1908 953 2053 989 con-

195 1016 345 1075 stitit
375 1011 659 1070 exstitisse
693 1012 1061 1088 proditorem
1086 1024 1142 1069 et
1162 1008 1557 1090 Agrippinam
1583 1016 1800 1073 auditis
1821 1015 2053 1074 insidiis

192 1122 272 1161 an
308 1099 569 1158 crederet
596 1097 932 1172 ambiguam
956 1099 1275 1173 gestamine
1301 1101 1477 1158 sellae
1500 1098 1677 1158 Baias
1698 1113 2050 1179 pervectam.

189 1291 286 1353 geri
307 1294 513 1349 (auctore
523 1288 874 1348 Freinshemio),
907 1290 1087 1336 Grono-

191 1351 395 1400 viorum,
426 1346 569 1406 Ryek.
597 1365 696 1407 sqq.
758 1349 815 1391 cf.
839 1350 879 1398 4,
903 1351 975 1394 48.
1005 1365 1086 1393 so·-

188 1421 358 1452 norem
383 1407 576 1450 alterius
595 1407 769 1461 proelii
786 1421 884 1450 non
906 1409 1086 1462 accipe-

188 1474 275 1512 ret.
315 1489 369 1500 —
429 1465 745 1522 acciperetque
771 1466 1086 1521 Agrippinam

189 1523 327 1568 MSS.
350 1522 476 1566 Flor.
510 1522 616 1577 (sec.
652 1522 801 1566 collat.
831 1524 863 1566 l.
892 1522 1084 1566 Grono-

189 1582 273 1639 vii)
315 1581 424 1639 Agr.
468 1579 590 1622 Harl.
639 1580 771 1623 Bodl.
834 1582 918 1624 les.
968 1580 1084 1623 Bud.

190 1638 344 1684 Guelf.
382 1638 425 1692 (a
452 1653 540 1680 sec.
569 1640 651 1694 m.)
689 1637 789 1680 edd,
818 1639 919 1681 Put.
947 1638 1015 1680 M.
1044 1645 1087 1679 et

185 1697 247 1742 V.
262 1694 466 1740 sseroald.
488 1695 611 1750 (cum
633 1694 808 1739 silentio
826 1696 963 1750 Vict.)
990 1696 1088 1738 Alc.

187 1755 333 1800 Rhen.
389 1769 409 1796 s
445 1768 486 1810 q.
542 1753 668 1796 nullo
719 1752 886 1798 idoneo
936 1769 1087 1796 sensu.

189 1815 231 1859 A
251 1829 321 1873 pr.
345 1769 581 1855 mfihielf.
616 1811 769 1854 habuit
802 1813 1089 1867 acc1pereque

187 1872 514 1928 Agrippinam.
583 1867 669 1911 Sed
705 1870 860 1913 vitium
904 1869 1086 1916 videtur

190 1928 413 1987 originem
462 1925 642 1969 traxisse
692 1942 716 1968 e
764 1928 878 1970 mala
930 1927 1085 1969 distin-

190 1985 356 2045 guendi
406 1984 582 2028 ratione
632 1986 749 2043 apud
800 1993 902 2028 vett.
944 1985 1085 2026 libros

188 2059 348 2088 omnes
390 2041 644 2085 obtinente:
685 2041 827 2098 sacili
854 2042 899 2097 f.
939 2058 977 2084 c.
1022 2043 1086 2083 ad

187 2101 368 2159 gaudia
406 2099 687 2142 venientem.
771 2100 954 2143 Dehinc
996 2107 1083 2141 etc.

185 2163 230 2204 A
252 2155 546 2203 Freinshemii
569 2155 642 2202 via
667 2157 891 2203 diversam
927 2171 1084 2199 emen-

185 2215 325 2261 dandi
373 2213 594 2258 rationem
637 2214 835 2259 inierunt
875 2213 1086 2260 Piehena,

187 2275 268 2335 qui
311 2272 511 2316 volebat:
563 2274 880 2330 deciperetque
914 2272 1085 2326 Agrip-

179 2335 370 2391 pinam3
388 2328 586 2387 Lipsius:
610 2332 907 2386 alliceretque
919 2329 1086 2384 Agrip-

182 2392 376 2448 pinam,
433 2386 705 2444 quibuscum
739 2387 964 2432 consentit
996 2387 1084 2428 Er—

181 2448 358 2498 nestius
378 2453 564 2507 propter
586 2446 834 2503 sequentia.
899 2443 984 2488 Sed
1010 2446 1086 2485 al·-

185 2506 346 2552 liceret
397 2502 593 2546 otiosum
650 2513 692 2548 et
736 2502 952 2560 frigidum
1006 2510 1088 2553 est,

185 2562 291 2623 quia
311 2562 399 2605 iam
422 2562 663 2619 praecessit
685 2561 802 2604 elicit
815 2578 832 2612 ,⁰
853 2560 1084 2615 decipezsset

182 2622 381 2678 languet.
442 2618 556 2661 Nam
592 2621 646 2664 de
676 2619 830 2662 fraude
855 2617 986 2660 illum
1011 2633 1085 2659 co-

185 2679 347 2741 gitasse
373 2692 453 2734 per
474 2683 623 2721 totum
647 2677 797 2721 locum
835 2676 938 2719 satis
966 2690 1084 2719 con-

183 2745 285 2782 stat.
347 2734 458 2777 Mox
480 2733 583 2779 MS.
608 2735 745 2781 Corb.
766 2733 833 2781 ed.
860 2732 1090 2791 Spinsa-v‘

183 2795 264 2838 cili
291 2793 565 2836 credulitate
593 2794 918 2851 foeminarum
958 2808 1003 2833 a.
1035 2805 1082 2844 g.

183 2851 288 2895 MS.
313 2848 465 2893 Guels.
493 2865 575 2908 pro
607 2850 884 2894 credulitate
918 2863 1083 2907 suppe-

186 2910 298 2960 ditat
317 2908 611 2958 crudelitate.

243 2967 290 3009 in
308 2968 464 3009 litora.
524 2965 723 3009 Pichena
744 2963 843 3010 vult
863 2966 910 3006 in
933 2963 1084 3006 litore.

185 3025 325 3068 Male.
383 3022 497 3065 Nam
522 3023 625 3067 latet
647 3021 772 3066 notio
796 3021 952 3064 eundi.

246 3081 443 3135 excepit.
512 3079 590 3124 Sic
621 3079 757 3123 MSS.
793 3079 916 3124 Flor.
965 3079 1080 3132 (test.

185 3139 329 3196 Vict.)
351 3135 499 3183 Guelf.
525 3139 625 3182 edd.
655 3138 686 3181 S
720 3136 773 3181 ir.
796 3137 899 3182 Put.
922 3135 987 3178 M.
1026 3162 1085 3170 --

187 3199 356 3257 excipit
401 3194 501 3240 edd.
540 3195 684 3238 Puteo
708 3225 736 3238 ..
774 3196 833 3238 V.
873 3192 1081 3237 Beroald.

191 3253 295 3299 Alc.
335 3252 482 3300 Rhen.
524 3270 650 3312 sqq.,
709 3260 759 3296 ut
807 3252 983 3294 videtur
1035 3267 1084 3292 ex

188 3309 457 3356 emendandi
480 3313 628 3354 studio
650 3319 693 3353 et
717 3312 774 3353 ob
796 3325 984 3367 sequens
1004 3311 1083 3350 du·

186 3371 350 3423 cicque.
412 3365 502 3412 Sed
537 3369 628 3414 vid.
665 3375 760 3412 not.
795 3366 850 3411 ad
886 3368 923 3417 1,
953 3366 1009 3409 39
1043 3372 1086 3408 et

186 3427 230 3475 2,
251 3427 295 3468 7.
356 3423 465 3465 Mox
489 3427 559 3470 ed.
586 3425 703 3482 Spir.
730 3439 848 3481 quae
863 3437 1083 3480 promon-

188 3483 366 3532 torium
407 3484 651 3528 'neser-ium
686 3483 812 3524 inter
850 3481 1085 3524 Baiarum

189 3544 349 3591 lacum
365 3538 503 3596 flexo
532 3540 661 3587 maci
690 3540 932 3587 allabitur..
990 3538 1084 3586 Pro

1153 1295 1531 1349 promontorium
1582 1293 1717 1337 MSS.
1758 1292 1882 1338 Flor.
1931 1297 2054 1350 (test.

1160 1353 1296 1409 Vict.)
1357 1351 1505 1395 Guelf.
1562 1351 1714 1395 ferunt
1766 1359 2057 1407 promunto-

1156 1425 1294 1452 rcum.

1216 1469 1450 1510 adluitur..
1521 1467 1597 1524 Sic
1656 1467 1778 1523 (sive
1833 1467 2054 1522 alluitur)

1158 1525 1294 1569 MSS.
1328 1525 1430 1566 Vat.
1469 1525 1591 1569 1958.
1625 1523 1773 1568 Guelf.
1814 1523 1914 1568 edd.
1947 1523 2051 1566 Put.

1159 1584 1226 1626 M.
1254 1592 1294 1625 et
1318 1583 1372 1625 V.
1395 1582 1607 1626 Beroald.
1644 1586 1708 1639 (c.
1740 1581 1887 1625 silent.
1913 1580 2056 1638 Vict.)

1161 1639 1419 1683 Alc.Rhen.
1439 1655 1534 1697 sqq.
1564 1667 1624 1675 -—
1680 1637 2054 1683 allabiturMSS.

1163 1698 1262 1740 vat.
1290 1696 1414 1740 1863.
1440 1706 1483 1740 et
1508 1697 1629 1740 1864.
1646 1697 1769 1739 Harl.
1787 1695 1894 1753 Reg.
1913 1695 2053 1739 Corb.

1161 1756 1231 1798 ed.
1261 1755 1376 1812 Spir,
1411 1763 1624 1812 tanquam
1659 1754 1849 1813 passive.
1919 1753 1979 1800 cf.
2017 1755 2058 1807 l,

1159 1814 1230 1856 70.
1276 1820 1360 1855 aut
1402 1813 1579 1854 modice
1621 1814 1871 1855 adlabente
1909 1817 2056 1854 aestu.

1158 1870 1249 1914 Sed
1289 1870 1517 1929 vulgatum
1563 1871 1692 1913 unice
1746 1885 1840 1912 esse
1891 1884 2054 1914 verum

1158 1944 1253 1972 non
1278 1935 1341 1971 est
1368 1929 1489 1985 quod
1513 1928 1714 1971 doceam.

1196 1989 1400 2028 ‘matrisu
1432 1985 1507 2028 Sic
1529 1985 1628 2027 edd.
1654 1984 1928 2028 recentiores
1949 1982 2055 2026 inde

1158 2061 1182 2087 a
1225 2044 1344 2102 Lip8.
1387 2042 1547 2100 prima.
1604 2070 1663 2078 -—
1729 2043 1880 2084 matri
1919 2040 2054 2084 MSS.

1158 2101 1283 2144 Flor.
1304 2102 1408 2155 (sec.
1424 2100 1454 2141 ί.
1472 2098 1618 2142 Gron.
1635 2099 1754 2155 coll.)
1768 2098 1882 2142 Bud.
1902 2097 2053 2142 Guelf.

1157 2159 1321 2215 (littera
1348 2173 1371 2200 s
1394 2157 1453 2199 ibi
1479 2173 1603 2200 erasa
1626 2164 1690 2200 est
1714 2165 1756 2199 et
1785 2159 1805 2199 i
1826 2155 1999 2214 pictum
2030 2171 2055 2197 a

1158 2233 1248 2260 rec.
1287 2217 1372 2269 ιιι.)
1406 2215 1504 2258 edd.
1538 2215 1655 2272 Spir.
1689 2215 1794 2257 Put.
1831 2214 1899 2261 M.
1930 2222 1972 2256 et
1996 2215 2053 2254 V.

1161 2273 1365 2316 Beroald-
1392 2275 1453 2329 (c.
1476 2270 1776 2324 silent.viet.)
1795 2271 1893 2315 Ale.
1909 2271 2053 2314 Rben.

1159 2332 1262 2375 ΑΜ.
1322 2331 1394 2374 De
1424 2329 1520 2372 aliis
1551 2328 1684 2372 MSS.
1715 2328 1939 2372 silentium
1971 2335 2054 2373 est.

1158 2389 1192 2432 l.
1232 2388 1494 2432 Gronovius
1537 2385 1732 2430 coniecit
1786 2385 2052 2443 legendum:

1157 2448 1207 2490 id
1231 2460 1405 2502 quoque
1427 2445 1626 2488 honoris·
1636 2445 1786 2486 matri
1806 2448 2020 2487 daretur.

1213 2510 1444 2548 sueverat.
1529 2502 1629 2544 MS.
1665 2500 1817 2545 Guels.
1857 2502 2052 2553 solebat,

1157 2578 1208 2609 ex
1231 2562 1646 2618 interpretamento.

1213 2635 1270 2661 ac
1297 2627 1415 2664 tum.
1475 2616 1557 2660 Ed.
1583 2614 1702 2672 Spir.
1728 2631 1784 2656 ac
1802 2622 1924 2662 tunc.

1209 2675 1513 2732 proditorem.
1585 2673 1684 2716 MS.
1720 2670 1852 2714 Bodl.
1893 2672 2053 2725 prodi-

1157 2736 1349 2778 tionem.
1411 2732 1520 2773 Mox
1542 2734 1685 2773 sellae
1706 2727 1879 2786 Lipsius
1903 2744 1926 2771 a
1954 2730 2048 2787 pri-

1156 2793 1243 2836 scis
1283 2788 1408 2833 libris
1453 2789 1624 2844 (nescio
1666 2786 1847 2846 quibus)
1897 2787 2049 2830 abesse

1156 2855 1355 2892 testatur.

1211 2907 1361 2948 Baias
1375 2911 1663 2958 perveccarn.
1724 2901 1801 2945 Sic
1821 2901 1922 2944 edd.
1944 2899 2050 2948 Put.

1155 2963 1223 3007 M.
1249 2972 1290 3005 et
1313 2964 1366 3003 V.
1393 2960 1597 3003 Beroald.
1636 2959 1737 3003 Ale.
1769 2958 1911 3001 Rben.
1948 2974 2047 3016 sqq.

1156 3020 1328 3063 Contra
1359 3018 1493 3061 MSS.
1530 3019 1652 3060 Flor.
1693 3021 1810 3072 (test.
1848 3016 1964 3059 Vict.
2006 3031 2044 3058 c.

1155 3077 1303 3133 Pieh.)
1337 3076 1452 3118 Bud.
1478 3075 1589 3132 Agr.
1616 3073 1767 3118 Guelf.
1792 3073 1901 3131 Reg.
1925 3073 2048 3118 Hari.

1153 3136 1283 3179 Bodl.
1311 3134 1390 3176 les.
1415 3133 1554 3176 Corb.
1588 3148 1673 3190 pro
1699 3133 1853 3174 Baias
1884 3131 2050 3173 habent

1155 3194 1342 3236 Baulos
1378 3188 1550 3246 (Guelf.
1587 3191 1813 3245 balzulos).
1858 3212 1918 3221 —
1986 3187 2050 3230 At

1156 3250 1293 3296 verba
1335 3249 1590 3307 sequentia:
1655 3248 1719 3289 ibi
1753 3246 2046 3291 blandimen-

1157 3316 1257 3350 lum
1285 3338 1295 3348 .
1314 3339 1324 3349 .
1343 3339 1352 3349 .
1378 3308 1628 3357 collocata,
1670 3321 1763 3347 non
1788 3303 1842 3346 ad
1870 3304 2050 3347 Baulos

1156 3365 1232 3409 sed
1266 3363 1320 3407 ad
1351 3363 1507 3408 Baias
1539 3369 1758 3421 spectant.
1839 3360 1952 3403 Nam
1987 3359 2048 3402 ibi

1158 3421 1413 3467 convivium
1449 3419 1716 3465 celebratum
1752 3425 1842 3470 est,
1879 3417 2048 3474 Agrip-

1154 3480 1348 3582 }'ffiissue
1366 3476 1633 3580 ᾆὶζῗῖἀζέἷεω
1656 3473 2054 3592 ῗὶἷζζῗῑὲἶῗζῖῗὲῖἳὲ

1301 3569 1314 3589 ὶ
1610 3564 1623 3583 9
