2164 3990
67 195 70 201 '
156 205 379 249 musm-

158 251 280 288 A.C.
323 251 382 286 ει.

560 192 735 271 Lm.
759 205 911 269 ΧΠ.
984 205 1179 273 CAP.
1215 208 1313 269 30.
1347 209 1450 271 31.
1851 207 1933 270 95

73 346 249 403 rebus
285 339 545 399 adversis
581 339 856 395 laudatus
899 340 1060 415 quod
1097 350 1155 396 et
1198 357 1460 414 pugnam
1502 357 1687 395 manu
1735 359 1936 415 capes-

76 431 175 488 siit
213 439 270 485 et
313 444 560 501 corpore
602 424 849 479 adverso
893 424 1141 481 vulnera
1185 422 1427 498 excepit.
1537 421 1814 481 Ceterum
1851 418 1934 482 ¹ad

74 516 327 574 classem
357 511 423 567 in
454 507 735 567 Danubio
773 508 1178 583 opperientem
1210 508 1488 584 perfugit.
1574 510 1759 566 secuti
1796 530 1934 566 mox

76 599 318 657 clientes
387 607 444 653 et
506 592 755 668 acceptis
820 593 974 666 agris
1033 594 1098 650 in
1161 593 1474 651 Pannonia
1535 593 1714 650 locati
1779 605 1936 655 sunt.

73 682 351 758 Regnum
372 678 606 753 Vangio
642 698 708 735 ac
734 676 879 735 Sido
908 678 1063 736 inter
1102 698 1162 734 se
1196 678 1518 754 partivere‚
1569 679 1795 752 egregia
1829 680 1938 735 ad-

75 787 277 825 versus
320 785 429 822 nos
471 766 609 820 fide:
679 763 984 833 subiectiS‚
1052 784 1237 820 suone
1280 784 1358 820 an
1402 764 1628 820 servitii
1671 764 1936 837 ingenie,

76 854 222 910 dum
262 850 726 926 adipiscerentur
778 849 1240 919 dominationeS‚
1306 850 1494 906 multa
1540 848 1810 919 caritate,
1881 860 1940 907 et

74 938 297 994 maiore
321 936 490 1005 odio,
530 945 843 1010 postquam
868 934 1067 1009 adepti
1095 946 1252 994 sunt.

247 1059 472 1123 XXXI.
538 1058 620 1119 At
651 1062 716 1119 in
738 1059 1050 1118 Britannia
1084 1059 1149 1122 P.
1180 1058 1491 1120 Ostorium
1525 1083 1634 1140 pro
1669 1073 1941 1140 praetore

78 1150 350 1209 turbidae
380 1168 473 1204 res
505 1167 800 1222 excepere,
845 1146 1043 1222 effusis
1082 1147 1148 1202 in
1182 1167 1387 1220 agrum
1421 1149 1713 1206 sociorum
1751 1144 1943 1206 hosti-

77 1238 190 1293 bus
229 1255 297 1291 eo
333 1232 680 1300 violentum,
746 1232 907 1307 quod
941 1252 1165 1289 novum
1202 1234 1411 1289 ducem
1446 1234 1701 1291 exercitu
1738 1234 1941 1308 ignoto

79 1332 136 1377 et
159 1330 360 1393 coepta
384 1312 577 1372 hieme
602 1316 826 1373 iturum
848 1317 1087 1373 obviam
1110 1338 1235 1373 non
1263 1319 1566 1380 rebantur.
1649 1318 1758 1376 Ille
1796 1339 1942 1394 gna-

78 1424 179 1464 rus
220 1403 430 1481 primis
473 1402 780 1459 eventibus
831 1412 1055 1459 metum
1112 1415 1214 1461 aut
1270 1404 1545 1461 fiduciam
1590 1404 1753 1480 gigni
1797 1405 1939 1462 citas
1998 1447 2018 1458 r

138 1635 370 1693 capessiit.
453 1633 531 1678 Sic
559 1618 662 1678 edd.
696 1633 841 1678 Rhen.
873 1650 975 1694 sqq.

1101 1638 1340 1679 adversus.
1402 1636 1480 1680 Sic
1502 1635 1635 1682 MSS.
1661 1636 1787 1681 Flor.
1819 1640 1942 1692 (test.

82 1693 331 1750 (Emestius
365 1691 419 1734 de
449 1691 667 1733 Rhenano
709 1690 847 1735 falsus
891 1702 974 1736 est.

1047 1690 1167 1737 Vict.
1195 1710 1233 1736 c.
1259 1693 1413 1747 Pich.)
1452 1695 1597 1738 Vatic.
1630 1694 1701 1748 (Li
1736 1697 1791 1751 S.)
1820 1694 1942 1741 Bud»

83 1752 135 1795 In
160 1751 375 1806 castigatt.
401 1748 474 1791 ille
499 1747 605 1791 dicit
632 1765 677 1791 se
700 1747 870 1792 dedisse
893 1765 972 1792 ca-

81 1807 339 1908 ffigsitfiin
377 1813 600 1916 c(‹tmttextx171·
623 1814 687 1918 (ἑᾶς
723 1808 973 1905 οαέεεὲιὶζ).

176 1895 186 1906 .
283 1879 348 1905 or.
433 1879 510 1905 es.
588 1879 629 1906 lc
655 1895 663 1903 .
741 1879 762 1906 e
798 1895 810 1906 .
916 1880 972 1906 η’.

85 1917 312 1976 capesciit.
392 1919 451 1962 cf.
490 1926 586 1961 not.
622 1919 676 1963 ad
715 1921 780 1971 12,
813 1880 973 1964 11.P——

81 1976 197 2022 Edd.
227 1977 332 2020 Put.
366 1975 435 2019 M.
469 1984 513 2018 et
542 1974 595 2018 V.
626 1975 834 2020 Beroald.
872 1978 974 2022 Alc.

83 2035 342 2090 capessuit‚
383 2032 503 2090 quod
541 2033 720 2076 videtur
752 2035 971 2092 originem

82 2092 259 2136 traxisse
290 2107 313 2133 e
347 2090 491 2133 forma
512 2089 638 2134 Flor.
674 2114 726 2125 -
775 2092 974 2148 capessit

82 2150 186 2194 MS.
211 2147 367 2192 Guelf.

139 2245 380 2289 Danubio.
431 2245 616 2289 MSS.F
616 2246 700 2289 lor.
723 2246 973 2301 (test.Vict.

83 2312 128 2348 et
160 2303 246 2347 lac.
273 2302 500 2357 Gronoxr.)
525 2302 676 2346 Guelf.
704 2305 851 2345 dauio
879 2305 976 2349 sive

84 2377 108 2404 e
131 2361 399 2418 compendio
423 2361 576 2417 script.
600 2361 689 2402 sive
714 2361 870 2404 litteris
885 2376 976 2404 me-

85 2417 169 2460 diis
192 2417 389 2468 omissis,
420 2418 542 2475 quod
564 2417 737 2475 saepius
759 2418 977 2462 accidisse

87 2475 175 2519 iam
197 2474 430 2532 aliquoties
456 2474 672 2521 vidimuS.

146 2582 192 2616 et
224 2575 442 2628 acceptis.
501 2573 584 2618 Ed.
609 2574 729 2633 Spir.
765 2581 815 2616 ut
847 2590 978 2618 acce-

85 2633 190 2687 ptis.
226 2654 278 2664 —
329 2631 390 2673 Et
413 2631 618 2674 Ernestio
643 2631 890 2674 tollendum
919 2634 979 2674 vi-

87 2690 287 2732 debatur.
354 2687 536 2732 Scilicet
562 2688 770 2732 Tacitum
805 2690 980 2732 brevio·

87 2762 183 2790 rem
206 2745 348 2789 facere
371 2746 551 2789 student
576 2761 708 2803 quam
733 2762 814 2804 per
832 2764 877 2790 se
897 2756 978 2791 est.

36 2814 43 2823 “
89 2803 176 2846 Sed
209 2802 283 2846 hie
308 2803 397 2846 duo
436 2811 664 2845 momenta
700 2804 980 2861 distinguun-

91 2869 187 2912 tur,
229 2863 412 2902 clientes
443 2875 562 2902 mox
589 2868 770 2903 secutos
805 2876 908 2904 esse
939 2871 982 2906 et

89 2919 286 2972 acceptis
311 2919 438 2970 agris
459 2920 507 2959 in
531 2917 584 2960 P.
612 2920 813 2970 locatos.;
841 2935 982 2977 quare

93 2974 204 3017 bene
245 2991 289 3018 se
335 2975 465 3018 habet
502 2983 562 3019 et.
606 3000 663 3008 —
734 2975 840 3019 Mox
872 2976 978 3020 MS.

95 3029 243 3074 Guelf.
268 3032 484 3087 Vangido
506 3047 563 3075 ac
585 3032 724 3088 Sydo.

142 3132 395 3186 paravere.
455 3131 532 3174 sie
553 3132 691 3176 MSS.
712 3130 837 3177 Flor.
863 3101 979 3189 (rest.

91 3187 211 3231 vict.
253 3204 355 3231 cum
400 3187 615 3245 Pichen.)
666 3189 784 3233 Bud.
828 3190 981 3235 Guelf.

91 3245 189 3288 edd.
218 3245 318 3287 Pur.
346 3244 412 3288 M.
441 3255 482 3288 et
505 3244 560 3289 V.
587 3246 772 3291 Pichen.
802 3264 900 3307 sqq.
935 3258 979 3291 et

91 3301 154 3346 sic
175 3302 308 3345 MSS.
335 3310 433 3345 test.
458 3303 679 3346 Broterio.
713 3328 768 3338 —-
808 3307 982 3360 partiti

93 3367 204 3401 sunt
231 3359 330 3402 edd.
354 3359 471 3416 Spir.
500 3360 703 3425 Beroald.
731 3362 833 3406 Alc.
865 3363 974 3405 Rbe-

92 3416 745 3517 13....quS.x5„23¹fz,fflffi...
772 3419 978 3520 ³³23ssss

91 3487 452 3586 {nguggtqueqh
478 3531 695 3589 margine.
740 3493 804 3530 'm
855 3494 868 3520 t

1044 1749 1155 1807 Agr.
1190 1750 1290 1793 edd.
1323 1751 1447 1822 Spin
1477 1751 1598 1817 Lips.
1628 1753 1711 1795 Pic
1744 1768 1815 1795 en.
1842 1766 1893 1808 sq
1926 1784 1940 1796 .

1043 1834 1102 1906 ζί-
1118 1807 1566 1911 ῧξηὶῗινίετῖξιῗᾶρὲἳιέ..
1590 1809 1941 1911 Ιεῖῑιιίέἑιεξῗιλίὀί

1045 1920 1155 1989 Mox
1194 1938 1279 1986 pro
1319 1923 1540 1966 subiectis
1581 1923 1683 1967 MS.
1716 1923 1830 1981 Agr.
1867 1924 1942 1968 dat

1045 1987 1296 2021 moer-tum.

1103 2050 1476 2094 dominationes.
1503 2075 1508 2079 ·
1535 2049 1614 2094 Sic
1637 2049 1741 2094 libri
1767 2067 1942 2098 omnes.

1044 2106 1275 2150 Ernestius
1309 2124 1414 2152 cum
1447 2108 1594 2152 amico
1616 2107 1779 2165 Ryckii
1807 2111 1942 2161 male?

1045 2165 1122 2208 bat
1153 2165 1520 2216 dominationis,
1560 2175 1608 2209 ut
1641 2166 1682 2217 6,
1706 2166 1780 2210 45.
1849 2167 1941 2211 Sed

1047 2223 1392 2264 dominationes
1406 2222 1480 2265 hic
1502 2231 1605 2266 sunt
1622 2239 1773 2281 regna,
1796 2225 1941 2268 Herr-

1047 2281 1274 2336 Schasten,
1303 2287 1344 2322 et
1368 2279 1423 2322 de
1449 2279 1625 2324 duobus
1648 2282 1828 2338 regibus
1851 2298 1944 2325 ser·

1049 2353 1128 2379 mo
1163 2346 1241 2380 est.
1313 2336 1374 2380 cf.
1409 2337 1450 2389 3,
1482 2338 1555 2381 26.
1593 2340 1948 2384 dominationes

1044 2409 1315 2449 provenere.

1110 2463 1222 2507 CAP.
1243 2463 1312 2508 31.
1359 2466 1423 2507 Ac
1445 2464 1494 2506 in
1510 2465 1593 2508 ΒΓ.
1610 2445 1662 2508 Ρ.
1681 2466 1943 2515 Ostorium.

1051 2520 1111 2565 cf.
1154 2520 1267 2578 Agr.
1316 2537 1358 2566 c.
1402 2522 1469 2566 14.
1561 2521 1661 2568 MS.
1696 2522 1942 2571 Guelf.,P.

1052 2578 1282 2622 Ostrium.

1102 2662 1196 2703 pro
1223 2656 1466 2702 praetore.
1537 2649 1614 2694 Sic
1641 2650 1742 2696 edd.
1769 2652 1801 2695 Ι.
1827 2651 1945 2697 Gro-

1051 2721 1158 2748 nov.
1180 2705 1355 2748 Ernest.
1380 2705 1539 2750 Oberl.
1562 2723 1659 2766 sqq.
1689 2718 1738 2753 ut
1762 2726 1786 2753 e
1806 2710 1944 2756 MSS.

1051 2763 1178 2805 Flor.
1195 2761 1346 2805 Guelf.
1362 2791 1420 2798 —-
1455 2764 1686 2808 Victorius
1707 2775 1855 2811 tamen
1880 2771 1946 2813 in—

1052 2829 1219 2863 tactum
1234 2820 1413 2877 reliquit
1423 2830 1797 2876 propraetorem,
1822 2828 1946 2884 quod

1052 2877 1215 2920 habent
1239 2877 1339 2919 edd.
1369 2887 1476 2922 vett.
1502 2886 1543 2921 et
1566 2879 1666 2924 MS.
1687 2882 1805 2927 Bud.
1872 2885 1946 2928 De

1054 2935 1212 2978 ceteris
1236 2934 1370 2978 MSS.
1397 2943 1559 2979 tacent.

1108 3004 1281 3058 effusis.
1342 3004 1427 3047 Ed.
1455 3006 1571 3064 Spir.
1598 3008 1796 3064 ecfusis.
1859 3012 1943 3058 Ea-

1051 3061 1155 3105 dem
1184 3077 1286 3104 mox
1311 3062 1362 3103 in
1386 3066 1523 3116 agris
1545 3080 1631 3122 pro
1656 3068 1704 3108 in
1725 3083 1912 3123 agrum.

1108 3132 1274 3175 hieme.
1332 3132 1446 3176 Edd.
1473 3133 1574 3178 Put.
1600 3135 1666 3179 M.
1695 3145 1738 3181 et
1760 3137 1817 3183 V.
1835 3140 1941 3190 Ber.

1052 3195 1112 3245 (c.
1137 3190 1282 3232 silent.
1309 3189 1450 3243 Vict.)
1480 3191 1582 3235 Alc.
1607 3191 1808 3241 Rhenan.
1832 3198 1939 3244 Ald.

1048 3249 1222 3302 hyeme.
1313 3246 1591 3305 Scripturam
1633 3253 1782 3296 hieme
1821 3255 1945 3303 dedit

1048 3304 1237 3360 Lipsius.
1331 3303 1408 3347 Est
1446 3306 1491 3348 in
1531 3306 1629 3350 MS.
1667 3307 1818 3355 Guelf.
1866 3314 1938 3359 ed.

1048 3362 1167 3419 Spir.
1256 3359 1348 3403 Pro
1394 3363 1570 3406 iturum
1606 3364 1760 3411 Guelf.
1808 3369 1940 3416 habet

1046 3421 1248 3461 icturum
1263 3449 1274 3465 ,
1313 3427 1355 3462 et
1378 3420 1572 3464 rebatur
1593 3439 1678 3481 pro
1701 3426 1941 3480 rebantur,

1045 3477 1118 3518 illi
1138 3489 1221 3532 pro
1245 3476 1337 3519 ille.
1406 3477 1511 3520 Mox
1535 3494 1617 3537 pro
1646 3490 1731 3524 aut
1741 3484 1834 3538 fid.
1870 3488 1940 3532 ed.

1047 3533 1166 3589 spir.
1190 3531 1267 3577 dat
1290 3534 1453 3590 adfici.
