2164 3990
614 231 784 293 LIB.
806 231 978 294 XIII.
1047 229 1240 294 CAP.
1270 231 1370 293 49.
1395 230 1497 294 50.
1859 234 1982 295 215

125 387 248 424 non
270 363 457 433 Nero,
500 363 602 420 sed
627 357 891 419 Thrasea
926 363 1187 436 regimen
1225 383 1428 422 eorum
1468 360 1732 419 teneret?
1817 367 1974 440 quod
2025 417 2035 429 ε

84 523 85 526 ¹
123 452 173 509 si
194 470 438 510 summa¹
461 448 929 504 dissimulatione
968 448 1536 516 transmitterentur,
1589 440 1810 524 quanto
1849 471 1976 506 ma—

120 536 218 610 gis.
250 535 530 590 inanibus
571 532 1027 589 abstinendum?
1110 529 1370 598 Thrasea
1424 543 1627 589 contra
1682 533 1972 590 rationem

119 619 496 696 poscentibus
526 617 730 674 amicis
761 637 885 673 non
911 619 1308 692 praesentium
1345 618 1619 691 ignarum
1652 620 1974 692 responde-

119 707 221 762 bat
276 703 564 761 eiusmodi
618 703 884 760 consulta
941 703 1262 776 corrigere,
1320 705 1420 758 sed
1468 715 1703 778 patrum
1755 699 1974 760 honori

118 792 290 860 dare,
355 800 425 846 ut
476 789 855 844 manifestum
910 787 1073 844 fieret
1123 807 1470 861 magnarum
1511 807 1712 844 rerum
1767 808 1968 844 curam

118 895 241 931 non
285 874 787 943 dissimulatur05‚
842 873 946 949 qui
984 873 1250 930 animum
1294 874 1469 929 etiam
1511 872 1820 953 levissimis
1865 874 1971 930 ad-

117 970 426 1018 verterent.
558 986 585 1007 *-

285 1055 355 1115 L.
419 1051 647 1112 Eodem
679 1074 836 1111 anno
876 1053 1095 1111 crebris
1125 1053 1336 1129 populi
1359 1053 1820 1127 flagitationibus
1854 1055 1967 1110 im·-

116 1141 462 1207 modestiam
501 1140 955 1216 publicanorum
989 1139 1286 1212 arguentis
1324 1140 1617 1197 dubitavit
1649 1137 1838 1209 Nem,
1891 1161 1967 1196 an

117 1240 324 1285 cuncta
346 1225 647 1298 vectigalia
673 1224 866 1280 omitti
886 1224 1115 1281 iuberet
1146 1224 1325 1300 idque
1355 1222 1822 1299 pulcherrimum
1858 1225 1966 1281 do—

115 1333 260 1370 num
298 1310 498 1384 generi
530 1308 871 1366 mortalium
907 1309 1090 1368 daret.
1177 1308 1295 1366 Sed
1332 1309 1616 1384 impetum
1650 1310 1774 1366 eius
1807 1310 1966 1366 mul-

114 1407 238 1454 tum
271 1396 437 1471 prius
468 1395 704 1450 laudata
737 1394 1146 1467 magnitudine
1183 1394 1368 1449 animi
1408 1395 1695 1451 attinuere
1732 1406 1965 1451 senato-

113 1501 204 1539 res
239 1478 686 1538 dissolutionem
725 1479 958 1553 imperii
1003 1479 1301 1549 docend0‚
1353 1480 1403 1535 si
1442 1481 1697 1549 fructUS‚
1750 1480 1966 1556 quibus

114 1586 205 1623 res
244 1565 481 1642 publica
523 1563 935 1634 sustineretur,
980 1565 1479 1624 deminuerentur.
1566 1565 1784 1641 quippe
1824 1565 1967 1621 sub-

113 1652 247 1708 latis
280 1650 556 1726 portoriis
591 1668 867 1724 sequen5‚
920 1660 986 1705 ut
1021 1649 1379 1706 tributorum
1412 1649 1655 1706 abolitio
1690 1661 1965 1725 expostu-

113 1737 351 1795 laretur.
445 1733 777 1810 Plerasque'
806 1734 1178 1807 vectigalium
1215 1735 1515 1791 societates
1553 1754 1587 1791 a
1622 1735 1963 1792 consulibus

114 1831 171 1879 et
199 1820 455 1879 tribunis
483 1818 674 1895 plebis
710 1819 1053 1877 constitutas
1095 1819 1216 1876 acri
1249 1819 1422 1878 etiam
1457 1819 1667 1896 populi
1700 1817 1963 1880 Romani

1262 1919 1290 1938 A

211 232 264 268 A.
286 230 339 266 U.
359 228 441 265 812.

207 277 260 311 A.
279 273 328 312 G.
377 273 438 307 59.

1128 2067 1244 2113 CAP.
1276 2067 1347 2112 50.
1417 2067 1589 2110 omitti.
1658 2064 1737 2113 Sic
1772 2066 1961 2110 sueton.

1072 2125 1255 2184 Vespas.
1297 2142 1339 2170 c.
1369 2125 1438 2169 16.
1480 2127 1655 2169 omissa
1689 2126 1771 2169 sub
1806 2124 1963 2167 Galba

1071 2185 1332 2239 vectigalia.

1129 2257 1527 2298 deminuerentur.
1617 2251 1696 2296 Sic
1746 2250 1847 2296 edd.
1895 2267 1963 2294 re·

1070 2321 1206 2356 centt.
1240 2312 1345 2356 inde
1377 2329 1400 2355 a
1427 2311 1564 2370 Lipsii
1591 2311 1748 2369 prima.
1819 2306 1958 2351 dimi-

1067 2378 1325 2412 nuerentur
1364 2369 1466 2412 MS.
1500 2367 1652 2412 Guelf.
1705 2365 1807 2409 edd.
1849 2373 1958 2412 vett.

105 2067 302 2168 mr
325 2053 712 2168 25‘113233233222
729 2081 854 2168 rs
873 2065 999 2168 ⁶233·

109 2191 288 2296 vmdiiod
316 2240 373 2285 si.
442 2238 521 2283 Sic
553 2237 690 2283 MSS.
723 2239 848 2283 Flor.
880 2240 999 2293 (test.

110 2295 229 2340 Vict.
262 2313 368 2340 cum
401 2295 436 2338 I.
463 2296 683 2352 Gronov.)
729 2296 840 2354 Reg.
873 2294 998 2338 Harl.

109 2353 251 2397 Bodl.
280 2354 363 2397 les.
395 2353 513 2398 Bud.
544 2354 656 2411 Agr.
698 2352 847 2397 Guelf.
895 2352 996 2395 edd.

109 2411 229 2470 Spir.
267 2411 354 2454 lac.
381 2410 581 2454 Gronov.
609 2411 784 2454 Ernest.
811 2426 908 2468 sqq.
940 2432 997 2442 —

110 2484 230 2524 quae
250 2470 293 2510 si
314 2469 414 2512 edd.
435 2469 539 2512 Put.
558 2469 626 2511 M.
651 2477 694 2511 et
707 2469 762 2510 V.
788 2465 995 2510 Beroald.

110 2525 215 2570 Alc.
237 2525 380 2568 Rhen.
405 2542 506 2584 sqq.
531 2541 673 2583 usque
697 2525 752 2568 ad
774 2524 863 2568 Iac.
879 2522 996 2567 Gro-

109 2597 218 2627 nov.
276 2582 312 2624 E
335 2582 606 2640 compendio
629 2582 876 2640 scripturae
899 2596 997 2623 eam

108 2639 370 2685 varietatem
412 2650 557 2683 ortam
597 2639 728 2683 facile
765 2637 999 2694 intelliget,

111 2698 187 2756 qui
218 2705 323 2739 vett.
365 2698 505 2742 libros
550 2713 684 2740 manu
735 2696 997 2741 versaverit.

108 2755 199 2797 sed
233 2757 354 2810 quod
382 2757 426 2797 si
454 2754 526 2797 hic
559 2752 782 2812 apiissime
813 2752 999 2811 ponitur

110 2820 160 2855 ut
193 2812 452 2855 coniunctio
490 2811 692 2859 relativa.
761 2810 821 2854 cf.
857 2811 924 2860 14,
956 2810 999 2853 1.

115 2868 296 2928 Quodsi
315 2883 488 2911 nurum
511 2877 597 2912 etc.
655 2868 749 2912 Cic.
775 2868 829 2910 de
848 2866 997 2910 Amic.

112 2942 152 2970 c.
189 2925 254 2969 15.
289 2926 504 2982 Tyranni
543 2928 758 2968 coluntur
797 2925 999 2968 simula·-

35 2993 45 3032 ζ
112 2985 235 3026 tione
265 2986 502 3026 duntaxat
531 2986 596 3024 ad
629 2991 834 3038 tempus:
874 2983 1000 3037 quod

110 3041 153 3083 si
166 3038 303 3096 sorte
329 3042 595 3091 ceciderint,
640 3047 742 3082 tum
777 3041 999 3094 intelligi-

113 3104 212 3148 tur,
251 3112 393 3152 quam
416 3098 598 3153 fuerint
631 3099 788 3152 inopes
824 3099 998 3141 amico-

114 3167 236 3197 rum.

171 3212 411 3255 eiusmodi.
514 3211 616 3255 MS.
674 3210 827 3255 Guelf.
881 3212 999 3255 eius.

114 3267 237 3312 Idem
261 3285 363 3311 mox
386 3275 470 3311 aut
490 3268 800 3324 manifestum
831 3285 916 3328 pro
950 3275 1001 3311 ut

116 3341 182 3368 m.
238 3325 415 3368 Deinde
440 3333 485 3367 et
507 3341 591 3382 pro
615 3328 772 3369 eliam.

172 3381 572 3425 dissimulaturos.
637 3383 721 3426 Ed.
752 3382 868 3440 Spir.
901 3384 1002 3424 dis-

116 3437 428 3484 simulatores.
487 3439 598 3483 Mox
631 3440 784 3483 eadem
817 3440 1001 3482 levissi-

118 3508 224 3537 mos
272 3499 592 3541 adverteretur
635 3512 718 3556 pro
757 3498 1003 3542 levissimis

117 3554 429 3598 adverterent.

1071 2426 1426 2494 Oudendorpius
1454 2425 1507 2468 ad
1539 2425 1724 2468 Sueton.
1745 2423 1826 2467 lul.
1850 2439 1893 2467 c.
1915 2423 1956 2468 5.

1065 2484 1414 2535 „Deminuztur
1442 2482 1485 2525 id
1517 2482 1638 2539 quod
1671 2480 1890 2539 decrescit
1919 2497 1955 2523 s.

1069 2541 1218 2584 minus
1259 2540 1309 2583 fit
1350 2556 1485 2597 quam
1528 2547 1646 2587 erat,
1696 2537 1799 2580 ideo
1860 2535 1956 2581 uod

1069 2598 1166 2640 eius
1198 2613 1298 2657 pars
1325 2596 1440 2655 perit
1464 2612 1498 2639 s.
1519 2595 1756 2646 adimitur,
1786 2610 1830 2638 se
1864 2626 1867 2628 -
1895 2602 1957 2638 ta·

1070 2671 1176 2698 men
1223 2670 1366 2699 unum
1410 2661 1577 2697 manet.
1665 2653 1959 2706 Diminuilur

1069 2726 1176 2754 vero
1212 2712 1281 2762 id,
1326 2710 1449 2769 quod
1486 2710 1806 2762 contunditur,
1850 2725 1957 2754 con-

1068 2768 1283 2826 fringitur
1306 2777 1348 2812 et
1369 2776 1647 2817 attenuatur,
1677 2776 1753 2811 aut
1777 2766 1956 2826 dissipa-

1069 2826 1206 2877 turin
1227 2826 1492 2869 minutiores
1515 2833 1676 2882 partes,
1696 2825 1810 2873 sieut
1822 2825 1957 2873 bona,

1071 2899 1199 2941 opes,
1251 2882 1479 2940 vectigalia
1525 2890 1712 2939 possunt
1749 2883 1961 2925 deminui

1071 2940 1367 2991 detrahendo,
1409 2948 1453 2982 at
1481 2940 1686 2984 diminui
1714 2937 1956 2996 dilapidan-

1071 2998 1173 3098 (ΙΞΥ
1197 2996 1512 3056 dissipand0.’'
1584 2995 1645 3042 ef.
1683 3003 1779 3040 not.
1818 2995 1877 3041 ad
1917 2997 1955 3047 1,

1127 3138 1339 3182 sequens.
1383 3123 1528 3169 Cicer.
1545 3124 1598 3168 de
1611 3124 1694 3170 Or.
1714 3122 1756 3176 2,
1776 3123 1961 3170 53.-non

1072 3198 1169 3227 esse
1202 3196 1500 3237 consequens.
1570 3181 1713 3227 Tusa.
1739 3183 1779 3234 5,
1810 3182 1851 3227 8.
1881 3186 1954 3225 al-

1071 3249 1225 3284 terum
1251 3240 1395 3283 alteri
1415 3253 1689 3296 consequens
1713 3247 1799 3284 est.

1123 3314 1387 3366 plerasque.
1446 3310 1559 3358 MS.
1586 3307 1751 3354 Guelf.
1766 3313 1955 3366 pluras-

1072 3384 1234 3481 qugixri
1262 3437 1405 3480 etiam
1429 3439 1598 3493 populi
1617 3439 1829 3483 Romani
1855 3447 1957 3483 tum

1072 3497 1304 3538 libertate.
1381 3495 1459 3540 Sic
1498 3495 1629 3540 MSS.
1663 3496 1790 3541 Flor.
1832 3502 1955 3553 (test.

1077 3552 1218 3606 Vici.)
1243 3551 1357 3597 Rud.
1382 3562 1424 3597 et
1445 3553 1548 3598 inde
1571 3553 1673 3599 edd.
1690 3555 1834 3600 Rhen.
1859 3570 1958 3613 sqq.
