2164 3990
245 164 377 228 ⁴504

923 161 1427 228 ANNALIUM

1802 149 2021 207 A.r1.sw.
2056 168 2065 182 ⁸

1802 211 1857 250 A.
1875 211 1927 251 C·
1956 213 2020 250 63.

246 292 551 372 „vissimis
577 314 815 372 quoque
838 293 995 351 curis
1020 292 1229 368 impar,
1259 315 1394 353 eum
1409 316 1551 373 opes
1565 301 1726 356 meas
1747 300 2105 367 ultra‘susti.

243 399 433 451 „nere
459 399 584 437 non
605 379 855 455 possim,
896 377 1259 453 praesidium
1283 392 1438 456 peto,
1524 380 1671 442 Iube
1695 404 1791 442 eas
1820 407 1928 464 per
1962 410 2106 466 pm·-

244 475 592 536 „curatores
630 476 762 522 tuos
796 461 1230 534 administrari,
1270 464 1338 522 in
1369 478 1530 525 tuam
1565 469 1866 528 fortunam
1900 475 2105 550 recipi.

248 547 417 621 „Nec
447 570 542 606 me
572 550 638 606 in
684 557 1088 624 paupertatem
1137 547 1263 622 ipse
1309 551 1655 625 detrudam,
1718 557 1822 612 sed
1872 560 2103 619 traditis

245 655 549 713 „quorum
593 633 824 706 fulgore
867 632 1298 707 praestringor,
1363 638 1523 711 quod
1569 630 1862 715 temporis¹
1893 637 2101 702 horto-

241 739 429 794 „rum
475 728 577 777 aut
618 715 900 774 villarum
936 737 1108 774 curae
1141 718 1477 793 seponitur,
1531 722 1597 781 in
1628 725 1894 783 animum
1926 748 2101 786 revo-

241 851 275 879 ,‚
289 805 454 867 cabo.

539 802 817 879 Superest
846 801 961 859 tibi
979 803 1166 860 robur
1188 815 1246 861 et
1268 814 1356 861 tot
1375 825 1481 880 per
1507 827 1693 866 annos
1719 811 1912 869 visum
1934 813 2101 872 fasti-

239 935 274 965 „
288 890 370 967 gii
393 888 677 965 regimen:
715 906 1025 964 possumus
1041 888 1300 947 seniores
1315 889 1490 948 amici
1515 893 1707 969 quiete
1725 899 2098 975 respondere.

295 1161 381 1196 nec
402 1166 493 1197 me.
549 1150 633 1195 Ed.
648 1149 680 1195 S
713 1149 771 1196 ir.
792 1165 876 1195 neo
894 1164 970 1196 ne.
1030 1145 1132 1196 MS.

239 1209 392 1255 Guelf.
417 1225 501 1269 pro
520 1224 604 1253 nec
625 1209 680 1253 ha
714 1217 755 1252 et
775 1223 856 1255 ne.

291 1267 631 1323 praestringor.
712 1265 793 1308 Ex.
817 1265 1131 1310 emendatione

236 1322 550 1384 Cannegieteri
563 1323 699 1380 (Diss.
711 1323 766 1367 ad
776 1323 936 1368 Avian.
948 1322 1132 1383 p.320.),

301 1399 374 1427 am
404 1396 615 1440 recepere
640 1381 825 1437 Bipont.
849 1380 1006 1425 Oberl.
1034 1397 1130 1440 sqq.

1203 1153 1357 1195 visum
1370 1184 1383 1202 ,
1414 1153 1538 1211 quod
1560 1162 1626 1198 est
1644 1151 1692 1197 in
1704 1150 1807 1199 MS.
1822 1153 1948 1200 Flor.
1962 1189 1976 1210 ,
2005 1156 2095 1200 vult

1202 1211 1386 1263 nisum;
1437 1209 1624 1255 Grotius
1666 1214 1864 1256 enixum
1894 1213 2096 1271 fastigio

1202 1267 1247 1311 h.
1282 1284 1325 1311 e.
1358 1267 1414 1311 ad
1447 1267 1547 1311 fasti
1581 1267 1702 1321 ium,
1745 1284 1879 1328 quam
1912 1279 2092 1315 senten-

1201 1325 1311 1368 tiam
1334 1325 1388 1368 ab
1412 1323 1457 1370 h.
1479 1325 1509 1369 l.
1535 1343 1557 1370 a
1578 1325 1724 1370 ienam
1744 1335 1866 1372 recte
1887 1327 1994 1372 dixit
2009 1327 2093 1372 Er-

1200 1382 1385 1426 nestius.
1455 1381 1491 1427 1.
1519 1384 1597 1428 Fr.
1628 1382 1891 1430 Gronovius
1922 1387 2094 1429 nixum

233 1398 421 1486 gli-iores
454 1440 557 1484 edd.
590 1449 634 1484 et
658 1438 797 1484 MSS.
825 1440 1130 1495 perstringor.
1185 1440 1388 1496 fastigio
1434 1439 1482 1484 h.
1520 1457 1562 1484 e.
1602 1440 1813 1507 imperim
1873 1442 2091 1501 potentis,

234 1498 297 1544 cf.
331 1497 428 1544 Cic.
455 1496 608 1541 Vatia.
648 1513 688 1541 c.
725 1498 792 1541 10.
824 1497 1049 1551 Dignitas
1082 1505 1127 1539 et

231 1558 461 1612 splendor
519 1554 906 1610 praestringebat
969 1556 1130 1599 oculos

231 1614 444 1658 Vatiniiz
488 1611 566 1655 ubi
599 1620 751 1656 tamen
786 1610 946 1655 similis
976 1620 1043 1656 est
1076 1610 1129 1654 li·

229 1672 422 1717 brorum
447 1669 638 1717 varietas
661 1677 762 1712 orta
788 1678 838 1713 ut
860 1667 934 1712 hic
957 1685 981 1713 e
1002 1685 1127 1714 com·

264 1728 397 1774 endio
434 1722 698 1787 scripturae.
757 1725 844 1770 Sed
876 1726 1125 1771 iudicamus

230 1745 350 1832 hanc
372 1801 471 1830 rem
493 1801 543 1828 ex
572 1800 656 1829 usu
679 1784 924 1828 latinitatis.

289 1851 336 1887 et
370 1850 438 1887 tot
464 1858 551 1897 per
584 1856 738 1886 annos
769 1843 919 1884 visum
941 1842 1130 1898 fastigii

229 1901 456 1957 regimen.
544 1898 621 1943 Sic
655 1898 792 1944 MSS.
828 1899 952 1943 Flor.
1001 1899 1125 1953 (test.

227 1957 371 2014 Viet.)
407 1956 524 2002 Bud.
552 1960 660 2014 Agr.
688 1955 839 2012 Guelf.
861 1956 970 2013 Reg.
992 1953 1122 1999 Harl.

226 2015 460 2060 B0d1.1e.s.
487 2014 694 2073 ed.Spir.
753 2013 826 2057 De
850 2012 1122 2058 MSS.Vatt.

228 2073 463 2129 Broterius
495 2088 601 2115 cum
632 2071 782 2130 Lipsio
812 2078 943 2114 tacet.
1003 2069 1120 2114 Edd.

229 2130 336 2175 Put.
358 2130 429 2174 M.
451 2137 496 2174 et
515 2128 571 2174 V.
591 2129 697 2173 Ber.
721 2129 821 2172 Alc.
847 2127 992 2171 Rhen.
1019 2142 1121 2185 sqq.

225 2189 400 2233 nixum
425 2185 623 2243 fastigii
651 2187 886 2241 regimen,
939 2185 1059 2244 quod
1098 2200 1121 2227 e

227 2245 337 2291 MS.
381 2244 579 2305 quodam
626 2244 907 2288 Puteolanus
966 2258 1024 2286 an
1073 2257 1122 2284 ex

225 2302 409 2362 ingenio
461 2301 683 2354 hauserit,
748 2300 973 2344 incertum
1038 2307 1119 2342 est.

225 2361 319 2408 lam
351 2359 551 2403 Pinellus
585 2358 703 2417 apud
736 2357 991 2402 Acidalium
1022 2356 1119 2399 Pu-

227 2416 396 2463 teolani
449 2417 739 2474 scripturam·
778 2412 979 2473 capiebat
1025 2413 1117 2458 siet

224 2490 457 2535 superesse
485 2473 659 2518 Neroni
689 2473 832 2518 robur
868 2480 912 2515 et
948 2488 1026 2529 per
1052 2479 1120 2517 tot

225 2549 370 2578 annos
390 2531 479 2577 iam
502 2531 763 2576 sustinuisse
786 2529 963 2590 imperii
988 2545 1117 2580 onus,

225 2600 277 2635 ut
324 2598 369 2635 et
419 2589 556 2635 sciret
604 2597 649 2632 et
693 2587 820 2632 solus
869 2586 1115 2632 sufficeret.

224 2647 380 2706 Quam
403 2656 552 2691 tamen
573 2646 840 2693 sententiam
865 2646 934 2688 vix
958 2644 1117 2688 admit-

220 2708 276 2751 tit
309 2705 500 2752 verbum
527 2706 716 2748 nixum.
787 2703 1009 2747 Putabam
1043 2702 1118 2746 ali·

221 2764 402 2824 quando
437 2765 608 2806 nixum
645 2779 670 2807 a
701 2758 793 2804 niti
823 2757 1119 2817 (σπουδάζειν

223 2821 288 2867 cf·
314 2821 437 2873 1211·
462 2819 533 2866 340
553 2821 625 2864 64·
656 2820 698 2872 Ξ,
711 2818 784 2863 ⁷4·
813 2818 940 2868 3031·
971 2820 1014 2867 4,
1027 2819 1117 2876 700)

220 2895 352 2939 posse
373 2877 516 2936 accipi
535 2893 619 2938 pro
642 2876 920 2932 σπουδαῖον,
944 2877 1116 2921 ἐσπου-

221 2937 315 2982 cao
353 2934 460 2980 ένον
480 2935 524 2980 h.
546 2951 587 2978 e.
612 2935 736 2993 quod
758 2935 807 2979 fit
827 2951 930 2979 cum
953 2949 1115 2991 magno

219 3003 292 3039 stu
327 2995 386 3038 io.
446 2992 567 3037 Hinc
586 2994 759 3036 nixum
774 2993 968 3050 fastigii
987 2991 1113 3045 regi-

220 3068 331 3096 men
364 3059 479 3096 esset
502 3060 683 3094 strenua
713 3059 756 3094 et
779 3049 1114 3118 diligentissima

221 3122 424 3154 summae
486 3109 713 3166 potestatis
769 3106 1112 3152 administratio.

220 3167 395 3210 Dubito
428 3174 603 3214 tamen,
640 3182 697 3209 an
734 3165 799 3210 sic
826 3167 995 3208 mltum
1028 3178 1111 3221 pro

221 3225 420 3266 enixum
448 3222 557 3280 poni
583 3222 740 3281 possit.
800 3224 860 3267 cf.
883 3221 1111 3265 Ammian.

220 3280 369 3324 Marc.
404 3282 472 3333 15,
507 3283 546 3324 1.
582 3280 823 3334 dih'gentici
861 3280 1111 3322 laborabat

220 3339 382 3381 enixti.
474 3338 594 3381 Plin.
633 3339 686 3387 9,
724 3339 766 3382 8.
810 3337 982 3381 conscii
1026 3335 1118 3378 sibi

221 3395 451 3438 enixion's
484 3411 671 3449 operae.
733 3395 811 3439 Sic
843 3399 980 3438 enixe
1014 3392 1108 3437 Cic.

220 3468 305 3509 pro
329 3451 448 3495 Sext.
480 3469 522 3496 c.
549 3453 615 3498 16.
675 3453 773 3501 Liv.
797 3453 865 3507 31,
891 3455 959 3496 11.
981 3451 1052 3498 29,
1069 3453 1109 3495 1.

220 3509 409 3555 Sueten.
435 3509 536 3555 Tib.
571 3508 616 3556 c.
638 3512 709 3555 50.
772 3509 1000 3560 Victorius
1024 3524 1107 3567 pro

1198 1496 1489 1555 imperatoria
1532 1499 1769 1555 dignitate,
1811 1515 1949 1559 quam
1981 1516 2091 1545 con-

1197 1553 1419 1598 iecturam
1457 1569 1676 1614 recepere
1711 1551 1764 1599 Bi
1801 1566 1898 1602 ont.
1929 1556 2090 1602 Oberl.

1198 1626 1299 1668 sqq.
1371 1610 1522 1655 Miror
1550 1615 1721 1655 nixum
1773 1615 1936 1670 astigia
1963 1616 2089 1670 regi-

1199 1684 1330 1720 men,
1360 1676 1404 1711 et
1425 1668 1577 1712 nescio
1601 1669 1710 1727 quid
1731 1670 1815 1714 sibi
1832 1671 1951 1715 velit.
1993 1670 2092 1716 Ina·

1197 1726 1266 1769 nis
1307 1725 1431 1768 enim
1472 1736 1538 1771 est
1578 1727 1717 1770 dictio
1767 1736 1811 1771 et
1852 1728 2087 1774 sententia.

1195 1783 1393 1826 Hillerus
1416 1783 1636 1828 coniecit:
1651 1784 1817 1841 fixum
1826 1786 2018 1842 fastigii
2024 1800 2066 1831 r.
2075 1803 2092 1842 ,-

1194 1841 1263 1885 Ru
1272 1841 1439 1899 pertius
1452 1841 1640 1897 flexum
1651 1843 1852 1899 fastigii
1863 1845 2091 1898 regimen,

1197 1898 1456 1957 metaphora
1484 1901 1618 1958 petita
1650 1915 1676 1942 a
1701 1902 1924 1958 regimine
1946 1901 2091 1948 navis.

1194 1956 1257 2001 cf.
1281 1955 1424 2001 Ovid.
1449 1958 1636 2003 Metam.
1667 1957 1707 2009 3,
1730 1957 1831 2003 598.
1890 1957 2087 2018 Propius

1193 2021 1290 2056 erat
1317 2028 1494 2056 nexum
1519 2015 1761 2070 (besestigt‚
1793 2015 2087 2073 vinctum)'et

1191 2086 1371 2113 nexum
1413 2086 1518 2114 cum
1563 2074 1787 2119 vocabulo
1830 2073 2003 2116 nixum
2039 2074 2087 2118 in

1191 2127 1320 2178 libris,
1358 2144 1488 2186 saepe
1531 2123 1752 2172 confundi
1787 2130 1942 2174 docuit
1970 2130 2086 2174 Dra-

1192 2183 1441 2228 kenborch.
1478 2185 1536 2228 ad
1569 2186 1648 2230 Sil.
1684 2186 1727 2239 3,
1755 2186 1826 2232 83.
1886 2186 1947 2232 cf.
1972 2186 2083 2232 Tac.

1193 2243 1281 2286 An.
1304 2243 1372 2291 16,
1397 2242 1464 2287 14.
1492 2242 1644 2302 ibique
1671 2252 1774 2289 not.
1835 2244 1922 2288 Sed
1953 2241 2083 2288 nihili

1190 2309 1297 2343 sunt
1323 2301 1631 2349 coniecturae,
1662 2301 1763 2359 quia
1783 2301 1919 2346 codd.
1946 2302 2083 2347 MSS.

1191 2355 1303 2400 nihil
1327 2356 1546 2401 laborant.
1605 2359 1774 2401 Visum
1786 2359 1980 2415 fastigii
2001 2373 2080 2403 re-

1187 2416 1345 2470 gimen
1368 2431 1464 2458 non
1490 2416 1637 2459 innuit
1663 2415 1893 2460 Neronem
1913 2425 2081 2476 specta-

1189 2482 1338 2516 torem
1371 2480 1547 2516 tanturn
1586 2472 1724 2517 fuisse
1754 2473 1802 2517 in
1831 2474 1896 2516 rei
1930 2473 2080 2533 puhli-

1188 2545 1266 2574 cae
1291 2529 1532 2588 regimine3
1559 2532 1636 2575 sed
1671 2533 1818 2574 visum
1849 2531 1981 2576 alicui
2015 2541 2080 2576 est

1187 2586 1258 2641 id,
1311 2588 1433 2646 quod
1473 2588 1650 2646 penitus
1694 2587 1908 2648 inspexit,
1954 2590 2079 2647 quod

1186 2645 1422 2703 cognitum
1455 2645 1589 2689 habet
1628 2642 1904 2700 (erkatmt),
1955 2647 2079 2704 quod

1186 2715 1396 2761 praesens
1420 2702 1564 2746 oculis
1581 2701 1795 2754 lustravit,
1851 2702 2079 2763 Exquisite

1189 2766 1339 2802 autem
1372 2758 1447 2804 hic
1485 2759 1671 2819 ponitur
1708 2761 1888 2813 visum,
1940 2770 1990 2806 ut
2021 2776 2076 2804 eo

1188 2817 1324 2860 verbo
1346 2817 1480 2861 simul
1502 2816 1941 2874 comprehendantur
1955 2817 2075 2870 anni,

1187 2889 1302 2931 quos
1327 2874 1449 2917 Nero
1472 2882 1737 2918 ante.suum
1770 2875 2076 2935 principatum

1185 2932 1234 2975 in
1268 2933 1406 2976 domo
1442 2930 1735 2990 imperatoria
1769 2933 1880 2990 egit,
1919 2941 1962 2978 et
1992 2948 2076 2992 per

1184 3002 1323 3048 quos,
1353 3004 1608 3047 quanquam
1640 3005 1733 3032 non
1758 2989 1853 3047 ipse
1882 2989 2074 3038 civitatis

1183 3056 1360 3096 rector,
1422 3047 1534 3091 vidit
1580 3057 1729 3090 tamen
1771 3056 1815 3091 et
1860 3049 2072 3106 cognovit

1182 3104 1345 3163 fastigii
1366 3104 1584 3163 regimen.

1234 3176 1487 3216 possumus
1516 3163 1729 3205 seniores
1755 3162 1895 3206 amici
1919 3163 2072 3219 quiete

1180 3224 1478 3274 respondere.
1539 3219 1617 3263 Sic
1653 3219 1751 3263 edd.
1787 3220 1888 3263 Put.
1919 3219 1989 3262 M.
2025 3226 2070 3261 et

1182 3277 1238 3320 V.
1262 3277 1475 3321 Beroald.
1498 3277 1595 3321 Alc.
1619 3277 1762 3320 Rhen.
1785 3293 1882 3335 sqq.
1953 3275 2068 3319 Cum

1180 3334 1247 3378 his
1278 3335 1404 3380 libris
1440 3335 1666 3378 consentit
1704 3333 1806 3377 MS.
1839 3333 1988 3384 Flor.‚
2032 3333 2069 3376 si

1180 3391 1289 3435 fides
1324 3392 1523 3435 habenda
1555 3401 1621 3436 est
1650 3391 1824 3435 silentio
1857 3390 2066 3435 Victorii.

1177 3450 1242 3493 At
1271 3449 1408 3494 MSS.
1433 3449 1579 3494 Vatic.
1614 3448 1773 3506 (Lips.)
1807 3448 1919 3506 Reg.
1953 3449 2067 3491 Bud.

1180 3507 1287 3566 Agr.
1318 3507 1392 3551 ed.
1415 3506 1534 3566 Spir.
1566 3522 1653 3565 pro
1684 3508 1834 3562 quiete
1864 3505 2067 3551 exhibent
