2164 3990
144 221 400 272 A·U·⁸0³·*
614 229 789 294 LIB.
818 226 958 294 XII.
1035 224 1228 296 CAP‘.
1270 231 1368 297 14.
1836 240 1920 300 79

144 278 199 316 A.
214 275 261 313 G.
310 274 370 309 50.

64 365 412 433 abscedunt,
471 360 708 418 levitate
738 361 945 434 gentili
988 374 1045 421 et
1088 361 1228 439 quia
1266 361 1681 438 experimentis
1718 368 1921 440 cogni-

41 466 189 525 „tum
210 460 295 506 est
316 447 600 505 barbaros
625 446 802 502 malle
823 444 1019 505 Roma
1041 447 1237 523 petere
1274 465 1440 521 reges
1473 468 1652 524 quam
1682 444 1919 514 habere.

65 534 148 595 At
169 530 545 593 Meherdates
564 531 778 587 validis
814 532 1046 588 auxiliis
1082 532 1370 602 nudatuS‚
1415 543 1745 591 ceterorum
1777 557 1921 611 pro-

60 621 285 679 ditione
319 629 610 692 suspecta,
661 616 823 692 quod
855 637 1047 674 unum
1079 617 1408 694 reliquum,
1450 638 1576 675 rem
1615 619 1682 675 in
1719 641 1917 679 casum

59 709 199 763 dare
221 703 562 780 proelioque
587 701 841 775 experiri
865 702 1085 763 statuit.
1155 722 1264 759 nec
1287 701 1630 760 detrectavit
1654 724 1928 779 pugnam.

62 789 344 849 Gotarzes
410 786 732 844 deminutis
798 781 1070 844 hostibus
1136 788 1319 847 ferox,
1446 807 1916 870 concursumque

57 893 268 948 magna
293 872 468 929 caede
491 882 549 928 et
572 871 849 944 ambiguo
877 883 1091 930 eventu
1107 917 1124 942 ‚
1167 873 1356 929 donec
1379 868 1743 931 Carrhenem
1771 897 1915 951 pro-

55 957 269 1034 fligatis
306 956 568 1014 obversis
598 956 835 1030 longius
870 969 1135 1015 evectum
1171 956 1397 1031 integer
1416 955 1417 958 ’
1435 978 1469 1015 a
1504 970 1665 1032 tergo
1705 959 1915 1034 globus

61 1042 529 1102 circumveniret.
616 1039 777 1098 Tum
807 1042 975 1098 omni
996 1061 1097 1116 spe
1121 1043 1351 1117 perdita
1372 1040 1750 1102 Meherdates
1771 1067 1914 1122 pro-

55 1129 231 1186 missa
253 1123 565 1184 Parrhacis
586 1126 817 1201 paterni
850 1127 1079 1184 clientis
1113 1139 1344 1184 secutus
1380 1128 1518 1185 dolo
1556 1130 1683 1188 eius
1719 1131 1914 1189 vinci-

55 1227 152 1272 tur
186 1213 553 1288 traditurque
601 1211 831 1271 victori.
939 1211 1137 1288 Atque
1189 1212 1291 1268 ille
1334 1232 1459 1270 non
1506 1216 1912 1294 propinquum

58 1318 246 1376 neque
280 1295 516 1354 Arsacis
551 1296 624 1352 de
660 1307 858 1370 gente,
913 1298 1016 1354 sed
1054 1297 1446 1371 alienigenam
1484 1310 1541 1355 et
1565 1297 1911 1360 Romanum

53 1385 360 1458 increpans
393 1382 635 1438 auribus
672 1382 880 1438 decisis
913 1382 1112 1438 vivere
1143 1382 1307 1440 iubet
1349 1385 1607 1441 ostentui
1651 1386 1911 1444 clemen—

50 1469 165 1527 tiae
204 1487 356 1525 vsuae
410 1476 468 1524 et
521 1465 586 1522 in
629 1486 740 1522 nos
783 1463 1327 1533 dehonestamento.
1430 1465 1589 1525 Dein
1631 1466 1912 1530 Gotarzes

49 1554 258 1611 morbo
294 1552 443 1609 obiit
483 1550 814 1627 accitusque
851 1553 917 1607 in
946 1572 1195 1625 regnum
1220 1551 1504 1610 Vonones
1529 1551 1744 1612 Medos
1779 1568 1911 1615 tum

51 1639 404 1715 praesidens.
489 1636 656 1693 nulla
689 1631 830 1693 huic
856 1657 1137 1713 prospera
1163 1647 1267 1696 aut
1292 1638 1567 1709 adversa,
1611 1641 1746 1718 quis
1775 1663 1906 1700 me-

50 1887 96 1930 id
119 1886 221 1930 satis
251 1893 378 1929 antea
406 1885 783 1942 percepissemus,
813 1884 941 1927 nihili
1009 1900 1156 1941 quam
1185 1887 1371 1931 habere.
1431 1886 1547 1932 Nam
1577 1888 1713 1933 series
1743 1892 1906 1936 verbo-

53 1953 131 1988 est.
188 1943 303 1986 Nam
339 1941 405 1994 15,
427 1943 495 1985 14.
527 1941 740 1986 scribitur
769 1941 941 1984 Mono-
1007 1958 1111 1985 rum
1131 1958 1186 1986 eo
1209 1943 1353 1993 ducit,
1390 1952 1438 1988 ut
1453 1945 1650 2005 accipias
1670 1963 1807 2006 quam
1828 1950 1906 1994 ha·

49 2003 199 2043 bazus
234 2000 530 2057 Adiabenus,
589 1997 695 2042 lieet
735 2015 785 2041 ex
819 2013 861 2042 c.
897 2002 939 2043 1.
1007 1999 1115 2043 bere
1151 2017 1214 2045 sc.
1250 2001 1442 2046 Romam
1472 2020 1627 2062 reges,
1670 2007 1794 2064 quod
1826 2008 1903 2052 ab·

50 2057 191 2101 eiusd.
225 2057 323 2099 libr.
367 2056 477 2100 satis.
502 2065 677 2099 constet
714 2054 937 2099 Monoba·
1006 2057 1196 2101 surdum
1221 2067 1300 2102 est.

47 2130 151 2158 zum
177 2114 461 2158 Adiabenum
489 2113 646 2156 fuisse.
701 2113 937 2157 Eiusmodi
1059 2117 1334 2168 proditione.
1427 2116 1514 2164 Ed.
1561 2117 1683 2179 Spir.
1731 2124 1902 2178 prodi-

33 2172 252 2230 'repetitio
274 2186 418 2229 neque
445 2186 469 2213 a
490 2180 643 2213 nostra
665 2171 843 2214 dicendi
867 2186 939 2213 ra·
1006 2173 1150 2215 cz’one.

44 2229 169 2272 tio'ne
195 2227 422 2272 abhorret.
498 2227 710 2270 Ceterum
742 2230 935 2285 probent
1064 2235 1185 2286 quod
1205 2248 1353 2275 unum
1377 2236 1626 2290 reliquum.
1679 2234 1754 2281 Sic
1767 2237 1900 2284 MSS.

47 2285 358 2329 Gronovianae
379 2285 702 2329 emendationis
724 2285 934 2336 fautores,
974 2285 1130 2331 aFlor.
1163 2289 1279 2343 (test.
1302 2291 1438 2349 vict.)
1472 2293 1586 2336 Bud.
1611 2293 1721 2352 Agr.
1747 2293 1902 2344 Guelf.

46 2342 141 2387 sine
185 2343 377 2387 absurdo
417 2342 482 2387 sic
517 2343 733 2400 praeponi
780 2359 934 2385 casum
1006 2344 1105 2387 edd.
1132 2346 1248 2403 Spir.
1276 2347 1418 2392 Rhen.
1450 2349 1554 2393 Ald.
1583 2349 1756 2408 Gryph.
1779 2352 1900 2411 Lips.

35 2401 309 2451 *Adiabenm
334 2399 459 2442 cuius
482 2399 596 2442 ratio
620 2399 802 2442 demum
826 2415 933 2441 con·
1004 2400 1189 2446 Pichen.
1206 2403 1392 2449 Gruter.
1416 2407 1624 2450 Broterii.
1657 2432 1715 2440 -
1773 2413 1902 2465 quod

45 2465 131 2501 stet
188 2456 238 2499 ex
292 2457 537 2499 remotiore
600 2456 931 2513 praepositione
1004 2473 1153 2501 unum
1183 2470 1287 2504 erat
1315 2464 1552 2520 reliquum
1583 2464 1683 2508 edd.
1705 2464 1807 2510 Put.
1831 2467 1900 2514 Μ.

44 2530 162 2558 cum.
257 2513 347 2556 Pro
390 2514 606 2556 Acbarus·
642 2513 740 2557 MS.
779 2512 930 2557 Guetf.
1004 2523 1045 2556 et
1071 2517 1122 2558 V.
1162 2517 1369 2563 Beroald.
1396 2520 1496 2564 Alc.
1528 2529 1571 2563 et
1593 2530 1782 2569 recentt.
1803 2523 1896 2584 ple-

47 2570 120 2616 hic.
141 2570 272 2614 habet
303 2572 493 2614 abazuS.
554 2571 653 2614 MS.
680 2571 786 2628 Agr.
814 2575 929 2626 (test.
1003 2587 1165 2629 raeque
1187 2575 1293 2619 inde
1315 2578 1580 2636 a'Bernegg.

45 2627 245 2684 Ηθῖῑὶδίθ)
266 2629 474 2670 Aspara-⁹
496 2628 711 2669 Arabum
735 2643 842 2671 '‘³⁸2'-
1058 2643 1323 2689 deminutis.
1384 2647 1462 2691 Sic
1485 2648 1584 2693 MS.
1611 2647 1765 2696 Guelf.
1793 2653 1900 2700 edd.

99 2687 365 2728 abscedunt.
436 2684 535 2728 MS.
570 2682 719 2727 Guelf.
762 2687 927 2728 almon·
1002 2699 1117 2755 Spir.
1142 2699 1243 2744 Put.
1263 2703 1326 2746 M.
1349 2712 1391 2746 et
1415 2704 1468 2747 V.
1500 2705 1709 2752 Beroald.
1740 2709 1800 2765 (c.
1820 2711 1892 2757 sit.

43 2744 177 2785 dune.
235 2742 343 2784 1&on
366 2744 490 2784 male
511 2757 594 2799 pro
615 2745 775 2785 malle.
1005 2757 1137 2811 Vict.)
1174 2757 1273 2802 Ate.
1300 2770 1342 2804 et
1362 2760 1547 2807 Pichen.
1567 2777 1667 2823 sqq.
1699 2791 1755 2800 --
1816 2769 1894 2810 di.

99 2811 256 2854 Roma
287 2818 441 2866 petere
477 2827 624 2867 reges·
715 2811 793 2855 Sic
826 2812 925 2856 MS.
1000 2814 1192 2857 rm'nutz's
1226 2817 1327 2861 edd.
1358 2817 1500 2864 Rheu.
1535 2836 1632 2880 sqq.
1706 2824 1763 2869 εἰ
1796 2834 1891 2871 not.

45 2867 152 2925 Reg.
181 2868 281 2912 edd.
312 2868 412 2913 Put.
439 2870 504 2913 M.
537 2878 578 2913 et
610 2870 667 2913 V.
715 2870 926 2914 Beroald.
1001 2870 1057 2913 ad
1082 2873 1119 2923 1,
1145 2871 1212 2915 14.

44 2923 299 2968 Alc-Rhen.
325 2942 420 2985 sqq.
446 2943 548 2970 cum
574 2927 756 2970 silentio
773 2927 925 2970 Victo·
1055 2937 1237 2972 eventu.
1321 2930 1420 2976 MS.
1465 2933 1617 2980 Guelf.
1666 2941 1890 2985 adventu.

46 2980 115 3023 rii.
182 2980 239 3025 cf.
271 2983 312 3031 2,
350 2987 387 3027 1.
428 2987 507 3040 qui
535 2987 732 3038 petitum
766 2985 927 3028 Roma
999 2984 1108 3028 Mox
1133 2986 1333 3041 careae,
1364 2999 1412 3032 ut
1435 3007 1585 3050 supra.

44 3045 367 3094 acceptumque
385 3055 554 3096 regem.
609 3042 776 3086 Contra
792 3042 924 3087 MSS.
1051 3044 1313 3099 profligans
1353 3050 1576 3094 obversis.
1653 3052 1737 3098 Ed.
1773 3055 1892 3112 Spir.

45 3095 129 3139 les.
160 3093 311 3140 Guetf.
337 3097 418 3142 'ed.
445 3099 475 3141 S
510 3099 564 3141 ir.
601 3099 810 3141 Romam
839 3116 922 3154 pe-
991 3101 1255 3156 profligatis
1293 3106 1500 3149 consiliis
1546 3110 1710 3155 abusis.
1788 3112 1890 3160 MS.

44 3159 142 3194 tere
162 3166 306 3205 reges,
337 3155 455 3212 quod
500 3156 662 3199 efendit
676 3156 922 3200 Burmann.
996 3159 1106 3214 Agr.
1124 3159 1385 3216 profligatis
1402 3165 1568 3208 ebus-is.
1613 3165 1764 3214 Heins.
1781 3185 1888 3229 gen-

47 3208 101 3251 ad
123 3205 258 3251 Ovid.
280 3210 387 3254 Met.
410 3212 450 3261 7,
463 3214 563 3256 296.
607 3213 664 3258 cs.
679 3213 924 3272 Schegkius
996 3215 1071 3258 tite
1098 3231 1264 3260 nomen
1291 3217 1425 3263 latere
1448 3229 1588 3278 putat.
1777 3246 1786 3259 »v
1879 3231 1885 3237 '

43 3264 98 3307 ad
124 3265 275 3310 Vellei.
299 3269 341 3319 2,
365 3269 460 3312 102.
519 3270 614 3313 Nec
644 3271 830 3314 dubium
859 3279 924 3314 est
1052 3273 1315 3317 Part-bacis.
1392 3277 1473 3320 Ed.
1505 3277 1622 3336 Spir.
1653 3286 1884 3336 part-acis.

46 3322 230 3365 verbum
257 3333 415 3378 petere
448 3327 512 3370 sic
550 3328 663 3370 duos
706 3329 922 3371 accusati-
995 3331 1043 3371 Ιιι
1069 3330 1169 3372 MS,
1196 3330 1343 3375 Guels.
1376 3333 1463 3378 hoc
1487 3351 1650 3382 nomen
1684 3354 1778 3384 non
1811 3358 1884 3401 ap-

47 3391 128 3421 vos
147 3380 388 3434 adsumere,
416 3400 517 3426 cum
539 3394 604 3427 est
628 3385 788 3428 hillen.
836 3386 921 3429 Hie
1008 3395 1140 3435 iamt,
1174 3404 1255 3431 nec
1279 3405 1380 3431 mox
1411 3401 1609 3438 secutus.
1674 3395 1883 3443 Vocabu-

40 3440 186 3478 tamen
207 3435 250 3479 id
267 3441 447 3482 verbum
467 3457 559 3483 non
583 3449 648 3483 cst
669 3443 820 3490 bicten,
843 3445 918 3487 sed
995 3405 1087 3486 lum
1110 3444 1209 3487 eius
1229 3444 1289 3487 ibi
1315 3456 1381 3491 est
1402 3457 1502 3492 ante
1524 3454 1645 3498 dolo.

37 3491 187 3533 halen.
272 3493 389 3539 Tum
431 3499 585 3540 scabra
628 3498 759 3541 etiam
810 3515 919 3544 con·
1048 3503 1211 3544 Medos
1243 3509 1343 3544 tum
1372 3510 1664 3560 praesidens.
1743 3512 1819 3557 Sic
1856 3530 1880 3558 e

38 3549 224 3592 structio
243 3551 450 3596 Romam
467 3564 627 3608 petere
650 3556 706 3599 ob
728 3572 917 3613 sequens
990 3558 1087 3603 MS.
1120 3558 1241 3604 Flor.
1273 3560 1373 3606 edd.
1394 3563 1517 3611 Pich.
1539 3582 1635 3625 sqq.
1676 3559 1751 3615 χεἴ.
1777 3579 1875 3615 not.
