2164 3990
238 221 292 257 A.
310 218 364 256 U.
379 217 462 257 815.

238 268 290 302 A.
309 263 354 299 C.
401 262 461 296 62.

634 219 807 282 LIB.
829 219 994 282 XIV.
1057 218 1251 281 C-AP.
1282 221 1383 281 56.
1409 221 1507 282 37.
1873 227 2000 285 283

154 354 404 424 conferti
434 362 663 409 tantum
700 361 758 407 et
790 349 929 425 pilis
954 349 1178 405 emissis
1195 393 1212 417 ,
1252 354 1385 424 post
1407 350 1771 411 umbonibus
1798 366 1855 411 et
1878 357 2004 428 gla-

119 438 123 442 ’
155 438 270 495 diis
295 450 573 512 *stragem
621 435 975 511 caedemque
1026 434 1440 492 continuarent
1493 437 1744 509 praedae
1791 438 2004 497 imme-

152 535 375 580 mores:
441 533 607 598 parta
639 510 888 577 victoria
926 530 1137 576 cuncta
1180 518 1322 593 ipsis
1368 538 1616 579 cessura.
1724 520 1782 578 Is
1824 527 2003 583 ardor

150 609 332 665 verba
355 609 520 666 ducis
548 598 928 682 sequebatur,
968 605 1050 661 ita
1071 623 1130 659 se
1161 605 1234 659 ad
1259 604 1652 682 intorquenda
1674 607 1794 681 pila
1827 628 2003 685 expe-

151 693 340 751 dierat
375 705 542 750 vetus
581 691 752 746 miles
789 702 845 746 et
877 690 1062 746 multa
1094 689 1458 763 proeliorum
1495 692 1881 765 experientia,
1936 706 2004 753 ut

151 790 344 836 certus
365 789 607 834 eventus
627 775 947 833 Suetonius
971 775 1137 831 daret
1159 793 1389 849 pugnae
1411 775 1661 848 signum.

320 901 634 967 XXXVII.
700 897 789 959 Ac
825 901 1084 978 primum
1122 901 1274 975 legio
1311 901 1772 974 graduimmota
1805 915 1863 962 et
1897 926 2006 962 an-
2046 967 2051 971 ,

151 992 368 1067 gustias
400 990 518 1047 loci
553 1010 661 1065 pro
696 987 1064 1044 munimento
1091 987 1378 1056 retinens,
1419 998 1727 1065 postquam
1758 991 2004 1066 propius

153 1093 485 1152 suggressus
515 1071 699 1131 hostis
723 1084 878 1129 certo
903 1072 1058 1128 iactu
1079 1072 1195 1127 tela
1220 1067 1587 1142 exhauserat,
1627 1074 1790 1131 velut
1816 1097 2004 1134 cuneo

154 1164 365 1238 erupit.
464 1158 629 1217 Idem
669 1157 1046 1215 auxiliarium
1081 1157 1360 1232 impetus:
1418 1168 1474 1213 et
1507 1178 1679 1234 eques
1715 1148 2004 1235 protentis

152 1245 336 1306 hastis
370 1245 707 1322 perfringit,
750 1243 908 1318 quod
933 1241 1178 1298 obvium
1212 1252 1271 1298 et
1300 1242 1563 1298 validum
1604 1256 1742 1304 erat.
1829 1248 2006 1303 ceteri

151 1345 311 1406 terga
346 1331 668 1407 praebuere
698 1326 928 1384 difficili
965 1326 1211 1400 effugio,
1254 1327 1392 1403 quia
1429 1327 1799 1387 circumiecta
1835 1327 2007 1388 vehi-

152 1419 282 1475 cula
331 1425 628 1493 sepserant
677 1413 890 1471 abitus,
989 1422 1047 1468 et
1091 1412 1259 1467 miles
1295 1431 1370 1467 ne
1408 1412 1728 1470 mulierum
1765 1415 2006 1492 quidem

150 1502 282 1560 neci
306 1500 696 1575 temperabat,
740 1498 1081 1574 confixaque
1115 1497 1246 1554 telis
1279 1497 1456 1555 etiam
1495 1494 1760 1557 iumenta
1792 1522 2006 1578 corpo-

151 1747 313 1804 legitur
354 1757 525 1787 manu:
576 1742 651 1784 sed
696 1741 841 1784 littera
886 1740 1043 1783 ultima
1116 1749 1211 1784 tans
1234 1740 1413 1794 locum,
1443 1744 1517 1785 ubi
1544 1752 1692 1787 certus
1713 1744 1853 1788 iaetus
1877 1755 2006 1792 esset.

151 1813 252 1863 post
273 1820 303 1844 u
325 1811 390 1845 est
415 1817 550 1844 erasa.
611 1799 718 1843 Mox
746 1799 814 1841 ed.
833 1797 1042 1840 Beroald.
1115 1798 1283 1857 Nempe
1306 1799 1499 1842 Romani
1531 1801 1646 1843 intra
1676 1803 1896 1859 angustias
1923 1806 2005 1847 im-

149 1865 210 1915 (e.
243 1861 385 1904 silent.
418 1858 553 1914 Viet.)
592 1858 922 1910 adipisceretur
956 1870 1042 1912 pro

151 1920 540 1974 adipiscerentur,
598 1914 722 1973 quod
762 1923 826 1956 est
859 1914 903 1955 in
936 1913 1039 1955 MS.

152 1975 307 2019 Guelf.
345 1974 446 2017 edd.
476 1971 597 2031 Spir.
634 1972 735 2013 Put.
767 1970 867 2014 Alc.
897 1970 1040 2012 Rhen.

150 2051 172 2077 s
238 2066 250 2077 .

176 2050 413 2134 Ψιῖαηίιινη.
472 2087 573 2131 MS.
601 2085 753 2129 Guelf.
777 2094 953 2130 tamen.

203 2155 312 2203 post
334 2147 618 2189 umbonibus.
678 2143 763 2186 Ed.
790 2143 909 2202 Spir.
936 2148 1041 2195 post

151 2205 486 2249 Bombonibus.
530 2201 700 2244 Eadem
724 2218 824 2243 mox
849 2204 1040 2242 caedem

150 2273 446 2316 stragemque
480 2276 561 2318 pro
584 2266 795 2311 stragem
823 2262 1039 2299 caedem-

152 2336 256 2376 que.
327 2317 538 2361 Ceterum
570 2316 682 2358 haee
715 2332 808 2359 esse
844 2330 1040 2372 synony-

151 2393 224 2420 ma
252 2375 404 2418 docuit
428 2374 561 2416 Roth.
600 2388 644 2429 p.
667 2374 711 2415 8.
794 2373 901 2414 Mox
937 2373 1039 2415 MS.

150 2435 263 2491 Agr.
287 2435 595 2487 expedierant
614 2445 699 2487 pro
725 2430 1011 2483 expedierat.

208 2511 360 2546 certus
403 2501 605 2545 eventus.
690 2499 766 2542 Sic
798 2498 898 2541 edd.
934 2499 1038 2542 Ber.

155 2564 226 2616 (c.
262 2562 406 2603 silent.
436 2558 590 2608 Vim.)
623 2557 824 2600 Rhenan.
854 2571 951 2613 sqq.
982 2580 1041 2588 —

150 2627 304 2662 certus
326 2612 495 2662 e‘ventu
511 2614 645 2658 MSS.
661 2615 769 2671 Reg.
784 2615 892 2669 Agr.
907 2613 1040 2659 Bodl.

152 2673 293 2719 Corb'.
319 2675 419 2718 edd.
443 2673 560 2731 Spir.
587 2673 687 2715 Put.
712 2672 777 2714 M.
807 2679 848 2712 et
865 2669 919 2714 V.
938 2671 1040 2714 Alc.

151 2733 363 2778 Litteram
397 2746 422 2774 s
444 2746 632 2788 sequeus
662 2727 937 2774 vocabulum
962 2729 1036 2771 ab·

154 2791 336 2847 sorpsit.
429 2788 476 2831 ln
521 2786 672 2830 Guelf.
714 2802 839 2828 nunc
881 2786 1043 2844 legitur

152 2856 304 2890 certus
329 2854 512 2887 euentu.
572 2845 742 2887 Verum
766 2844 811 2886 in
847 2842 934 2885 fine
968 2859 1041 2884 vo·

154 2904 299 2948 cabuli
324 2909 488 2944 eventu
511 2910 574 2946 est
599 2918 751 2944 rasura
767 2933 779 2952 ,
812 2910 854 2942 et
887 2900 1041 2942 ultima

153 2962 297 3004 littera
331 2961 377 3002 in
411 2968 564 3001 certus
597 2975 619 3001 a
653 2974 740 3001 ree.
775 2975 835 3000 m.
939 2958 1040 3003 MS.

152 3018 268 3061 Bud.
313 3024 435 3059 certo
474 3023 657 3059 eventu.
748 3015 954 3058 Feri-etus
999 3024 1043 3057 et

155 3075 364 3120 Heinsius
381 3075 603 3125 malebant
626 3074 796 3122 eventi,
827 3072 948 3128 quod
974 3072 1040 3113 vix

153 3132 331 3177 tolerari
356 3132 533 3189 poterit.
596 3130 705 3173 Mox
731 3129 799 3172 ed.
826 3129 943 3187 Spir.
968 3129 1039 3172 ha·

153 3191 229 3235 bet
254 3193 411 3232 clarae
432 3203 512 3245 pro
533 3191 683 3230 daret.

212 3261 324 3304 CAP.
358 3258 429 3302 37.
490 3265 613 3299 certo
645 3258 786 3300 iactu.
846 3257 1041 3300 Haerent

155 3315 444 3374 interpretes,
486 3314 703 3372 quoniam
730 3315 920 3358 verbum
952 3329 1042 3356 ex·-

156 3375 382 3416 hauserat
419 3389 524 3415 cum
557 3378 682 3414 certo
705 3374 826 3414 iactu
847 3371 905 3413 ita
931 3388 1037 3413 eon-

157 3429 370 3487 iungunt,
401 3438 448 3472 ut
471 3446 550 3488 per
572 3438 742 3471 certum
768 3429 932 3471 iactum
955 3429 1041 3471 tela

158 3485 400 3530 exhausisse
423 3486 561 3530 hostis
585 3486 772 3529 dicatur.
834 3487 892 3528 At
921 3494 1043 3527 certo

158 3544 282 3589 iaetu
311 3552 376 3589 est
401 3544 614 3590 ablativus
642 3542 871 3591 absolutus
904 3543 1041 3590 deno-

1115 1858 1225 1899 moti
1259 1874 1305 1898 se
1336 1867 1520 1900 tenuere
1554 1859 1607 1901 ad
1640 1859 1685 1900 id
1717 1874 1860 1917 usque
1896 1871 2004 1904 tem-

1114 1929 1221 1970 pus,
1250 1915 1324 1956 ubi
1355 1914 1494 1957 hostis
1526 1915 1708 1973 propius
1732 1933 2004 1975 suggressus,

1111 1986 1250 2027 quum
1273 1971 1326 2013 ad
1345 1980 1515 2014 certum
1535 1972 1698 2015 iactum
1720 1976 2004 2030 pervenisset,

1111 2029 1198 2072 tela
1220 2029 1499 2080 exhauserat3
1528 2038 1637 2073 tunc
1656 2031 1718 2073 illi
1744 2048 2003 2091 prorupere.

1111 2087 1232 2129 Talis
1267 2085 1478 2128 ablativus
1513 2087 1799 2143 explicandus
1836 2100 1899 2132 est
1937 2091 2003 2133 in-

1111 2144 1288 2187 tellecto
1312 2143 1546 2200 participio
1574 2145 1696 2187 verbi
1719 2147 2001 2192 substantivi.

1110 2201 1202 2244 Dio
1240 2201 1293 2242 de
1326 2201 1477 2242 eadem
1507 2217 1554 2242 re
1575 2203 1644 2253 62,
1675 2205 1739 2245 12.
1765 2207 1924 2262 μέχρις
1949 2199 2004 2249 οὗ

1111 2261 1156 2307 ἐς
1188 2257 1405 2300 ἀκοντίου
1433 2257 1573 2312 βολὴν
1606 2251 1849 2316 ἀφίκοντο.
1924 2264 2004 2318 igi.

1112 2326 1184 2359 tur
1206 2333 1290 2359 nee
1310 2315 1444 2371 Lipsii
1470 2317 1751 2361 coniecturae
1785 2334 2004 2374 suggres-

1111 2377 1177 2416 sis·
1222 2375 1454 2420 hostibus,
1506 2390 1588 2415 nee
1628 2375 1872 2419 Pichenae:
1931 2379 2004 2420 in-

1113 2437 1240 2472 certo
1298 2430 1448 2480 iactu,
1509 2447 1621 2487 opus
1676 2449 1769 2475 esse
1823 2450 2003 2480 censeo.

1112 2486 1352 2543 Kiessling.
1376 2503 1554 2530 mecum
1578 2491 1816 2533 consentit.

1171 2559 1296 2600 velut
1315 2571 1477 2601 ermen.
1537 2556 1612 2600 Sic
1636 2559 1734 2603 libri
1754 2569 1855 2605 vett.
1877 2578 2012 2621 prae-

1112 2624 1182 2658 ter
1215 2613 1315 2657 MS.
1353 2614 1469 2657 Bud.
1506 2624 1549 2658 et
1583 2615 1681 2658 edd.
1710 2615 1854 2661 Rhen.
1893 2621 2017 2666 Alci-—

1114 2673 1187 2728 qui
1215 2671 1315 2714 libri
1339 2672 1490 2715 ferunt
1516 2675 1638 2715 velut
1666 2689 1852 2719 cuneus.
1913 2679 2009 2724 Sed

1113 2728 1329 2772 ablativus
1386 2730 1591 2787 exprimit
1644 2731 1731 2773 vim
1785 2735 2009 2779 adverbii..

1113 2788 1190 2831 Sic
1231 2786 1345 2830 Hist.
1385 2785 1425 2838 3,
1456 2788 1526 2832 29,
1567 2789 1785 2831 nituntur
1827 2795 1999 2838 cuneis.

1114 2847 1205 2889 An.
1245 2844 1286 2894 4,
1321 2845 1393 2887 51.
1437 2847 1638 2887 catervis
1687 2849 2007 2893 decurrentes..

1113 2901 1236 2944 Bene
1274 2902 1410 2958 igitur
1448 2901 1640 2945 Piehena
1685 2920 1707 2945 e
1745 2905 1844 2948 MS.
1875 2907 2007 2951 Flor..

1114 2957 1302 3002 restituit
1326 2973 1485 3001 cuneo,
1546 2960 1597 3001 ln
1623 2960 1721 3004 edd.
1739 2962 1859 3019 Lips.
1883 2965 2006 3021 prio-

1113 3016 1238 3058 ribus
1259 3025 1322 3058 est
1346 3018 1526 3067 euneis;
1557 3016 1658 3060 dein
1686 3018 1807 3062 idem
1832 3022 2007 3080 recepit

1112 3088 1250 3116 cuneo
1282 3088 1304 3114 e
1331 3074 1430 3116 MS.
1458 3074 1557 3116 Vat-

1163 3143 1426 3199 perfringz't.
1508 3143 1592 3188 Ed.
1638 3145 1756 3203 Spir.
1795 3149 2005 3204 perfrin-

1111 3209 1250 3255 gunt,
1286 3202 1350 3244 uti
1373 3211 1439 3243 est
1461 3200 1506 3243 in
1532 3200 1666 3245 MSS.
1689 3203 1797 3261 Reg.
1822 3207 1929 3262 Agr.
1956 3216 2007 3253 et

1113 3260 1197 3301 les.

1170 3315 1336 3357 obitus.
1415 3314 1552 3360 MSS.
1586 3315 1699 3359 Bud.
1733 3316 1883 3362 Guelf.
1922 3322 2009 3368 ed..

1114 3370 1231 3429 Spir.
1269 3373 1483 3416 ambitus.
1564 3373 1741 3417 Eadem‘
1773 3376 1843 3421 ed.
1878 3378 2005 3436 Spir..

1115 3444 1216 3470 mox
1249 3444 1332 3470 nec
1366 3431 1613 3472 mulierum
1649 3432 1863 3487 quidem;
1897 3436 2000 3479 dein

1114 3493 1358 3527 (tn-teron!
1411 3502 1494 3542 pro
1542 3499 1804 3538 auxerant,
1895 3493 2004 3542 MS.

1115 3545 1224 3605 Agr.
1247 3543 1412 3588 omittit
1436 3546 1592 3592 είίαιη.
