2164 3990
669 231 839 294 LIB.
870 232 1005 293 xv.
1085 229 1277 292 CAP.
1312 233 1407 292 10.
1823 232 1959 295 *33¹5
2014 188 2030 196 ’

99 365 373 430 -militum
428 361 848 421 commeatibus
903 361 1326 432 infirmaverat,
1393 362 1579 418 donec
1642 363 1958 422 adventare
2020 430 2022 432 μ

116 454 461 525 Vologesem
496 466 706 521 magno
745 457 801 502 et
833 445 1063 502 infenso
1103 447 1335 519 agmine
1368 446 1654 506 auditum.
1740 450 1961 507 accitur

113 539 263 611 legio
291 536 686 611 duodecuma,-
726 543 783 587 et
807 531 965 586 unde
1000 532 1216 586 famam
1252 531 1406 588 aucti
1445 526 1728 588 exercitus
1763 553 1960 609 spera—

96 631 304 689 -verat,
359 618 592 695 prodita
627 615 1046 691 infrequentia:
1117 636 1231 691 qua
1267 629 1463 673 tamen
1496 616 1740 673 retineri
1774 632 1959 677 castra

115 719 171 766 et
197 706 357 774 eludi
381 698 634 759 Parthus
660 712 847 757 tractu
870 701 1010 769 belli
1037 711 1294 774 poterat,
1336 702 1385 756 si
1411 699 1587 758 Paeto
1617 714 1719 759 aut
1741 702 1807 758 in
1838 705 1959 761 suis

114 791 302 849 autin
335 788 542 845 alienis
576 786 836 842 consiliis
877 785 1202 842 constantia
1234 786 1454 845 fuisset.
1539 806 1746 844 verum
1779 790 1885 845 ubi
1925 811 1959 846 a

114 877 256 934 viris
298 872 654 930 militaribus
702 872 981 927 adversus
1015 881 1286 942 urgentes
1324 890 1487 927 casus
1523 872 1784 930 firmatus
1820 871 1960 943 erat,

113 975 343 1029 rursm,
384 978 460 1014 ne
486 956 710 1013 alienae
740 955 1060 1012 sententiae
1086 955 1357 1033 indigens
1391 956 1722 1026 videretur,
1764 957 1829 1014 in
1863 959 1958 1016 di-

115 1066 279 1104 versa
322 1064 387 1100 ac
432 1041 722 1099 deteriora
767 1041 1070 1097 transibat.
1169 1051 1226 1096 et
1261 1051 1401 1096 tunc
1440 1041 1656 1098 relictis
1697 1038 1961 1101 hibernis

115 1151 237 1187 non
273 1130 487 1186 fossam
524 1146 713 1201 neque
749 1125 972 1180 vallum
1009 1125 1149 1193 sibi,
1199 1125 1301 1180 sed
1339 1145 1584 1199 corpora
1622 1137 1679 1184 et
1707 1148 1868 1187 arma
1895 1131 1960 1186 in

204 234 319 272 A.'U.
331 231 413 266 81⁶.

203 282 253 315 A.
272 277 320 314 C·
352 275 415 310 63-

113 1212 343 1273 hostem
382 1213 513 1269 data
553 1211 857 1267 clamitans
893 1209 1058 1265 duxit
1089 1209 1347 1283 legiones
1383 1211 1550 1286 quasi
1583 1214 1811 1286 proelio
1837 1235 1962 1271 cer-
2051 1245 2057 1249 -

115 1311 359 1359 taturus.
455 1297 668 1353 deinde
701 1295 912 1351 amisso
950 1295 1294 1350 centurione
1331 1307 1386 1354 et
1421 1297 1622 1370 paucis
1654 1299 1962 1370 militibus,

114 1403 260 1462 quos
296 1381 553 1439 visendis
593 1375 851 1436 hostium
890 1379 1073 1453 copiis
1109 1379 1514 1453 praemiserat,
1571 1383 1832 1456 trepidus
1866 1406 1962 1441 re-

112 1467 346 1526 meavit.
420 1462 500 1522 Et
525 1464 663 1543 quia
685 1463 883 1520 minus
908 1463 1117 1520 acriter
1130 1461 1445 1538 Vologeses
1472 1466 1779 1539 institerat,
1812 1477 1970 1526 vana'

112 1572 315 1612 rursus
350 1550 562 1607 fiducia
596 1549 708 1607 tria
746 1550 936 1605 millia
970 1549 1179 1605 delecti
1225 1550 1437 1624 peditis
1470 1552 1739 1626 proximo
1776 1551 1964 1612 Tauri

113 1640 249 1712 iugo
278 1635 585 1712 imposuit,
623 1654 741 1710 quo
767 1635 1078 1690 transitum
1102 1635 1255 1706 regis
1279 1647 1567 1693 arcerent:
1607 1638 1791 1695 alares
1812 1661 1964 1716 quo-

115 1743 227 1801 que
252 1719 624 1786 PannoniOS‚
666 1719 852 1775 robur
885 1711 1205 1796 equitatus,
1260 1719 1322 1775 in
1359 1733 1524 1796 parte
1565 1723 1757 1798 campi
1793 1724 1963 1785 locat.

114 1807 392 1866 Coniunx
433 1825 499 1862 ac
536 1804 693 1860 filius
727 1804 995 1872 caste110‚
1050 1804 1146 1860 cui
1179 1799 1554 1862 Arsamosata
1596 1827 1814 1864 nomen
1862 1821 1967 1880 est,

114 1891 302 1951 abditi
329 1892 462 1948 data
487 1890 551 1944 in
580 1889 937 1965 praesidium
964 1884 1202 1946 cohorte
1225 1909 1290 1946 ac
1314 1890 1577 1965 disperso
1601 1893 1820 1963 milite,
1863 1895 1967 1971 qni

114 1980 179 2035 in
212 1997 333 2035 uno
371 1971 606 2033 habitus
644 1993 857 2047 vagum
891 1969 1118 2030 hostem
1156 1975 1487 2050 promptius
1514 1978 1967 2040 sustentavisset.

1133 2221 1298 2262 delecti
1310 2220 1492 2274 peditis.
1552 2218 1630 2264 Sic
1653 2221 1755 2264 edd.
1780 2222 1960 2267 Piehen.

1075 2292 1172 2334 sqq.
1210 2300 1263 2310 --
1314 2278 1664 2327 delectz'pedz‘ces
1687 2277 1821 2323 MSS.
1836 2279 1960 2325 Fior.

1073 2335 1187 2388 (test.
1218 2332 1337 2376 Vict.
1381 2351 1422 2377 c.
1457 2334 1671 2388 Pichena)
1708 2335 1815 2394 Reg.
1853 2339 1962 2396 Agr.

1075 2391 1211 2436 Corb.
1241 2390 1348 2447 Agr.
1381 2389 1452 2433 ed.
1487 2390 1609 2448 Spir.
1644 2416 1700 2424 -—
1757 2397 1957 2438 delecto-

1073 2461 1180 2488 rum
1195 2446 1308 2502 (sine
1328 2463 1435 2490 voce
1454 2448 1670 2504 militum)
1688 2448 1959 2497 MSS.Har1.

1075 2504 1156 2548 les.
1177 2504 1293 2546 Bud.
1321 2501 1470 2547 Guelf.
1494 2504 1595 2547 edd.
1618 2504 1719 2550 Put.
1746 2508 1814 2550 M.
1844 2517 1886 2552 et
1905 2509 1958 2554 V.

170 2221 368 2279 insensa.

116 2279 232 2324 haud
257 2278 331 2321 ine
364 2284 422 2321 te.

172 2339 291 2380 uncle
343 2349 507 2377 amam
549 2351 593 2377 α.
632 2350 672 2376 e.
710 2341 999 2388 speraverat.

116 2395 190 2438 Sic
211 2390 297 2436 MS
334 2391 485 2435 sBud.
509 2389 660 2434 Guelf.
687 2390 852 2448 aliique
885 2391 1001 2444 (test.

117 2449 369 2506 Broterio),
410 2449 511 2492 edd.
546 2448 647 2491 Put.
676 2448 742 2490 M.
766 2456 810 2489 et
835 2444 888 2489 V.
923 2447 1001 2488 Βε-

118 2507 258 2551 roald.
282 2507 341 2561 (c.
366 2506 434 2549 sil.
452 2505 583 2561 Vict.)
612 2505 713 2548 Alc.
739 2503 882 2547 Rhen.
905 2519 1000 2562 sqq.

448 2219 529 2262 Ed.
584 2219 614 2262 S
620 2219 699 2278 pir.
753 2219 1004 2286 indefesso,

114 2564 223 2608 Mox
272 2562 457 2622 inrepsit
502 2569 663 2616 sperat
708 2576 791 2620 pro
836 2575 1002 2615 spera-

115 2627 249 2665 verat
282 2637 331 2664 ex
363 2620 432 2662 ed.
467 2619 610 2662 Rhen.
648 2618 919 2677 posteriore3
955 2618 1001 2660 in

147 2694 247 2723 uam
285 2676 401 2721 haud
436 2676 571 2721 dubie
613 2691 851 2734 operarum
890 2674 998 2719 vitio

115 2737 126 2780 i
152 2735 225 2780 lud
249 2734 379 2777 v'enit.
428 2733 661 2776 Ernestius
685 2731 876 2776 restituit
894 2747 999 2786 spe-

116 2800 318 2835 raverat.
396 2790 454 2833 At
498 2790 744 2834 secundum
789 2788 1002 2833 collatio-

119 2864 221 2893 nem
248 2847 334 2890 lac.
355 2845 575 2890 Gronovii
599 2846 696 2891 MS.
724 2845 846 2890 Flor.
872 2847 1001 2889 habet

106 2908 274 2963 sama,
305 2912 348 2947 et
370 2904 435 2948 sie
446 2904 546 2947 MS.
561 2903 668 2961 Reg.
689 2905 816 2958 (teste
837 2904 998 2946 Brote-

118 2964 207 3016 rio)
229 2960 432 3018 ed.Spir.
447 2993 458 3010 ,
485 2959 655 3003 scilieet
675 2962 835 3003 omissa
861 2961 999 3003 lineo·

119 3022 157 3064 ia
180 3033 313 3076 super
336 3017 475 3060 altero
501 3034 547 3058 a.
627 3018 714 3060 lac.
740 3016 999 3069 Gronovius

117 3074 267 3119 tamen
290 3073 482 3117 coniecit
505 3074 762 3131 legendum:
790 3075 999 3131 undesa·

118 3148 201 3176 ma
225 3148 272 3175 a.
293 3146 330 3173 e.
349 3139 538 3185 sperata
566 3140 692 3179 erat,
725 3131 846 3188 quod
861 3132 998 3174 Erne-

119 3192 224 3234 stius
241 3203 420 3246 quoque
444 3188 615 3244 probat.
660 3187 719 3231 cs.
742 3197 835 3231 not.
853 3189 907 3231 ad
931 3189 997 3237 14,

117 3249 187 3294 62.
212 3247 293 3289 sub
323 3245 458 3289 verbo
483 3247 612 3286 elusa
634 3252 750 3288 erat.

172 3333 203 3359 a
226 3316 352 3358 vinis.
413 3312 515 3356 MS.
541 3311 692 3356 Guelf.
714 3316 857 3357 aur-12⁹.

176 3381 219 3415 et
241 3380 365 3414 cunc.
410 3371 510 3414 MS.
524 3372 632 3427 Agr.
654 3378 697 3412 et
718 3386 856 3414 nunc.
897 3370 998 3416 MS.

121 3429 256 3473 corb.
281 3436 324 3471 et
347 3443 466 3470 nunc
491 3460 502 3470 .
520 3460 555 3471 ..
577 3442 701 3470 nunc
726 3442 870 3483 neque
887 3429 998 3483 sos-

121 3501 239 3528 sum.

175 3543 352 3586 deinde.
414 3542 496 3585 Ed.
519 3541 636 3600 Spir.
664 3544 784 3585 dein.

1074 2561 1177 2604 Ber.
1205 2560 1308 2604 Alc.
1330 2560 1470 2604 Rhen.
1498 2577 1592 2620 sqq.
1624 2586 1683 2595 —
1734 2565 1841 2607 Mox
1854 2566 1957 2612 MS.

1074 2616 1224 2662 Guelf.
1245 2619 1472 2672 proxima
1494 2635 1576 2676 pro
1596 2622 1834 2672 proximo.

1549 2701 1626 2745 Sic
1658 2702 1796 2748 MSS.
1832 2705 1957 2750 Flor-

1073 2761 1188 2812 (test.
1216 2757 1352 2822 Vict.)
1386 2758 1500 2801 Bud.
1536 2759 1636 2802 edd.
1666 2760 1784 2817 Spir.
1813 2760 1957 2806 Rhen.

1071 2814 1370 2914 {gggaectasffig
1365 2824 1419 2915 So
1425 2814 1531 2915 ,[ἳὲῐιξὶ
1538 2905 1548 2916 .
1557 2816 1674 2918 {3013
1669 2848 1697 2918 l..
1709 2840 1789 2920 fes..
1803 2821 1958 2922 Gliliztl'f

1070 2929 1172 2971 edd.
1207 2928 1309 2971 Put.
1341 2929 1408 2972 M.
1445 2938 1486 2972 et
1517 2930 1572 2971 V.
1610 2931 1818 2977 Beroald.
1853 2935 1956 2979 Alc.

1068 2986 1284 3041 Polybius
1324 2987 1368 3028 in
1401 2988 1616 3050 excerptis
1647 3004 1692 3046 p.
1719 2990 1792 3034 26.
1827 2991 1957 3035 habet

1062 3039 1338 3112 Ἀραόσξκτα.
1382 3044 1604 3087 Nummus
1626 3045 1672 3088 in
1692 3062 1848 3090 museo
1862 3050 1959 3092 Me-

1071 3090 1198 3144 dic⁸eo
1240 3103 1634 3158 Αρμοσαττηνων.
1708 3105 1768 3148 cf.
1812 3096 1966 3151 interm

1072 3166 1198 3215 prett.
1225 3161 1276 3201 ad
1300 3158 1418 3202 Ptin.
1441 3160 1483 3211 6,
1504 3159 1548 3202 9.

1398 3254 1642 3300 SichSS.
1676 3256 1801 3303 Flor.
1834 3260 1952 3315 (test.

1071 3310 1189 3354 Vict.
1215 3327 1253 3354 c.
1280 3312 1355 3367 al.)
1376 3311 1484 3369 Reg.
1501 3310 1639 3355 corb.
1667 3313 1782 3359 Bud.
1801 3315 1953 3365 Guelf.

1070 3370 1110 3422 (a
1131 3384 1220 3411 sec.
1243 3371 1320 3423 m.)
1356 3369 1456 3411 edd.
1478 3368 1601 3425 spir.
1635 3370 1815 3417 Pichen.
1849 3391 1947 3435 sqq.

1067 3450 1123 3458 —
1153 3427 1202 3467 ιή
1229 3439 1380 3467 unum
1405 3424 1538 3470 MSS.
1563 3425 1682 3472 Harl.
1709 3430 1837 3474 Bodl.
1867 3431 1949 3478 les.
1972 3460 1981 3465 »

1069 3483 1167 3525 edd.
1205 3481 1308 3524 Put.
1341 3483 1407 3524 Μ.
1441 3494 1483 3527 et
1517 3481 1571 3526 V.
1605 3485 1810 3531 Beroald.
1848 3489 1949 3535 Ate.

1068 3539 1208 3581 Rhea.
1228 3554 1326 3596 sqq.
1366 3547 1407 3582 et
1437 3538 1497 3582 ita
1525 3557 1546 3583 a
1569 3542 1713 3599 prima
1734 3560 1798 3593 m.
1824 3546 1945 3593 vide-

1129 2702 1465 2743 Arsamosata.

1126 3256 1172 3296 in
1214 3268 1324 3296 uno.
