2164 3990
192 173 457 300 22350322'
643 207 1417 283 L1ss.xv1.cAP.14.
1639 224 1642 228 ⁴
1831 222 1957 283 437

271 330 434 409 XIV.
477 347 544 409 C.
567 347 884 420 Suetonio,
926 349 994 411 L.
1021 349 1296 407 Telesino
1332 370 1472 427 coss
1507 345 1800 408 Antistius
1835 350 1949 410 So-

103 438 302 494 sianus
323 435 596 509 factitatis
622 436 686 489 in
698 433 993 492 Neronem
1019 436 1377 494 carminibus
1398 436 1699 510 probrosis
1725 437 1944 507 exsili0‚

100 516 168 579 ut
192 521 343 590 dixi,
384 521 664 577 multatus
689 532 997 596 postquam
1025 521 1086 576 id
1113 517 1358 577 honoris
1385 513 1682 576 indicibus
1708 533 1942 598 tamque

98 601 440 683 promptum
473 606 548 660 ad
585 606 786 660 caedes
818 605 1144 680 principem
1183 606 1428 680 accepit,
1481 605 1712 682 inquies
1742 608 1945 663 animo·

99 703 156 749 et
179 691 552 748 occasionum
579 684 740 746 haud
769 691 959 764 segnis
984 689 1361 746 Pammenem
1397 691 1655 747 eiusdem
1689 691 1805 746 loci
1842 712 1941 747 ex-

99 778 286 833 sulem
328 774 384 832 et
418 772 854 831 Chaldaeorum
890 787 1012 832 arte
1050 776 1341 832 famosum
1388 796 1571 852 eoque
1612 776 1938 832 multorum

95 861 368 918 amicitiis
413 860 696 916 innexum
745 860 1133 916 similitudine
1176 861 1448 917 fortunae
1495 861 1608 917 sibi
1647 861 1936 921 conciliat.

95 943 402 1003 Ventitare
431 947 505 1000 ad
541 966 674 1001 eum
709 946 950 1001 nuntios
987 956 1043 1001 et
1076 946 1530 1002 consultationes
1567 951 1691 1002 non
1722 946 1938 1002 frustra

93 1043 285 1100 ratUS‚
342 1030 520 1086 simul
557 1049 816 1086 annuam
849 1030 1158 1104 pecuniam
1196 1051 1228 1085 a
1262 1029 1327 1089 P.
1359 1028 1575 1087 Anteio
1612 1024 1939 1088 ministrari
1994 1056 1997 1059 ·

93 1115 406 1190 cognoscit.
512 1135 703 1190 neque
757 1115 1022 1171 nescium
1070 1111 1326 1171 habebat
1367 1114 1653 1172 Anteium
1700 1117 1935 1172 caritate

91 1194 455 1276 Agrippinae
488 1200 746 1255 invisum
768 1198 994 1255 Neroni
1030 1220 1285 1275 opesque
1324 1201 1448 1256 eius
1486 1202 1825 1276 praecipuas
1861 1203 1935 1258 ad

24 1284 29 1291 ²
90 1286 439 1342 eliciendam
467 1285 805 1359 cupidinem
833 1304 1076 1359 eamque
1104 1305 1334 1341 causam
1359 1286 1559 1341 multis
1583 1287 1758 1342 exitio
1797 1306 1936 1347 esse.

90 1371 271 1444 igitur
307 1369 645 1442 interceptis
680 1365 885 1425 Anteii
918 1369 1157 1437 litteris,
1211 1371 1438 1426 furatus
1473 1372 1647 1427 etiam
1686 1372 1936 1441 libellos,
2004 1400 2007 1405 Α

89 1456 307 1531 quibus
344 1454 468 1510 dies
507 1453 775 1527 genitalis
810 1454 934 1509 eius
961 1465 1015 1510 et
1042 1465 1319 1511 eventura
1346 1456 1578 1512 secretis
1599 1446 1936 1512 Pammenis

87 1541 562 1608 occultabantur,
608 1536 784 1594 simul
808 1539 1054 1613 repertis
1080 1560 1227 1614 quae
1251 1542 1321 1596 de
1347 1553 1480 1597 ortu
1502 1542 1736 1617 vitaque
1753 1538 1937 1598 Osto-

85 1626 162 1681 rii
211 1623 496 1698 Scapulae
549 1624 870 1697 composita
929 1636 1126 1693 erant,
1216 1625 1419 1682 scribit
1475 1626 1547 1681 ad
1605 1627 1936 1701 principem

84 1730 292 1783 magna
322 1729 380 1765 se
410 1720 465 1764 et
502 1729 650 1784 quae
687 1708 1084 1766 incolumitati
1118 1710 1240 1765 eius
1276 1711 1672 1767 conducerent
1704 1713 1935 1785 adlatu-

85 1817 248 1865 rum,
316 1795 365 1850 si
405 1795 640 1850 brevem
686 1794 874 1849 exsilii
914 1795 1145 1850 veniam
1181 1795 1628 1870 impetravisset:
1717 1797 1934 1872 quippe

137 1960 251 2007 CAP.
297 1959 363 2002 14.
425 1958 656 2002 Telesino.
729 1957 812 2002 Ed.
854 1957 971 2016 Spir.
1044 1960 1160 2013 (test.
1187 1958 1334 2015 Pich.)
1362 1959 1502 2003 Corb.
1528 1959 1653 2002 Harl.
1680 1960 1743 2016 (in
1773 1963 1932 2019 marg.)

77 2017 296 2060 Tilestno.
1037 2016 1144 2058 edd.
1174 2017 1289 2073 Spir.
1315 2016 1441 2058 Pich.
1469 2033 1519 2074 sq
1557 2049 1567 2060 .
1600 2041 1657 2052 --
1716 2021 1932 2059 consola-

135 2083 189 2118 ut
209 2075 326 2117 dixi.
389 2073 454 2124 14,
476 2073 558 2115 48.
1038 2073 1188 2116 tiones
1219 2073 1353 2117 MSS.
1382 2074 1498 2118 Bud.
1571 2073 1675 2118 uelf.
1699 2075 1800 2119 edd.
1826 2075 1932 2118 Put.

133 2134 376 2175 multatus.
435 2129 514 2173 Sic
533 2126 668 2172 MSS.
689 2126 811 2172 Flor.
849 2128 965 2182 (test.
1038 2129 1106 2173 M.
1136 2139 1179 2173 et
1200 2131 1256 2174 V.
1280 2131 1380 2174 Ber.
1409 2131 1467 2186 (e.
1492 2131 1636 2175 silent.
1662 2131 1802 2188 Vict.)
1829 2133 1932 2176 Ale.

75 2188 214 2244 Vict.)
230 2186 380 2231 Guelf.
404 2185 774 2244 edd.Lips.Pieh.
797 2200 966 2242 sqq.--
1036 2186 1178 2231 Rhen.
1210 2187 1318 2232 Ald.
1347 2187 1470 2247 Lip3.
1530 2188 1616 2232 Hie
1651 2199 1799 2232 tamen
1831 2198 1931 2232 ante

74 2249 324 2290 mulctatus
361 2244 466 2287 edd.
503 2253 612 2288 vett.
673 2242 732 2286 cf.
773 2251 867 2286 not.
908 2243 962 2286 ad
1034 2244 1277 2288 Pit-,henam
1313 2246 1676 2288 consultationes
1713 2247 1927 2289 voluerat.

77 2305 117 2356 1,
138 2303 210 2347 77.
1035 2305 1376 2343 consultatores
1403 2302 1505 2345 MS.
1530 2302 1642 2361 Agr.

73 2360 325 2473 aaa
506 2355 628 2472 aa·
648 2355 963 2471 8320203-2‘2
1036 2359 1281 2458 ...aaa
1625 2360 1739 2475 1333·

72 2476 254 2532 quietus
275 2473 376 2517 edd.
399 2473 503 2516 Put.
528 2474 597 2514 Μ.
623 2480 665 2514 et
676 2471 732 2513 V.
750 2470 958 2513 Beroald.
1034 2475 1222 2528 mulque
1243 2472 1344 2516 edd.
1371 2473 1474 2515 Put.
1500 2473 1567 2516 M.
1592 2474 1929 2520 etV.Beroald.

71 2531 172 2576 Ale.
195 2531 336 2580 Rhen.
361 2529 469 2574 Ald.
502 2539 544 2572 et
577 2528 643 2585 sic
671 2529 771 2572 cod.
795 2526 962 2579 Guelf.,
1032 2529 1134 2573 Alc.
1158 2545 1263 2573 cum
1287 2529 1464 2573 silentio
1486 2530 1711 2574 Victorii..
1759 2532 1928 2577 Brote-

71 2589 151 2649 qui
181 2605 285 2632 mox
314 2588 447 2632 habet
472 2586 749 2630 occisionum
773 2601 857 2644 pro
882 2599 959 2628 oc-
1031 2587 1124 2630 rius
1161 2586 1357 2644 prodidit
1392 2587 1439 2630 in
1470 2587 1595 2631 Flor.
1636 2604 1730 2632 esse
1767 2590 1928 2643 simul,

68 2649 322 2691 casianum.
1033 2660 1124 2702 quo
1144 2652 1349 2696 auctore,
1377 2645 1545 2688 neseio.
1604 2644 1717 2689 Nam
1729 2646 1927 2692 Pichena

126 2705 455 2748 Pammenem.
517 2702 593 2745 Sic
614 2700 715 2744 MS.
731 2699 833 2741 Vat.
858 2700 958 2743 edd.
1031 2711 1075 2744 et
1095 2701 1184 2743 Iac.
1213 2699 1468 2744 Gronovius
1493 2710 1657 2746 tacent.
1715 2704 1806 2747 Pro
1829 2719 1922 2748 an..

68 2760 188 2819 Lips.
214 2776 311 2818 sqq.
341 2784 400 2794 —
456 2759 733 2802 Parmenem
755 2756 820 2800 vel
836 2757 956 2799 Par·
1028 2774 1175 2801 nuam
1206 2758 1307 2801 MS.
1336 2758 1454 2802 Bud.
1491 2759 1565 2802 dat
1599 2762 1810 2805 nimiam.
1871 2762 1923 2806 ln

8 2803 9 2808 ¹
68 2833 236 2861 menen
279 2817 417 2860 MSS.
461 2815 611 2860 Guelf.
652 2813 777 2858 Harl.
823 2814 956 2857 Bodl.
1031 2814 1183 2859 Guelf.
1209 2829 1422 2858 annuam
1449 2824 1559 2859 esta
1585 2832 1672 2863 sec.
1696 2834 1848 2862 mauu.

67 2875 152 2920 les.
196 2874 296 2918 edd.
336 2873 438 2917 Put.
479 2874 548 2916 M.
585 2881 626 2915 et
660 2874 716 2914 V.
747 2871 955 2914 Beroald.
1086 2889 1117 2914 a
1140 2872 1190 2913 Ρ.
1215 2873 1397 2915 Anteio.
1469 2873 1554 2916 Ed.
1587 2873 1702 2932 Spir.
1734 2878 1793 2918 ab
1820 2878 1921 2919 An-

68 2934 128 2987 (c.
150 2931 294 2976 silent.
318 2931 458 2984 Vict.)
481 2930 581 2973 Alc.
604 2929 748 2972 Rhen.
771 2929 876 2972 Ald.
901 2951 956 2960 -
1028 2930 1131 2972 teto.
1190 2929 1294 2973 MS.
1318 2930 1434 2973 Bud.
1463 2930 1583 2974 hunc
1606 2932 1750 2975 virum
1782 2934 1922 2978 ubivis

62 3003 349 3045 par-manem
375 2989 441 3030 ed.
465 2988 581 3046 Spir.
611 3015 669 3022 -
726 2986 954 3028 Pamma-
1029 2987 1282 3029 Ponteium
1328 2997 1479 3039 vocat3
1539 2989 1711 3033 scilicet
1753 2990 1921 3036 coaluit

65 3063 175 3090 nem
206 3046 306 3089 MS.
341 3045 479 3090 Corb.
537 3045 819 3088 Pammenes
850 3043 955 3100 qui-
1028 3060 1302 3104 praenomen
1328 3061 1443 3087 eum·
1458 3045 1654 3090 nomine.

67 3105 168 3147 dam
211 3102 492 3147 citharoedus
538 3110 604 3144 est
650 3101 768 3158 apud
811 3101 952 3144 Dion.
1084 3116 1278 3157 opesque
1302 3104 1416 3144 eius.
1479 3101 1564 3145 Ed.
1596 3102 1716 3161 Spir.
1753 3104 1921 3150 omittit

65 3161 136 3211 63⁵
161 3162 201 3204 8,
1028 3157 1140 3201 eius.
1203 3159 1311 3201 Mox
1346 3159 1449 3202 MS.
1481 3158 1634 3203 Guelf.
1670 3162 1771 3205 edd.
1810 3170 1917 3207 vett.

123 3220 371 3261 innexum.
430 3215 506 3259 Sic
537 3215 637 3258 edd.
657 3213 832 3257 Ernest.
854 3230 951 3272 sqq.
1025 3216 1172 3259 Antei
1205 3232 1287 3272 pro
1325 3218 1508 3268 Anteii,
1557 3219 1678 3274 quod
1717 3218 1917 3276 primum

65 3271 954 3329 econiecturaFreinshemiietLipsii.-
1025 3281 1091 3315 est
1148 3273 1195 3314 in
1256 3272 1355 3317 edd.
1409 3273 1528 3332 Lips.
1578 3277 1918 3333 posterioribus.

65 3334 285 3375 innixum
310 3331 413 3374 MS.
439 3329 593 3373 Guelf.
621 3328 724 3371 edd.
752 3337 858 3373 vett.
894 3331 954 3383 (c.
1026 3328 1155 3373 Grut.
1180 3329 1304 3372 Pich.
1334 3346 1430 3389 sqq.

66 3390 211 3432 silent.
246 3389 381 3445 Viet.)
419 3395 462 3432 et
498 3395 682 3430 recentt.
722 3401 863 3443 usque
896 3386 950 3429 ad
1081 3403 1257 3442 magna
1277 3402 1342 3431 se.
1403 3388 1486 3431 Ed.
1511 3387 1628 3446 Spir.
1653 3404 1703 3432 se
1722 3406 1916 3446 magna.

62 3446 334 3490 Ernestium.
411 3469 470 3477 -
555 3444 811 3486 annixum‘
851 3442 951 3486 MS.
1020 3444 1188 3488 Eadem
1210 3460 1311 3488 mox
1334 3462 1374 3489 c.
1399 3445 1500 3489 MS.
1515 3445 1812 3504 Guelf.sacta
1831 3465 1914 3507 pro

63 3503 180 3547 Bud.
212 3530 270 3539 -
326 3504 582 3547 inmixtum
604 3501 706 3543 MS.
731 3502 814 3543 les.
1010 3502 1155 3558 fata;
1192 3501 1264 3545 illa
1297 3503 1391 3551 sola
1421 3504 1547 3547 inter
1579 3519 1656 3548 eos
1688 3522 1768 3565 pro
1794 3506 1916 3549 incer

121 3562 489 3625 consultationes.
552 3557 627 3602 Sic
656 3556 793 3601 MSS.
822 3556 948 3601 Flor.
1024 3573 1149 3602 reos.
