2164 3990
1762 209 1815 243 A.
1838 208 1888 246 υ.
1901 210 1986 248 sm.

1759 253 1810 287 A.
1832 252 1898 293 c„
1923 255 1989 296 os,

219 207 343 268 314
884 193 1394 305 ANNALiuM
1447 243 1449 245 -

382 337 513 409 LX,
570 335 773 414 ‘igitur
821 351 1057 414 accepto
1105 313 1341 412 patruni
1393 339 1693 410 consultO,
1718 357 2072 424 *postquam

217 435 427 482 cuncta
465 425 748 483 scelerum
782 444 1022 480 suorum
1061 443 1168 497 pro
1218 426 1460 498 egregiis
1505 426 1690 501 accipi
1727 429 1915 501 videt3
1969 443 2076 488 exn

216 511 416 567 turbat
440 506 752 568 Octaviam
779 510 1036 565 sterilem
1061 508 1353 587 dictitans,
1426 511 1573 568 'exin
1595 510 1903 588 Poppaeae·
1924 537 2070 574 con..

215 595 499 669 iungitur.
587 615 651 652 ea
681 595 784 651 diu
805 595 996 669 pellex
1022 605 1076 649 et
1105 594 1356 650 adulteri
1381 593 1663 666 NeroniS,
1706 619 1844 655 mox
1869 575 2070 659 mariti

212 693 420 756 potens
458 682 755 758 quendam
793 700 861 736 ex
895 679 1182 734 ministris
1211 675 1492 736 Octaviae
1527 682 1766 757 impulit
1795 687 2066 744 servilem

216 767 271 822 ei
320 787 580 823 amorem
630 765 934 823 obiicere*
1000 764 1441 840 destinaturque
1489 786 1620 822 reus
1675 785 2062 842 cognomento

209 848 506 920 EucerUS‚
587 851 828 906 natione
875 845 1308 918 Alexandrina,
1377 870 1584 908 canere
1625 852 1787 910 tibiis
1839 854 2064 917 doctus,

214 931 398 994 Actae
434 938 511 992 oh
554 935 616 990 id
661 937 733 992 de
768 936 996 991 ancillis
1034 935 1403 1010 quaestiones
1445 946 1500 992 et
1536 936 1596 990 vi
1635 947 2064 998 tormentorum

207 1022 378 1079 victis
422 1012 805 1098 quibusdam,
847 1032 915 1076 ut
948 1021 1091 1076 falsa
1128 1021 1485 1089 adnuerem,
1530 1021 1728 1095 plures
1763 1027 2064 1098 perstitere

208 1107 572 1164 sanctitatem
606 1107 881 1163 dominae
921 1106 1087 1164 tueri.
1178 1125 1243 1160 ex
1277 1106 1492 1182 quibus
1527 1126 1645 1162 una
1680 1107 1922 1168 instanti
1952 1110 2063 1168 Ti-

207 1193 425 1268 gellino
454 1192 701 1250 castiora
730 1212 850 1249 esse
884 1190 1196 1248 muliebria
1224 1186 1507 1248 Octaviae
1546 1194 1851 1267 respondit
1887 1216 2063 1273 quam

1168 1439 1269 1481 ρος,
1305 1432 1611 1480 opportunus.
1670 1423 1961 1472 Recentiores
1992 1445 2063 1473 ve-

203 1444 336 1473 suum
389 1426 521 1471 habet
575 1426 699 1476 iam,
754 1425 875 1483 quod
918 1424 1096 1470 volebat

1167 1492 1308 1526 terem
1332 1492 1578 1540 sequuntur
1600 1483 1883 1542 scripturam.

205 1486 564 1537 Freinshemius,
621 1493 669 1526 ut
712 1484 929 1528 sententia
969 1491 1095 1531 esset,

203 1544 412 1605 graviora
460 1543 594 1586 fuisse
635 1542 710 1584 illa
752 1540 943 1585 ludibria
991 1540 1096 1596 ipsis

202 1601 346 1645 malis.
421 1601 454 1644 I.
497 1600 570 1644 Fr.
614 1598 874 1646 Gronovius
917 1598 1094 1654 vulgata

200 1660 576 1718 interpretabatur
613 1658 697 1700 ita:
746 1672 899 1714 „quae
943 1670 1097 1698 severa

200 1724 350 1762 tamen
376 1716 567 1759 adulatio
594 1732 684 1758 non
714 1723 804 1756 tam
836 1712 1097 1771 aggravabat

199 1777 475 1834 augebatque
517 1772 654 1823 mala,
716 1772 920 1830 indignas
966 1770 1095 1811 nimi·

201 1850 302 1876 rum
328 1831 484 1875 caedes
509 1831 657 1874 Sullae
676 1830 930 1886 Plautique,
961 1843 1093 1884 quam

199 1891 408 1940 mimica,
440 1905 574 1936 vana,
619 1888 790 1930 ludicra
823 1886 936 1929 mala
975 1884 1092 1928 veris

201 1946 446 1992 addebat.'‘
507 1945 593 1987 Sed
626 1947 732 1988 haec
768 1952 970 1986 contorta
1001 1957 1094 1983 esse

198 2006 426 2053 videntur.
488 2003 652 2045 Noster
673 2001 932 2058 simpliciter
957 1999 1094 2041 dicit:

200 2061 325 2122 quod
358 2059 480 2104 Sulla
515 2069 556 2102 et
592 2060 775 2102 Plautus
811 2066 966 2100 senatu
1002 2072 1094 2097 nio·

197 2127 431 2170 verentur,
483 2117 618 2160 fuisse
653 2134 748 2159 rem
783 2132 873 2159 non
907 2115 964 2156 ita
1000 2130 1095 2169 gra·

195 2192 302 2227 vem
326 2175 478 2224 malis,
519 2190 630 2231 quae
656 2173 760 2217 inde
786 2171 1095 2219 redundarint,

199 2235 276 2297 qui
313 2250 366 2293 pe
398 2235 446 2276 in
477 2232 736 2281 defunctos,
778 2247 912 2287 quam
948 2231 1093 2286 potius

199 2294 259 2337 ob
305 2292 504 2341 umbria,
536 2290 632 2348 quis
653 2304 722 2332 res
746 2288 924 2348 publiea
950 2287 1091 2329 deho-

197 2358 461 2396 nestaretur.

255 2462 369 2507 CAP.
396 2461 466 2504 60.
495 2461 718 2502 scelerum
741 2469 934 2498 suorum
1015 2452 1093 2498 Sic

197 2520 339 2566 MSS.
363 2519 485 2562 Flor.
525 2524 642 2570 (test.
670 2515 787 2557 vict.
816 2530 855 2556 c.
880 2511 1090 2567 Pichena)

196 2579 314 2622 Bud.
343 2576 444 2621 edd.
467 2576 584 2632 Spir.
611 2572 792 2615 Pictven.
821 2587 918 2627 sqq.
980 2585 1089 2612 sun-

195 2653 303 2682 rum
339 2633 562 2678 omittitur
595 2631 640 2673 in
670 2628 771 2671 MS.
803 2627 954 2670 Guelf.
989 2626 1090 2669 edd.

196 2695 301 2738 Put.
328 2693 399 2736 M.
423 2700 464 2736 et
488 2688 542 2734 V.
565 2684 777 2731 Ber'oald.
804 2685 908 2730 Ale.
944 2684 1088 2728 Rhen.

195 2768 295 2812 sqq·

253 2859 462 2908 adulteri
515 2855 734 2901 Neronis.
825 2852 907 2897 Ed.
969 2851 1089 2911 Spir.

196 2923 438 2965 adultera:
487 2917 702 2959 Neronis.
773 2911 941 2955 Eadem
983 2927 1087 2953 mox

195 2980 538 3031 destinatusque
564 2973 677 3015 haud
706 2969 821 3012 male
844 2985 925 3025 pro
956 2971 1087 3010 desti-

195 3045 450 3091 naturque.
544 3031 689 3073 Etiam
745 3025 896 3069 Guelf.
959 3026 1089 3068 habet

196 3095 439 3141 adultera,
484 3089 559 3131 sed
593 3105 615 3131 a
645 3102 736 3130 sec.
757 3099 920 3128 manu:
963 3083 1088 3140 prius

191 3151 255 3194 ibi
280 3150 363 3194 fuit
386 3146 603 3190 adulteri.

253 3261 464 3302 Eucerus.
523 3256 599 3299 Sic
613 3253 748 3298 MSS.
773 3260 813 3296 et
837 3251 937 3295 edd.
960 3258 1084 3301 vett„

195 3318 282 3361 nisi
316 3316 436 3375 quod
468 3314 572 3357 MS.
606 3313 730 3355 Harl.
766 3313 838 3353 dat
869 3310 1085 3358 lineet-as,

229 3375 319 3418 uod
361 3373 419 3415 ibi
452 3372 735 3414 emendatum
773 3376 836 3410 est
864 3368 1081 3408 Eue-erus.

228 3432 311 3475 'dd.
339 3429 706 3474 Gronoviorun„
736 3426 776 3468 R
809 3424 881 3467 ck.
905 3424 960 3465 al.
986 3423 1081 3464 Eu-

198 3503 361 3533 caerus
381 3505 428 3528 ex
451 3485 759 3527 emendatione
779 3442 1085 3531 l'reinshemii,

198 3546 275 3608 qui
305 3545 349 3594 id
379 3559 547 3589 nomen
580 3541 811 3591 derivabat
842 3542 896 3584 ab
928 3535 1080 3583 eifum,-

1221 1594 1408 1635 ηαὶιόηε
1422 1593 1767 1638 Alexandrino.
1824 1593 1901 1639 Sic
1922 1595 2061 1640 MSS.

1169 1658 1209 1692 et
1225 1650 1323 1692 edd.
1334 1658 1435 1692 vett.
1445 1653 2062 1697 —nationeAlexandr-mus

1170 1707 1271 1750 edd.
1294 1707 1566 1750 recentiores
1590 1709 1694 1752 inde
1715 1725 1738 1751 a
1762 1710 1876 1768 Lips.
1901 1710 2060 1769 prima,

1168 1765 1320 1807 nescio
1359 1780 1382 1806 e
1413 1765 1537 1807 cuius
1569 1766 1894 1820 emendatione.
1964 1768 2058 1812 Sed

1167 1831 1297 1868 vetus
1317 1821 1535 1880 scriptura
1560 1839 1699 1881 aeque
1724 1824 1840 1868 bona
1865 1834 1944 1869 est.

1224 1948 1390 1976 canere
1432 1933 1554 1974 tibiis
1597 1937 1770 1978 doctus.
1839 1934 1916 1980 Sic
1956 1935 2060 1981 MS.

1167 1990 1316 2033 Guelf.
1338 1990 1436 2032 edd.
1465 1990 1566 2031 Put.
1593 1992 1660 2034 M.
1689 2001 1731 2034 et
1755 1993 1807 2036 V.
1830 1993 1932 2037 Ber.
1955 1994 2057 2039 Alc.

1167 2047 1309 2090 Rhen.
1354 2063 1450 2104 sqq.
1505 2071 1562 2079 —
1629 2064 1665 2090 c.
1707 2064 1792 2102 per
1836 2053 1971 2094 tibias
2012 2057 2059 2096 d.

1166 2105 1299 2148 MSS.
1323 2105 1445 2148 Flor.
1471 2105 1571 2158 (test
1609 2104 1732 2149 Vict.
1759 2122 1800 2149 c.
1823 2108 1900 2163 al.)
1919 2107 2056 2154 Corb.

1167 2164 1274 2218 Agr.
1326 2163 1395 2204 ed.
1436 2163 1551 2218 Spir.
1608 2190 1666 2199 —
1733 2179 1770 2206 ο.
1823 2165 1963 2207 tibias
2006 2171 2056 2211 d.

1166 2219 1353 2273 (omisso
1398 2222 1499 2274 per)
1556 2220 1652 2263 MS.
1699 2221 1815 2265 Bud.
1901 2222 2054 2279 Quare

1165 2276 1340 2334 Lipsius
1388 2276 1656 2320 coniiciebat
1704 2292 1852 2332 pares
1897 2282 2056 2333 tibias,-

1165 2334 1371 2377 lleinsius
1392 2350 1426 2376 c.
1449 2335 1580 2376 tebias
1598 2339 1861 2389 perdoctus.
1919 2336 2054 2382 Hilte-

1163 2408 1240 2434 rus
1293 2392 1412 2433 tibiis
1461 2395 1724 2445 perdoctus.
1821 2395 2053 2453 Scriptura

1157 2463 1246 2504 per
1270 2450 1401 2491 tibias
1425 2448 1472 2491 in
1494 2465 1539 2491 se
1562 2448 1668 2491 nihil
1691 2450 1871 2493 absurdi
1900 2451 2056 2508 habet;

1163 2507 1282 2549 deest
1334 2514 1480 2548 tamen
1533 2506 1809 2564 exemplum,
1869 2524 1959 2567 quo
2007 2511 2053 2554 id

1162 2580 1300 2620 genus
1350 2562 1561 2619 loquendi
1611 2565 1841 2621 probetur.
1933 2568 2053 2611 Infra

1163 2623 1229 2673 15,
1251 2621 1323 2668 65.
1354 2622 1478 2662 Nero
1500 2621 1684 2663 cithara
1718 2653 1730 2666 .
1757 2654 1767 2664 .
1795 2654 1806 2665 .
1840 2627 2052 2669 canebat.

1162 2679 1220 2724 cf.
1245 2694 1381 2736 supra
1406 2694 1445 2722 c.
1471 2679 1539 2720 14.
1581 2678 1695 2722 Hist.
1718 2679 1758 2731 5,
1780 2679 1822 2723 5.

1219 2787 1345 2830 victis
1368 2789 1656 2843 quibusdam.
1708 2790 1921 2850 Ed.Sp3r.
1947 2795 2055 2837 victi

1162 2848 1448 2902 quibusdam.
1517 2848 1681 2890 Eadem
1718 2865 1819 2892 mox
1854 2851 2050 2907 sifalsa

1161 2911 1427 2946 annuerent
1463 2921 1566 2947 cum
1601 2904 1737 2948 MSS.
1762 2907 1885 2950 Flor.
1924 2910 2048 2963 (teste

1158 2961 1378 3016 Victoria)
1415 2959 1564 3004 Guelf.
1611 2979 1692 3020 pro
1735 2973 1782 3006 ut
1815 2965 1955 3020 salsa
1984 2984 2048 3014 a..

1159 3034 1270 3076 quae
1296 3034 1395 3060 vera
1421 3028 1485 3062 est
1506 3020 1724 3078 scriptura
1745 3022 1843 3065 edd.
1859 3022 1960 3066 Put.
1979 3011 2045 3068 M.

1160 3084 1204 3118 et
1236 3075 1289 3117 V.
1324 3076 1425 3118 Ber.
1464 3076 1565 3120 Alc.
1606 3078 1747 3122 Rhea.
1791 3096 1888 3148 sqq.
1956 3080 2046 3125 Pro

1155 3134 1395 3199 persi-ltere
1425 3136 1724 3177 sanctitatem
1758 3137 1860 3180 MS.
1894 3135 2048 3188 Guelf,

1156 3199 1407 3245 persistere
1432 3194 1713 3235 satietatem.

1216 3297 1348 3350 tueri.

1156 3371 1304 3408 tuere.

1439 3306 1540 3351 MS.
1582 3307 1702 3351 Flor.
1744 3307 1863 3362 (test.
1906 3308 2046 3367 Vict.)

1214 3479 1459 3521 muliebria
1496 3478 1729 3522 Octaviae.

1159 3537 1381 3584 Octaviae
1405 3537 1662 3581 muliebria.

1809 3479 1890 3525 Ed.
1926 3482 2047 3548 sgir.

2083 147 2090 179 l
