2164 3990
1326 88 1346 111 ἱ

1792 271 1846 308 Α.
1864 271 2014 309 mem.

1787 319 1843 355 A.
1862 315 1909 352 C.
1951 318 2012 365 48·

245 262 329 324 60
915 265 1421 330 ANNALIUM

220 399 538 459 enientium
572 399 774 474 pulsae
806 399 963 455 fores
992 398 1329 477 adstititque
1351 402 1629 461 tribunus
1648 422 1755 478 per
1776 394 2096 479 silentium,

243 497 301 546 at
322 486 569 542 libertus
595 485 906 560 increpans
930 483 1134 540 multis
1155 495 1215 554 et.
1227 488 1544 546 servilibus
1564 475 1818 564 probris.
1875 543 1877 545 ,
1976 553 1977 557 ¹

408 566 753 629 XXXVIII.
841 568 1014 625 Tunc
1062 569 1320 644 primum
1354 573 1657 630 fortunam
1695 594 1862 632 suam
1899 577 2097 636 'intro-

203 666 208 671 '
238 656 424 732 spexit
447 657 788 731 ferrumque
815 653 1062 728 accepit,
1105 657 1263 731 quod
1289 654 1511 716 frustra⁴
1530 659 1731 732 iugulo
1774 680 1839 717 ac
1875 665 2096 737 pectori

236 762 345 818 per
397 741 848 816 trepidationem
905 740 1226 796 admovens
1275 740 1396 799 ictu
1446 744 1676 800 tribuni
1718 747 2094 820 transfigitur.

239 846 452 903 corpus
494 826 671 882 matr-i
710 843 1065 883 concessum.
1165 827 1618 906 nuntiatumque
1652 828 1903 888 Claudio
1950 853 2095 908 epu-

237 913 389 971 lanti
424 911 644 987 perisse
678 907 1113 980 Messallinam,
1165 931 1290 967 non
1336 912 1610 974 distincto
1646 935 1748 972 sua
1771 937 1865 973 ‘an
1903 917 2093 975 aliena

230 1018 435 1057 manu,
520 1016 626 1052 nec
653 995 752 1050 ille
779 994 1089 1075 quaesivit:
1133 997 1514 1073 Poposcitque
1541 1000 1820 1073 poculum
1843 1014 1899 1059 et
1923 1004 2095 1060 solita
2143 1028 2146 1032 ·

240 1082 513 1140 convivio
531 1080 861 1138 celebravit.
906 1100 980 1135 ne
996 1083 1207 1137 secutis
1224 1082 1465 1158 quidem
1481 1084 1689 1140 diebus
1711 1086 1853 1156 odii,
1869 1089 2094 1161 gaudii,

236 1168 378 1238 irae,
405 1166 690 1235 tristitiae,
716 1165 897 1222 ullius
913 1166 1167 1242 denique
1186 1162 1434 1223 humani
1449 1170 1709 1226 adfectus
1729 1170 1891 1244 signa
1915 1173 2095 1242 dedit,

235 1273 522 1323 noncum
548 1251 832 1307 laetantes,
853 1258 1216 1308 accusatores
1249 1253 1560 1328 aspiceret,
1615 1275 1739 1311 non
1776 1278 1908 1314 cum
1942 1257 2101 1316 filios

233 1349 580 1396 maerentes.
666 1335 932 1413 iuvitque
968 1337 1333 1393 oblivionem
1371 1339 1494 1394 eius
1533 1352 1766 1396 senatus
1799 1344 2090 1399 censendo

234 1443 454 1481 nomen
488 1434 545 1479 et
579 1421 793 1495 effigies
827 1420 1071 1496 privatis
1100 1442 1166 1478 ac
1203 1424 1458 1498 publicis
1496 1423 1640 1480 locis
1675 1413 2092 1488 demovenda&

232 1508 481 1566 Decreta
505 1506 778 1566 Narcisso
806 1507 1135 1584 quaestoria
1161 1508 1411 1584 insignia
1428 1555 1447 1579 ‚
1488 1509 1851 1568 levissimum
1869 1513 2092 1571 fastidii

290 1712 573 1765 adstititque.
632 1707 1126 1764 SiCMSS.F101-.(tesr.
1199 1711 1321 1753 iisse.
1401 1709 1630 1754 Bekkerus
1661 1718 1864 1758 veterem
1894 1710 2087 1757 formam

230 1769 351 1813 Viet.
373 1768 569 1824 espich.)
587 1765 741 1810 Guelf.
756 1767 871 1809 Bnd.
895 1766 1126 1824 edd..Spir.

228 1826 555 1871 Put.M.Pich.
578 1841 677 1882 sqq.
720 1824 1125 1879 (Scribuntrtamen

228 1883 438 1929 nonnulli
463 1884 730 1937 exstititque.)
792 1880 1010 1937 Copulam
1037 1896 1126 1936 que

228 1941 588 2044 fiigliguffidedd‘
605 1941 707 1983 Put.
723 1937 778 1981 V.
800 1937 1009 1982 Beroald.
1022 1938 1125 1983 Alc.

304 2016 376 2043 en.
493 2031 503 2042 .
529 2015 548 2041 s
615 2030 627 2040 .

287 2064 339 2099 at
361 2014 611 2099 libertustiq
632 2055 710 2100 Sic
728 2053 829 2098 MS.
852 2052 977 2097 Flor.
1002 2057 1125 2109 (test.

229 2113 352 2158 Viet.
395 2131 434 2158 e.
466 2112 683 2169 Pichena)
729 2111 830 2154 edd.
871 2110 996 2154 Pich.
1027 2126 1077 2168 sq
1113 2142 1126 2154 .

229 2189 287 2215 ac
320 2173 515 2214 libertus
541 2169 677 2214 MSS.
698 2168 815 2211 Bud.
837 2166 989 2212 Guelf.
1022 2168 1077 2211 ed
1113 2200 1124 2210 .

231 2229 350 2288 Spir.
373 2238 633 2286 ceteraeque
657 2236 760 2271 vett.
799 2272 801 2274 ,

285 2289 546 2342 increpans.
606 2284 708 2329 MS.
737 2281 891 2327 Guelf.
921 2282 1121 2338 increpi-

230 2353 352 2388 tuns.

287 2410 331 2444 et
371 2400 628 2446 servilibus.
713 2397 792 2443 Sic
829 2397 969 2443 MSS.
1007 2397 1123 2441 Bud.

229 2459 357 2504 Flor.
387 2463 503 2514 (test.
529 2460 613 2502 [ac.
637 2454 864 2510 Gronov.)
903 2455 973 2501 ed.
1004 2456 1123 2512 Spir.

227 2533 284 2560 ac
314 2518 559 2560 servilibus
585 2515 690 2560 MS.
714 2513 866 2558 Guels.
897 2513 1000 2559 edd.
1018 2513 1122 2557 Put.

622 2629 926 2686 introspexit.

226 2592 247 2620 s
316 2608 327 2618 .

251 2591 412 2676 Ἥρη.
461 2631 532 2677 38.
1018 2612 1122 2687 Ms.

227 2689 380 2734 Guelf.
406 2693 531 2732 intro
553 2692 752 2744 aspexit.
875 2727 877 2729 ,

285 2764 340 2791 ac
357 2749 544 2802 pectori.
603 2745 679 2790 Sic
712 2743 811 2789 MS.
842 2740 969 2787 Flor.
1002 2745 1120 2797 (test.

223 2805 362 2862 Viet.)
394 2804 494 2848 edd.
518 2804 658 2847 Rhen.
681 2819 776 2861 sqq.
835 2818 890 2844 ac
910 2800 1124 2855 preclari

225 2864 328 2908 MS.
354 2862 503 2906 Guelf.
572 2870 656 2904 aut
677 2861 862 2916 pectori
881 2858 981 2902 edd.
1001 2857 1121 2914 Spir.

224 2921 330 2965 Put.
363 2921 430 2963 M.
462 2928 504 2962 et
527 2918 586 2963 V.
625 2917 836 2963 Beroald.
868 2916 967 2959 Alc.
993 2914 1119 2957 etsie

224 2980 272 3025 in
295 2978 399 3022 MS.
419 2977 543 3022 Flor.
565 2993 610 3020 se
633 2975 858 3022 invenisse
883 2971 1119 3032 profitetur

225 3036 318 3080 lac.
340 3034 620 3079 Gronovius,

296 3092 607 3150 transfigitur.

227 3151 529 3203 transigitur.

226 3206 431 3252 mutandi
454 3207 720 3258 necessitas;
753 3217 1012 3262 quanquam
1029 3199 1119 3244 Iac.

226 3263 492 3308 Gronovius
522 3273 708 3307 testatur
737 3261 919 3306 fratrem
963 3258 1022 3302 ita
1057 3257 1117 3302 le-

226 3323 339 3383 gisse
366 3320 415 3362 in
442 3321 542 3364 MS.
566 3322 692 3364 Flor.

284 3392 569 3423 concessum.
625 3378 710 3423 Ed.
727 3377 843 3434 Spir.
866 3375 987 3419 addit
1006 3382 1088 3418 est.

283 3435 659 3490 nuntiatumque.
720 3434 803 3478 Ed.
834 3433 953 3492 Spir.
988 3446 1119 3474 nun-

196 3522 200 3526 ,
227 3494 490 3548 datumque
514 3499 595 3535 est.

145 3566 156 3582 ⁸
231 3570 238 3574 s
269 3551 472 3608 ‚perisse-
528 3547 606 3593 Sic
619 3547 835 3591 venditu-5
854 3547 943 3591 mei
961 3562 1118 3591 omnes

229 3617 274 3656 et
295 3623 391 3669 sqq.
419 3635 476 3647 ·--
524 3605 638 3651 Edd.
661 3603 869 3651 Oberliu.
891 3621 990 3663 sqq.
1003 3619 1118 3661 per-

701 3089 875 3148 Lipsius
924 3083 1119 3130 malebat

610 3148 742 3192 Nulla
793 3156 942 3191 tamen
993 3143 1118 3186 adest

1197 1766 1406 1811 restituit.

1851 1824 1936 1872 Ed.
1969 1827 2088 1888 Spir.

1253 1839 1315 1867 ne
1363 1828 1526 1870 secutis
1565 1827 1765 1883 quidem.

1195 1898 1279 1926 nec
1308 1886 1473 1926 secutis
1505 1887 1705 1940 quidem.

1254 1941 1476 1995 adfectus.
1568 1940 1684 1998 Edd.
1727 1939 1934 1987 Beroald.
1984 1942 2088 1988 Ale.

1196 1998 1396 2052 effectus.
1883 2037 1887 2041 .

1223 2070 1309 2154 (13⁶
1325 2055 1528 2155 {tilblicis
1581 2054 1658 2098 Sic
1669 2053 1901 2155 MSCBud.
1922 2063 1964 2124 et
1983 2054 2088 2102 inde

1191 2131 1315 2229 3...
1376 2128 1547 2214 0333.
1567 2127 1669 2214 33:
1691 2115 2086 2217 ...533523‘12311

1194 2230 1260 2272 M.
1288 2227 1399 2279 θὴν.
1420 2226 1626 2273 Beroald.
1651 2231 1710 2283 (c.
1735 2226 1804 2272 sil.
1822 2226 1965 2286 Viet.)
1985 2228 2088 2277 Ale.

1194 2294 1240 2329 et
1256 2286 1466 2341 publicis.

1239 2344 1451 2399 fastidii.
1520 2340 1598 2385 Sic
1627 2341 1762 2386 MSS.
1798 2340 1924 2384 Flor.
1968 2343 2084 2399 (test.

1194 2401 1316 2445 Viet.
1336 2416 1439 2442 cum
1459 2399 1534 2447 al.)
1569 2398 1740 2443 Vatiae.
1768 2398 1877 2442 1863
1903 2408 1947 2444 et
1960 2398 2084 2444 1864.

1195 2458 1295 2502 edd.
1319 2457 1438 2512 Spir.
1461 2457 1641 2500 Ernest.
1662 2455 1873 2501 Oberlin.
1899 2472 1996 2515 sqq.
2026 2482 2084 2491 —-·

1180 2515 1377 2574 fastigii
1395 2514 1529 2559 MSS.
1542 2513 1643 2556 Vat.
1669 2513 1793 2557 1958.
1818 2513 2084 2560 Ha1·1.Bod1.

1195 2574 1276 2616 les.
1300 2572 1406 2646 Reg.
1434 2570 1584 2614 Guelf.
1602 2570 1710 2628 Agr.
1731 2569 1845 2613 Bud.
1869 2571 2082 2626 edd.Put,

1191 2632 1260 2674 M.
1283 2638 1326 2672 et
1346 2629 1403 2672 Σ.
1434 2628 1643 2670 Beroald.
1670 2626 1773 2670 Ale.
1805 2626 1949 2673 Rhen.
1981 2646 2082 2689 sqq.

1192 2687 1362 2731 Utrum
1383 2686 1438 2737 sit
1458 2701 1629 2735 verum,
1651 2683 1717 2726 vix
1740 2683 1868 2726 aliter
1889 2683 2083 2733 discerni

1191 2743 1356 2803 poterit
1389 2759 1522 2800 quam
1557 2758 1607 2784 ex
1645 2740 1910 2785 auctoritate
1947 2741 2082 2788 libro·
2126 2744 2157 2767 ’⁸

1190 2816 1311 2846 rum.
1387 2801 1500 2844 Nam
1531 2815 1614 2858 pro
1638 2798 1830 2853 fastigii
1858 2807 1923 2842 est
1954 2799 2082 2844 locus

1190 2858 1281 2904 An.
1306 2860 1347 2908 3,
1369 2859 1442 2902 29.
1473 2872 1528 2899 ac
1552 2865 1714 2899 tamen
1741 2855 1876 2898 initia
1892 2856 2090 2914 fastigii
2130 2855 2146 2878 ⁵⁴

1193 2917 1472 2959 Caesaribus
1494 2923 1658 2966 erant,·
1699 2928 1782 2971 pro
1801 2913 1995 2968 fastidii
2017 2915 2083 2959 lo·

1191 2989 1270 3016 cus
1300 2973 1421 3017 Plin.
1462 2988 1564 3030 epp.
1605 2972 1646 3023 8,
1674 2970 1717 3013 6.
1758 2968 1938 3014 Placuit
1969 2988 2082 3016 aere

1188 3031 1370 3085 signari
1385 3044 1545 3071 omnes
1563 3031 1769 3071 honores
1786 3028 1830 3084 f
1829 3029 1990 3073 astid
1999 3033 2019 3073 i
2025 3047 2079 3072 o-

1188 3092 1267 3131 sis
1277 3103 1300 3131 s
1314 3090 1332 3130 i
1339 3105 1386 3130 m
1396 3091 1415 3130 i
1434 3087 1655 3141 moncim‘i
1664 3083 1929 3142 (Pallantis),
1951 3102 2080 3147 quos·
2123 3120 2127 3125 -,

1190 3160 1276 3201 que
1311 3145 1622 3199 repudiasset,
1667 3157 1891 3198 quosque,
1935 3158 2079 3201 quan-
2162 3178 2164 3199 ;

1189 3209 1291 3245 tum
1314 3208 1376 3246 ad
1397 3205 1687 3245 decernentes
1712 3199 1934 3258 pertinet,
1971 3216 2078 3256 ges·
2160 3246 2164 3252 ¹

1187 3261 1336 3304 sisset.
1417 3259 1483 3304 ld.
1517 3258 1685 3316 Paneg.
1727 3272 1765 3300 c.
1794 3254 1863 3299 55.
1893 3258 1957 3299 Ut
1989 3274 2077 3314 op—

1185 3325 1382 3371 pareat,
1429 3331 1526 3359 non
1558 3313 1782 3370 superbia
1809 3321 1853 3355 et
1875 3314 2079 3370 fastidio
2160 3353 2164 3361 .

1190 3383 1235 3416 te
1255 3375 1572 3430 amplissimos
1602 3375 1798 3414 honores
1818 3374 2078 3426 repudiare,

1190 3433 1274 3487 qui
1298 3434 1502 3475 minores
1532 3444 1628 3471 non
1659 3428 1936 3481 dedigneris.

1189 3489 1362 3545 quaerit
1381 3486 1634 3532 Ernestiuse
1673 3486 1810 3541 „quis
1839 3485 1957 3529 dicat
1978 3488 2078 3529 leve
2154 3510 2155 3513 =

1175 3547 1371 3604 fastidii
1399 3545 1468 3588 vel
1486 3545 1702 3602 fastigii?
1766 3540 1909 3586 Immo
1928 3541 2074 3599 sasti-
2154 3539 2158 3571 3

1188 3605 1264 3649 dio
1293 3603 1368 3653 vel
1386 3602 1597 3661 fastidiis
1619 3598 1768 3661 potius
1794 3599 2076 3660 legendgmg»

2015 3429 2159 3479 At2
