2164 3990
1642 180 1694 227 A,
1713 160 1768 218 u.
1785 182 1872 220 eoo.
1891 185 1980 222 am.

1644 224 1696 260 A.
1716 225 1784 263 e..
1810 227 1876 267 47.
1892 228 1987 266 24⁸.

196 181 278 240 as
867 131 1385 277 ANNALIUM

199 322 258 368 et
279 305 574 369 Aemilius
587 310 954 383 MamercuS‚
999 314 1350 387 sexagesimo
1375 313 1739 375 tertioanno
1765 332 1900 395 post
1915 319 2069 379 Tar-

197 396 440 473 quinios
477 411 733 469 exactOS,
775 411 843 457 ut
877 419 1003 455 rem
1035 398 1353 456 militarem
1390 400 1828 463 comitarentur.
1922 406 2067 463 dein

198 482 580 556 gliscentibus
622 485 871 559 negotiis
915 485 1034 540 duo
1083 484 1299 554 additi,
1354 485 1458 562 qui
1488 483 1719 544 Romae
1771 503 2065 552 cur-arent.

196 587 336 625 mox
370 569 704 644 duplicatus
738 587 1048 638 numerus,
1102 570 1485 644 stipendiaria
1520 571 1638 627 iam
1674 570 1847 630 Italia
1879 586 1936 632 et
1966 596 2065 634 ac-

197 654 543 711 cedentibus
571 655 1015 730 provinciarum
1052 655 1451 728 vectigalibus,
1537 655 1681 714 Post
1713 658 1902 733 legem
1923 659 2066 718 Sul.

197 738 291 795 lae
327 739 543 814 viginti
586 741 764 797 creati
800 739 1128 814 supplendo
1171 741 1431 812 senatui,
1491 743 1588 799 cui
1622 743 1841 802 iudicia
1877 746 2067 803 tradi-
2152 795 2156 801 ,

197 820 384 885 derat.
420 837 480 883 et
505 845 845 902 quanquam
871 825 1093 901 equites
1118 825 1338 882 iudicia
1359 827 1855 902 reciperavissent,
1887 847 2067 909 quae-

198 919 360 988 stura
386 921 584 967 tamen
609 931 677 967 ex
704 910 987 985 dignitate
1023 911 1474 968 candidatorum
1510 925 1612 970 aut
1642 915 1922 974 facilitate
1953 917 2065 974 tri-

194 995 506 1055 buentium
542 996 796 1070 gratuito
837 997 1296 1068 concedebatur,
1340 997 1529 1054 donec
1565 997 2062 1074 sententiaDola-

193 1079 386 1138 bellae
411 1082 576 1138 velut
602 1082 1061 1142 venundaretur.

364 1175 591 1237 XXIII.
677 1173 752 1238 A.
770 1176 1015 1243 Vitellio
1032 1225 1048 1249 ‚
1088 1178 1160 1240 L.
1177 1177 1468 1255 Vipstano
1496 1200 1639 1241 coss,
1664 1202 1798 1239 cum
1826 1182 1900 1240 de
1923 1146 2065 1260 supss

191 1260 412 1335 plendo
473 1273 679 1320 senatu
735 1264 1052 1338 agitaretur
1108 1265 1514 1343 primoresque
1566 1264 1829 1338 Galliae,
1914 1289 2064 1346 quae

194 1342 441 1405 Comata
475 1348 836 1424 appellatur,
875 1351 1111 1407 foedera
1149 1362 1206 1408 et
1244 1351 1539 1408 civitatem
1563 1349 1902 1410 Romanam
1936 1355 2063 1430 pri-

194 1562 317 1609 in'ter
356 1563 565 1611 Tacitum
606 1568 719 1612 alios
787 1585 810 1612 e
851 1567 1094 1627 scriptores

192 1620 269 1667 hic
290 1622 515 1670 invenisse
535 1623 618 1669 sibi
640 1625 743 1671 vide
780 1634 925 1670 antur.
976 1625 1092 1670 Nam

134 1713 139 1717 -.
194 1679 295 1727 Liv.
329 1681 373 1731 2,
406 1682 479 1726 41.
525 1683 581 1726 ad
635 1699 707 1727 an.
747 1684 850 1727 269.
901 1683 1093 1742 primam

1167 1585 1216 1614 ea
1249 1568 1454 1628 negotia,
1497 1567 1553 1614 ad
1585 1583 1699 1626 quae
1723 1569 1932 1616 obeunda
1969 1571 2064 1616 dno

1166 1626 1331 1678 additi,
1359 1641 1455 1669 non
1480 1626 1624 1670 aliena
1656 1626 1794 1671 fuisse
1826 1629 1885 1672 ab
1907 1627 2062 1674 officio

1166 1683 1364 1727 duorum
1414 1691 1728 1743 quaestorum,
1784 1687 1865 1744 qui
1916 1685 2064 1732 adhuc

195 1747 486 1797 quaestorum
508 1741 800 1784 'mentionem
830 1741 938 1785 facit
964 1741 1096 1800 eique

195 1796 388 1839 adsentit
421 1797 615 1856 Dionys.
657 1797 696 1850 8,
724 1798 797 1842 77.
868 1798 955 1842 Sed
988 1800 1094 1843 inde

192 1869 291 1897 non
319 1855 613 1912 consequitur
634 1855 880 1899 Caesonem
902 1855 1093 1900 Fabium

194 1918 240 1956 et
277 1910 342 1955 L..
365 1910 597 1955 Valerium
637 1911 749 1956 Livii
794 1922 837 1957 et
879 1911 1094 1971 Dionysii

194 1975 273 2012 aut
293 1967 493 2028 primum
516 1985 541 2012 a
564 1969 734 2028 populo
759 1981 934 2015 creatos
961 1985 1092 2031 quae-

195 2034 444 2071 stores-«aut
465 2040 541 2070 eos
572 2043 691 2077 esse,
736 2027 791 2071 de
823 2029 985 2087 quibus
1008 2027 1094 2072 Ta&

194 2082 314 2129 citus
331 2083 423 2127 iam
439 2083 660 2143 loquitur.
705 2083 838 2130 Teste
850 2085 1093 2129 Plutarcho

193 2141 286 2185 iam
338 2141 541 2185 Valerius
582 2141 822 2186 Publicola
873 2142 1095 2187 concessit

194 2199 365 2259 populo
384 2207 642 2258 quaestores
661 2201 906 2252 creandos,
935 2216 1021 2260 qua
1046 2201 1093 2243 in

195 2270 248 2300 re
279 2255 399 2302 haud
433 2257 568 2301 dubie
605 2274 630 2301 a
651 2257 823 2305 Nostro
869 2258 1089 2302 dissentit.

195 2312 266 2358 Ne
299 2326 357 2358 ue
384 2319 542 2358 'tamen
575 2315 680 2358 ideo
726 2315 847 2373 apud
886 2315 1095 2359 Tacitum

199 2330 445 2431 qufiiquam
478 2380 543 2416 est
575 2373 859 2417 mutandum.
941 2372 1098 2415 Potuit

198 2429 325 2472 enim
356 2430 535 2476 diversa
569 2447 662 2474 esse
687 2430 742 2474 de
766 2430 850 2474 hac
877 2445 926 2473 re
961 2430 1097 2474 tradi-

198 2486 292 2539 tiog
320 2488 469 2544 potuit
491 2487 624 2531 etiam
646 2487 883 2531 Publicola
909 2503 994 2546 pro
1018 2503 1097 2546 po·

174 2543 349 2604 ¹pulari
382 2560 464 2587 suo
503 2544 685 2602 ingenio
731 2546 982 2597 concedere
1018 2561 1097 2604 po-

160 2603 167 2613 ”
197 2602 334 2702 gulo,
374 2617 487 2659 quae
518 2611 674 2661 postea
706 2611 802 2646 rata
825 2619 920 2646 non
950 2604 1095 2646 fuere.

251 2659 411 2717 enique
432 2669 683 2717 supererat,
714 2667 764 2704 ut
782 2659 965 2704 Tacitus
989 2675 1096 2704 cum

199 2715 295 2760 Liv.
317 2717 360 2769 4,
381 2715 451 2759 43.
483 2717 823 2762 conciliaretur.
884 2718 1000 2761 Nam
1023 2717 1098 2762 hic

201 2773 341 2819 tradit
373 2774 551 2833 plebem
585 2776 809 2827 voluisse,
841 2783 891 2818 ut
921 2784 1098 2834 praeter

200 2830 319 2876 duos
344 2833 545 2876 urbanos
577 2843 837 2890 quaestores
872 2833 961 2876 duo
990 2846 1097 2876 con·

200 2889 385 2933 salibus*
409 2889 464 2932 ad
495 2890 742 2933 ministeria
777 2890 881 2934 belli
919 2898 1096 2949 praesto

202 2955 374 2996 essent,
403 2947 530 3006 quasi
553 2956 810 3004 quaestores
829 2947 990 2991 urbani
1014 2945 1096 2988 mi-

200 3002 405 3049 litaribus
437 3004 612 3062 priores
642 3005 845 3048 fuissent.
925 3005 1097 3047 Verum

202 3060 369 3104 vidisse
391 3062 565 3105 videtur
582 3062 846 3115 Ernestius.
877 3060 953 3119 qui
983 3062 1097 3104 arbi-

201 3123 361 3173 tratur,
385 3119 498 3162 duos
522 3127 778 3177 quaestores
803 3135 992 3168 annuos,
1022 3118 1099 3176 qui

203 3173 409 3232 primum
450 3188 738 3229 crearentur,
782 3186 826 3221 et
858 3175 1097 3220 militarem

197 3237 253 3284 flet
272 3233 488 3276 urbanam
509 3250 604 3276 rem
627 3235 884 3292 promiscue
899 3249 1100 3285 curasse3

198 3287 361 3341 ·dein‚·
387 3304 493 3332 cum
528 3291 586 3332 ob
621 3301 839 3350 perpetua
880 3290 997 3335 bella
1012 3334 1020 3343 ᾗ
1034 3289 1101 3334 illi

201 3356 387 3405 semper
403 3342 618 3400 abessent,
644 3349 756 3392 duos
780 3349 968 3397 additos,
1000 3348 1101 3407 quis

206 3417 282 3447 res
319 3403 517 3447 urbanae
559 3413 733 3448 tantum
770 3406 994 3450 curandae
1030 3408 1101 3450 de·

211 3460 547 3504 mandarentur.
638 3462 695 3503 Et
747 3463 892 3507 Taciti

213 3518 510 3579 glzhcentibus
548 3521 745 3574 negotiis
777 3522 878 3564 satis
903 3522 1102 3565 indicant

944 3465 1078 3510 verba
1093 3480 1104 3507 ι

1165 1741 1358 1787 fuerant.

1223 1808 1269 1841 et
1288 1799 1532 1843 Aemilius.
1594 1798 1670 1844 Sic
1681 1798 1785 1843 MS.
1800 1798 1925 1844 Flor.
1945 1801 2062 1856 (test.

1166 1855 1287 1899 Vict.
1320 1865 1364 1899 et
1393 1856 1542 1912 Pich.)
1573 1884 1632 1893 —
1683 1865 1728 1900 et
1757 1855 1961 1901 Emitius
1988 1859 2062 1902 ed.

1165 1912 1285 1972 Spir.
1317 1937 1377 1946 —
1437 1915 1672 1958 Aemilius
1707 1915 1775 1958 vel
1806 1916 2062 1972 Aemyliusz

1166 1971 1334 2014 omisso
1358 1977 1404 2014 et
1414 2003 1429 2023 ,
1460 1971 1563 2015 MS.
1583 1969 1737 2016 Guelf.
1758 1968 1975 2016 edctPut.
1994 1972 2064 2018 M.

1165 2036 1209 2071 et
1238 2027 1295 2071 V.
1319 2028 1425 2072 Ber.
1451 2028 1555 2073 Alc.
1582 2027 1727 2073 Rhen.
1748 2035 1850 2088 sqq.
1912 2028 2062 2090 Copu-

1164 2085 1254 2129 lam
1274 2085 1474 2130 Pichena
1501 2086 1713 2130 restituit.
1954 2109 1957 2113 >
2018 2112 2021 2114 ψ

1223 2147 1521 2198 sexagesimo
1543 2145 1695 2188 tertia
1735 2142 1812 2188 Sic
1821 2143 1926 2189 MS.
1939 2145 1979 2190 F
1977 2145 2061 2191 lor.

1166 2201 1379 2260 expressis
1403 2201 1561 2245 litteris
1597 2203 1714 2256 (test.
1732 2200 1890 2259 Vict.).

1224 2274 1347 2301 mox
1374 2260 1636 2314 duplicatus
1659 2273 1903 2303 numerus.
1958 2257 2059 2308 Ijiv.

1167 2329 1191 2358 e
1227 2317 1275 2360 it.
1307 2317 1378 2360 15.

1196 2331 1333 2431 ppost
1351 2376 1513 2427 legem.
1573 2371 1652 2417 Sic
1673 2372 1776 2416 MS.
1791 2373 1916 2418 Flor.
1941 2374 2060 2429 (test.

1168 2430 1307 2487 Vict.)
1321 2431 1390 2474 ed.
1409 2429 1530 2487 Spir.
1557 2437 1668 2484 post
1679 2432 1782 2485 lege
1794 2431 1895 2474 MS.
1908 2430 2060 2478 Guelf.

1170 2488 1270 2532 edd.
1299 2487 1402 2531 Put.
1439 2488 1507 2532 M.
1540 2496 1583 2531 et
1609 2487 1667 2532 V.
1711 2487 1925 2535 Beroald.
1951 2489 2058 2534 Alc.

1169 2545 1314 2589 Rhen.
1340 2562 1439 2604 sqq.
1510 2545 1597 2588 Sed
1629 2546 1690 2588 nil
1720 2545 1931 2604 impedit,
1963 2561 2062 2605 quo

1169 2603 1318 2646 minus
1348 2603 1591 2669 mel-iorum
1616 2602 1840 2646 librorum
1871 2602 2062 2663 scriptu-

1168 2674 1595 2760 rassuffigczpmffitgso.
1611 2716 1735 2760 Flor.
1770 2716 1888 2773 (test.
1921 2716 2062 2777 Vict.)

1169 2774 1241 2818 ed.
1269 2775 1388 2831 Spir.
1426 2774 1629 2826 Samae,
1665 2775 1786 2831 quod
1810 2775 1928 2819 vict.
1963 2791 2064 2820 cor-

1167 2831 1272 2890 rigit
1286 2833 1462 2875 Sullae.
1506 2830 1566 2876 cf.
1583 2841 1682 2875 not.
1709 2831 1766 2874 ad
1790 2833 1829 2883 1,
1856 2833 1897 2876 1.
1949 2833 2063 2878 Edd.

1167 2889 1272 2932 Put.
1295 2889 1364 2931 M.
1390 2898 1434 2932 et
1453 2888 1513 2933 V.
1552 2889 1763 2933 Beroald.
1789 2888 1892 2934 Alc.
1914 2889 2060 2934 Rhen.

1169 2963 1268 3005 sqq.
1297 2962 1402 2990 cum
1428 2945 1581 2991 Guelf.
1611 2947 1787 3003 Syllae.
2044 2986 2045 2989 ,
2119 2997 2121 3001 .

1227 3007 1502 3060 supplendo.
1562 3004 1665 3049 MS.
1693 3003 1844 3047 Guetf.
1869 3007 2059 3060 supple—

1170 3070 1341 3105 mento.
2026 3088 2033 3093 -

1228 3120 1620 3174 reciperavissent.
1681 3119 1783 3162 MS.
1800 3117 1924 3164 Flor.
1946 3119 2061 3176 (test.

1172 3177 1307 3232 Vict.)
1334 3178 1751 3232 receperavissent..

1229 3234 1424 3278 Cana&
1465 3233 1520 3277 L.
1534 3235 1784 3290 Vipstano.
1830 3232 2062 3278 Exemen·

1173 3292 1262 3335 dat.
1295 3292 1482 3350 Ruperti
1522 3292 1569 3334 in
1606 3291 1731 3349 epist.
1763 3292 1836 3334 48.
1875 3291 1930 3334 ad
1960 3292 2062 3335 Rei·

1172 3349 1375 3400 nesium,
1408 3365 1546 3407 quam
1582 3348 1944 3393 emendationem
2004 3350 2061 3392 ri-

1173 3422 1275 3449 mus
1318 3406 1646 3450 commendavit
1686 3404 1908 3463 Ryckius,
1991 3406 2061 3450 ein

1176 3479 1332 3507 omnes
1365 3479 1575 3523 recepere
1599 3463 1803 3507 unanimi
1827 3479 2061 3516 consensu,

1174 3531 1226 3565 ut
1251 3524 1318 3570 14,
1347 3523 1411 3570 1..
1454 3523 1516 3565 ita
1548 3520 1621 3567 hic
1650 3529 1891 3580 praeeunte
1920 3521 2059 3566 Erne-
