2164 3990
268 196 393 254 462
957 190 1435 257 ADDENDA.

265 323 396 363 ηίαγη
421 320 552 363 Com.
574 316 633 361 11.
665 334 710 376 p.
733 316 799 366 3.,
830 318 905 360 ubi
930 319 1076 376 agitur
1099 317 1154 361 de
1181 313 1769 375 voeabutts'lngaevonum,
1808 324 2120 374 Istaevonum‚

265 377 610 421 Ilernn‘nonum
655 375 839 430 (Germ.
879 392 919 419 c.
953 377 1040 432 2).
1136 375 1285 418 Verba
1330 387 1454 421 sunt:
1507 380 1640 430 „Der
1675 381 1820 424 Name
1851 383 2123 427 Istaevones

264 436 440 479 kfimmt
466 433 512 476 in
540 433 833 490 Verbindung
861 434 942 475 mit
966 450 1149 492 campus
1175 434 1470 486 Idistam'sus,
1500 438 1647 480 worin
1673 439 1742 482 ich
1770 439 1898 482 keine
1922 441 2120 483 Deister·

261 493 398 538 wiese
426 490 552 534 mehr
580 491 722 541 finde,
762 491 961 533 sondern
993 492 1063 533 ein
1096 493 1417 535 eidstabisclzes
1441 494 1578 546 lveld,
1616 513 1689 537 wo
1723 497 1791 539 die
1817 497 1896 540 Eid
1931 514 2121 541 enossen

261 552 310 595 in
341 551 421 593 der
451 547 801 601 Naqhbarsehaft
834 548 911 590 der
942 548 1130 604 heiligen
1158 548 1297 591 Haine
1330 566 1384 591 an
1419 551 1505 592 den
1539 554 1868 608 gemeinsamen
1903 515 2115 599 t&riinzen

262 609 343 652 der
368 607 464 651 drei
485 606 728 650 deutschen
755 604 1093 662 Hauptst'amme
1123 607 1207 648 den
1233 606 1362 649 Bund
1393 607 1699 653 besehworen.
1763 613 1893 657 Denn
1921 613 1996 656 das
2016 613 2120 654 Eid-

291 665 432 709 ericht
467 664 597 716 h'eisst
635 662 718 708 auf
753 672 830 720 gut
863 663 1127 706 Altdeutscb
1163 664 1487 715 ldis-statvo,
1537 683 1705 711 wovon
1748 670 2000 713 ldistavisus
2041 670 2119 712 das

260 682 554 773 {diet-‘tivum
592 721 647 764 ist
661 754 680 772 ,,
713 720 808 763 und
845 721 921 763 das
957 720 1082 763 Dorf
1114 720 1285 770 Sume,
1324 723 1396 764 ein
1425 722 1595 766 Stunde
1627 727 1861 770 unterhalb
1893 729 2118 776 Hameln‚

259 786 378 840 tr‘agt
402 780 451 823 in
474 781 643 824 seinem
660 778 831 821 Namen
855 778 973 821 noch
998 778 1068 820 die
1093 777 1212 836 Spur
1240 781 1313 822 des
1341 780 1442 823 dort
1469 780 1729 837 gehaltenen
1752 783 2117 842 LandgerichtS.”

262 839 393 895 Quae
418 837 452 881 si
474 836 555 880 tibi
573 837 814 885 videantur
835 835 1120 887 verisimilia,
1151 838 1423 880 vocabulum
1449 840 1702 882 Idistaviso
1730 856 1824 884 non
1852 859 1936 899 pro
1962 842 2113 886 nomi-

256 897 412 941 nativo
444 894 627 937 habebis
654 906 759 937 cum
783 893 1036 938 Reichardo
1058 894 1105 937 in
1129 893 1284 938 libello
1311 895 1608 940 Germanien.
1666 896 1724 941 cf.
1750 898 1861 942 Hist.
1880 901 1923 952 2,
1943 901 2016 944 43.
2044 900 2121 942 cui

257 954 513 1009 cognomen
534 954 708 1006 rapaci.

402 1023 494 1066 ΑΝ.
525 1019 580 1071 H,
610 1020 681 1063 30.
760 1020 845 1063 uni
883 1021 1055 1064 libello.
1134 1021 1335 1064 Kritzius
1373 1020 1402 1065 l}
1434 1023 1461 1067 t.
1499 1023 1602 1067 'vult
1644 1039 1737 1066 uno
1778 1025 1960 1077 libello,
2013 1029 2115 1083 quia

257 1081 422 1132 nescit,
464 1078 584 1121 unde
619 1077 796 1122 dativus
825 1078 1020 1135 pendere
1055 1080 1221 1137 possit,
1265 1095 1405 1137 quum
1431 1084 1618 1124 additas
1639 1090 1808 1140 spectet
1830 1083 1884 1126 ad
1907 1086 2114 1129 nomini-

255 1144 355 1183 bus.
416 1136 504 1180 Sed
527 1136 778 1193 coniunge:
809 1144 1056 1178 accusator
1080 1139 1308 1191 arguebat
1335 1140 1418 1180 uni
1437 1141 1587 1180 libello
1613 1147 1796 1184 atroces
1820 1143 1896 1183 vel
1913 1146 2120 1187 occultas

255 1206 394 1243 notas
427 1195 528 1251 (int.
559 1200 680 1247 esse)
711 1196 982 1236 nominibus
1006 1195 1266 1237 Caesarum
1295 1203 1380 1237 aut
1412 1204 1687 1240 senatorum
1726 1201 1931 1242 additas.
2006 1199 2113 1244 Sex-

255 1254 426 1301 centies
448 1254 507 1295 ita
534 1251 723 1295 verbum
752 1251 1076 1297 substantivum
1110 1261 1159 1295 ut
1190 1253 1294 1310 ipsis
1329 1253 1562 1297 vocabulis
1593 1254 1823 1299 inhaerens
1862 1256 2114 1316 supplendo

252 1311 518 1369 intelligitur
549 1308 625 1364 (cf.
661 1319 756 1353 not.
791 1310 843 1352 ad
875 1311 958 1351 Αη.
989 1312 1024 1361 1,
1047 1310 1161 1366 35),
1202 1311 1482 1368 potissimum
1518 1311 1634 1354 iuxta
1667 1313 1858 1357 verbum
1890 1331 2114 1370 arguere.

252 1370 312 1415 cf.
339 1371 423 1412 An.
449 1369 492 1420 2,
515 1367 760 1423 66.·quem
794 1367 882 1410 sibi
913 1368 1148 1423 infensum
1180 1373 1422 1422 arguebat.
1480 1368 1638 1427 Virgil.
1667 1371 1783 1414 Aen.
1804 1369 1845 1423 4,
1877 1372 1941 1417 13.
1973 1377 2111 1428 dege-

251 1442 391 1471 neres
414 1427 602 1469 animos
626 1427 772 1467 timor
797 1427 976 1480 arguit.

398 1512 484 1554 Ax.
509 1509 562 1560 ΙΙ,
588 1510 655 1552 57.
722 1510 1119 1566 discesseruntque
1147 1511 1324 1562 *apertis
1354 1510 1483 1554 odiis.
1553 1509 1742 1553 Rothius
1770 1512 1817 1555 in
1846 1513 2111 1560 Gramma-

249 1573 346 1615 ticis
372 1569 731 1628 Quaestionibus
757 1584 781 1608 e
810 1568 857 1611 C.
887 1569 1104 1610 Cornelio
1128 1569 1285 1610 Tacito
1307 1569 1513 1617 repetitis
1547 1568 1625 1622 (cf.
1651 1570 1803 1611 Neues
1829 1573 1998 1614 Archiv
2018 1573 2112 1628 fiir

250 1630 416 1674 Philol.
442 1643 489 1669 u.
512 1625 694 1678 Padag.
733 1625 850 1668 2830.
884 1626 963 1669 Nr.
991 1626 1033 1669 3.
1060 1627 1126 1683 4.)
1161 1627 1214 1668 de
1249 1626 1334 1667 boc
1372 1628 1470 1668 loco
1495 1626 1676 1669 set-ibit:
1722 1627 2004 1686 „Egregium
2033 1639 2113 1681 est,

252 1686 378 1746 quod
405 1685 436 1728 l.
457 1685 533 1727 Fr.
562 1683 827 1727 Gronovius
853 1700 939 1740 pro
963 1688 1142 1738 apertis
1165 1683 1351 1726 disserit.
1414 1682 1532 1725 Odia
1558 1693 1662 1727 sunt
1687 1701 1753 1728 res
1778 1685 1931 1728 odium
1960 1687 2111 1732 incen-

251 1748 432 1792 dentes,
471 1741 564 1784 sive
597 1758 691 1788 res,
733 1741 787 1784 de
825 1742 988 1799 quibus
1022 1759 1124 1784 cum
1157 1742 1407 1784 irritatione
1434 1741 1625 1797 quadam
1657 1742 1793 1786 animi
1826 1743 2111 1797 dissentitur3

250 1803 373 1862 quod
398 1801 515 1843 idem
542 1801 596 1842 de
620 1800 944 1853 offensionibus
969 1800 1024 1847 tl,
1047 1800 1117 1842 42.
1139 1800 1378 1842 dicendum
1407 1807 1486 1840 est.
1547 1799 1640 1841 Hae
1674 1809 1822 1843 autem
1858 1817 1952 1850 res,
1981 1812 2106 1860 post-

251 1876 384 1919 quam
411 1859 464 1901 de
487 1858 538 1899 iis
564 1858 629 1915 agi
658 1859 775 1899 iuter
800 1856 1123 1900 Germanicum
1156 1867 1196 1899 et
1224 1857 1433 1899 Pisonem
1468 1866 1676 1913 coeptum
1711 1869 1828 1907 erat,
1866 1867 1910 1901 et
1939 1877 2105 1905 recon-

250 1918 391 1963 ciliari
426 1915 695 1972 nequibant,
737 1923 934 1967 apertae
968 1925 1121 1963 erant,
1165 1915 1341 1968 operiri
1374 1930 1467 1955 uon
1497 1922 1719 1971 poterant.
1786 1916 1975 1961 Sensus:
2015 1936 2109 1963 non

246 1976 368 2020 aliud
391 1973 648 2032 profectum
676 1980 740 2014 est
761 1989 966 2015 sermone
990 1973 1247 2015 Germanici
1271 1981 1311 2014 et
1334 1971 1536 2020 Pisonis,
1569 1988 1700 2030 quam
1727 1983 1772 2015 ut
1801 1990 1850 2016 ea
1874 1976 2108 2032 aperiren-

249 2045 346 2080 tur,
383 2046 498 2090 quae
529 2029 715 2071 alterum
748 2029 873 2072 alteri
911 2030 1150 2072 inimicum
1185 2030 1495 2072 reddi-bantst'
1569 2032 1630 2074 At
1659 2030 1743 2072 nisi
1777 2031 1931 2084 fallor,
1972 2035 2109 2078 totius

246 2091 332 2135 loct
357 2096 589 2132 contextus
607 2087 784 2134 suadet,
816 2096 864 2128 ut
887 2086 1213 2143 intelligamus,
1246 2103 1336 2128 nou
1364 2086 1524 2141 quibus
1549 2087 1698 2135 factis,
1731 2089 1806 2131 sed
1832 2090 1992 2145 quibus
2014 2093 2106 2135 ani·

245 2150 329 2192 mis
353 2144 653 2190 Germanicus
675 2151 716 2185 et
738 2144 844 2186 Piso
867 2145 1177 2194 discesserint,
1212 2142 1428 2185 nimirum
1459 2147 1632 2198 apertis
1662 2147 1802 2194 odiis,
1842 2147 1884 2190 h.
1908 2164 1947 2189 e.
1975 2149 2032 2191 ita
2059 2159 2106 2192 ut

233 2204 408 2251 'dehinc
440 2202 587 2261 palam
620 2209 732 2244 esset.
765 2201 1000 2244 dissidium
1028 2203 1146 2244 inter
1173 2210 1412 2256 utrumque
1439 2202 1584 2243 virum
1614 2209 1657 2242 et
1681 2202 1867 2259 abrupta
1895 2205 2103 2248 dissimu-

243 2264 349 2308 latio
374 2261 602 2305 odiorum.
664 2258 892 2301 Numerus
917 2258 1102 2315 pluralis
1134 2259 1181 2300 in
1206 2258 1325 2299 odiis
1359 2272 1411 2298 eo
1444 2266 1639 2314 spectat,
1671 2260 1791 2313 quod
1827 2260 1985 2304 odium
2019 2263 2104 2307 suit

243 2325 298 2367 ab
331 2329 518 2377 utraque
551 2326 698 2375 parte,
731 2314 992 2360 Germanici
1030 2316 1246 2359 adversus
1276 2314 1513 2366 Pisonem,
1543 2315 1719 2358 Pisonis
1752 2317 1966 2362 adversus
1996 2319 2104 2364 Ger-

244 2378 492 2424 manicum.

390 2463 474 2504 AN.
501 2459 579 2507 111,
602 2460 673 2503 55.
732 2460 937 2502 remissa
970 2457 1198 2499 aedilibus
1234 2458 1344 2499 talis
1373 2472 1506 2501 cura.
1574 2457 2103 2514 Baumgarten-Crusius

241 2520 297 2564 ad
329 2518 518 2562 sueton.
544 2517 645 2561 Tib.
674 2534 715 2561 c.
743 2517 814 2560 34.
844 2515 983 2559 Taciti
1018 2515 1172 2558 locum
1207 2515 1264 2557 ita
1299 2516 1504 2574 explicat:
1545 2517 1639 2566 „ab
1675 2516 1979 2569 imperatore,
2028 2521 2101 2563 cui

222 2577 482 2632 'imponere
515 2591 623 2618 eam
657 2590 825 2618 curam
855 2576 1073 2615 voluerat
1106 2582 1323 2620 senatus,
1368 2577 1435 2614 aa!
1463 2573 1771 2626 magistratus
1790 2576 1954 2618 reiecta
1977 2585 2062 2622 est.
2077 2578 2103 2596 '’

243 2636 328 2681 Cui
358 2633 714 2692 interpretationi
738 2633 916 2675 obstant
938 2630 1092 2688 plura:
1125 2632 1325 2688 primum
1359 2631 1478 2688 quod
1512 2630 1558 2671 in
1583 2629 1725 2673 Taciti
1759 2641 1971 2676 contextu
2002 2651 2100 2678 ver-

242 2696 352 2737 bum
375 2694 579 2734 remissa
604 2690 792 2749 ponitur
818 2698 919 2733 ante
944 2690 1188 2737 aedilibus,
1219 2705 1309 2746 quo
1342 2696 1459 2746 patet
1492 2687 1578 2730 vim
1617 2688 1831 2731 orationis
1864 2692 2022 2734 cadere
2051 2693 2097 2735 in

240 2753 443 2795 remissa
474 2749 610 2807 idque
638 2748 923 2807 potissimum
956 2747 1067 2797 dici,
1118 2748 1240 2803 quod
1274 2746 1371 2788 talis
1403 2761 1509 2788 cura
1551 2745 1766 2788 aedilibus
1797 2748 1996 2790 remissa
2027 2750 2100 2793 sit.

243 2810 279 2852 E
315 2808 399 2851 viri
434 2807 679 2851 doctissimi
706 2805 1073 2863 interpretatione
1109 2805 1246 2848 verba
1285 2803 1547 2846 collocanda
1579 2811 1704 2846 erant
1735 2802 1780 2845 in
1814 2803 1936 2847 hunc
1970 2806 2097 2848 ordi-

243 2881 370 2910 nem:
413 2865 645 2907 aedilibus
680 2865 792 2905 talis
825 2877 935 2904 cura
967 2863 1185 2905 remissa.
1253 2861 1370 2904 Tum
1406 2875 1515 2917 quae
1548 2869 1824 2916 sequuntur:
1871 2865 2102 2919 luxusque

239 2939 434 2968 mensae
456 2930 542 2966 etc.
575 2932 768 2979 arguunt
792 2923 1069 2971 renn'ssam,
1120 2923 1430 2961 condonatam
1455 2917 1601 2975 potius
1627 2918 1750 2961 illam
1775 2935 1929 2962 curam
1964 2936 2099 2978 quam

243 2982 510 3027 iniunctam.

390 3066 476 3109 AN.
500 3063 664 3115 lV,12.
725 3071 776 3104 ut
812 3063 1064 3116 superbam
1084 3060 1400 3117 fecunditate.
1461 3059 1759 3103 Doctissimus
1783 3058 1975 3104 Rothius
2006 3062 2036 3105 1.
2070 3063 2098 3107 Ι.

239 3123 438 3171 defendit
467 3131 672 3165 veterum
705 3120 926 3163 librorum
959 3120 1253 3176 scripturam·
1314 3126 1362 3159 ut
1394 3118 1663 3167 superbiam
1691 3118 1982 3172 fecunditate
2013 3130 2098 3165 etc.

239 3184 414 3227 Vocem
448 3180 715 3234 superbiam
751 3177 911 3234 accipit
949 3177 1253 3233 metonymice
1287 3176 1476 3225 dictam,
1516 3174 1675 3219 vitium
1709 3190 1792 3232 pro
1825 3174 2008 3219 homine
2041 3194 2095 3221 eo

240 3238 461 3299 praedito.
535 3236 594 3281 cf.
619 3235 708 3279 An.
734 3236 776 3286 4,
805 3235 871 3277 17.
910 3236 1111 3290 aequari
1140 3237 1455 3276 adolescentes
1486 3240 1696 3276 senectae
1727 3248 1883 3283 meae;
1930 3232 1996 3281 13,
2021 3234 2094 3278 44.

238 3305 424 3342 senecta
447 3295 618 3350 patris.
690 3293 803 3335 I-list.
838 3294 966 3344 1,17.
997 3293 1180 3342 publica
1213 3294 1514 3344 exspectatio.
1590 3291 1933 3346 Interpretatur:
1976 3294 2094 3340 „ihr

241 3357 367 3400 Stnlz
382 3385 394 3402 ,
444 3354 660 3407 pochend
690 3351 784 3405 auf
801 3352 934 3392 ihren
968 3350 1439 3399 Kinderreiclctlmm,
1488 3353 1673 3399 ‹lrr'inge
1705 3347 1806 3388 sicli
1839 3351 1987 3391 durch
2019 3351 2093 3392 die

242 3414 292 3455 V
288 3413 530 3465 olksgunst
553 3422 637 3450 zur
661 3407 1123 3462 Alleinherrschast.’‘
1184 3405 1358 3462 Quodsi
1383 3406 1610 3449 veteribus
1634 3404 1758 3446 libris
1781 3406 2091 3461 auctoritatem

240 3486 367 3514 suam
404 3466 586 3510 retineri
616 3465 792 3523 cupias,
831 3466 1037 3508 lubenter
1065 3464 1253 3521 accipies
1276 3463 1355 3506 viri
1378 3463 1620 3506 doctissimi
1648 3461 2092 3507 commentationem.

238 3527 397 3586 Neque
418 3534 570 3570 tamen
592 3523 775 3581 negabis
801 3522 1045 3581 elegantem
1066 3537 1159 3565 esse
1183 3520 1350 3564 Mureti
1377 3519 1752 3564 emendationem.
