2164 3990
184 279 414 363 233³&
645 278 821 340 LIB.
854 276 993 340 XII.
1071 275 1269 340 CAP.
1304 277 1407 341 49.
1837 285 1955 344 121

265 405 484 472 XLIX.
552 405 700 467 Erat
753 406 1159 484 Cappadociae
1211 418 1563 485 procurator
1615 405 1802 467 Iulius
1843 409 1960 469 Pe·-

99 485 322 577 lignus,
363 495 563 573 ignavi
591 493 777 551 animi
810 505 867 550 et
902 494 1229 551 deridiculo
1270 493 1533 568 corporis
1570 493 1732 552 iuxta
1763 496 1963 572 despi-

101 585 371 654 ciendm,
415 581 518 638 sed
537 575 791 638 Claudio
827 598 1114 655 perquam
1145 578 1451 636 familiaris
1466 623 1482 648 ‚
1528 599 1663 635 cum
1695 580 1961 654 privatus

100 672 247 729 olim
297 665 742 726 conversatione
796 682 1134 721 scurrarum
1176 665 1336 720 iners
1379 664 1570 720 otium
1622 664 1960 727 oblectaret.

101 758 154 814 is
176 753 456 827 Pelignus
479 750 713 807 auxiliis
739 748 1201 825 provincialium
1225 749 1536 809 contractis
1556 761 1839 825 tanquam
1864 771 1962 807 re-

21 857 25 866 '
102 841 462 916 ciperaturus
496 831 875 904 Armeniam,
927 834 1074 890 dum
1110 834 1295 890 socios
1328 834 1511 907 magis
1550 853 1730 910 quam
1763 830 1961 892 hostes

28 983 33 1000 ,
99 925 444 1003 praedatur,
501 922 771 978 abscessu
812 939 1057 975 suorum
1105 929 1163 975 et
1206 918 1644 976 incursantibus
1692 919 1962 978 barbaris

100 1009 380 1087 praesidii
428 1026 600 1082 egens
646 1007 721 1061 ad
751 1000 1212 1073 Rhadamistum
1250 1005 1440 1061 venit:
1509 1004 1799 1082 donisque
1835 1006 1962 1063 eius

103 1095 324 1169 evictus
346 1093 504 1149 ultro
533 1091 761 1165 regium
785 1089 1018 1163 insigne
1045 1109 1273 1145 sumere
1301 1085 1642 1167 cohortatur
1674 1092 1963 1148 sumenti-

106 1201 219 1259 que
248 1180 412 1236 adest
434 1189 637 1233 auctor
660 1187 716 1232 et
740 1175 986 1234 satelles,
1066 1173 1248 1247 Quod
1269 1175 1376 1230 ubi
1401 1175 1561 1251 turpi
1583 1176 1739 1232 fama
1763 1177 1964 1234 divul-

105 1276 330 1340 gatum,
372 1283 448 1318 ne
471 1261 647 1320 ceteri
673 1280 906 1337 quoque
932 1279 999 1315 ex
1019 1257 1265 1334 Peligno
1291 1260 1786 1332 coniectarentur,
1812 1259 1964 1332 Hel-

103 1349 301 1406 vidius
336 1345 571 1404 Priscus
607 1346 832 1420 legatus
866 1366 1000 1402 cum
1032 1346 1263 1419 legione
1299 1345 1582 1417 mittitur,
1624 1346 1801 1404 rebus
1834 1357 1964 1405 tur-

103 1593 253 1640 adsert
294 1594 466 1639 ‘variam
505 1593 775 1651 scripturam
811 1593 998 1643 iuberet,
1070 1591 1188 1634 tiunt
1208 1589 1345 1635 MSS.
1362 1589 1484 1634 Harl.
1509 1588 1642 1633 Bodl.
1665 1591 1749 1634 les.
1809 1589 1964 1636 Victo·

108 1669 245 1712 quam
263 1650 494 1695 Victorius
519 1666 614 1693 non
635 1649 853 1709 agnoscit.
1069 1649 1163 1692 rius
1198 1648 1468 1707 scripturam
1497 1647 1710 1692 Beroald.
1745 1649 1966 1694 intactam

1069 1704 1274 1763 reliquit,
1319 1706 1440 1747 unde
1469 1703 1622 1762 colligi
1653 1715 1802 1763 potest
1830 1722 1964 1754 voca-

107 1811 142 1855 S
174 1811 233 1854 ir.
260 1809 361 1853 Alc.
394 1807 535 1852 Rben.
556 1823 655 1866 sqq.
724 1810 783 1850 de
807 1807 1002 1850 ridiculo
1070 1762 1966 1878 ἒζὲἑῃρξζέυεαοιὲἓῑὶιῖῃψδῂιιῑῖιιὲΐίὶέιῗῐζ

162 1866 211 1910 S.
234 1866 383 1911 Guelf.
415 1866 517 1909 edd.
543 1866 645 1910 Put.
671 1866 738 1908 M.
766 1872 808 1907 et
831 1863 887 1907 V.
920 1864 1002 1907 Be·
1073 1878 1229 1922 locum
1269 1877 1529 1934 nuperrime
1556 1875 1747 1919 Rothius
1789 1879 1966 1934 (Neues

109 1925 256 1969 roald.
1070 1935 1242 1978 Archiv
1269 1933 1316 1990 f.
1342 1932 1507 1976 philol.
1541 1948 1587 1975 u.
1615 1933 1802 1987 Padag.
1836 1934 1964 1979 1830.

163 2026 501 2081 despiciendus·
583 2023 659 2066 Sic
692 2020 829 2066 MSS·
866 2021 982 2068 Flor
1071 2008 1144 2059 nr.
1165 1990 1193 2035 3
1219 2006 1266 2034 u.
1288 1990 1358 2041 4.)
1383 1990 1431 2034 in
1453 1989 1813 2058 disquisitionem
1836 2008 1966 2061 *soca-

108 2080 227 2138 (test.
256 2082 377 2127 vict·
411 2099 452 2126 c·
485 2080 562 2135 3¹.)
597 2080 710 2124 Bud·
743 2080 854 2138 Reg·
886 2056 1001 2140 Agr:
1071 2059 1157 2095 vlt.
1182 2123 1194 2134 θ
1233 2047 1272 2091 Is
1307 2047 1739 2148 defendittveteliem
1774 2059 1966 2108 scrlptu-

107 2139 210 2183 edd.
244 2139 366 2198 Spir.
394 2139 600 2183 Rhenan.
631 2154 682 2195 sq
716 2168 726 2180 .
816 2140 1000 2193 conspi-
1071 2120 1510 2206 rassi'ng‘xss'tgta
1532 2120 1602 2206 αἱ
1619 2121 1967 2206 onl'l'l'affnvqr‘:

108 2194 674 2240 otendusMssAEarlsso
711 2194 1001 2240 1.1es.oue1f.
1073 2180 1128 2208 ⁸⁰
1151 2180 1192 2206 ¹⁰
1498 2196 1512 2215 ²
1541 2179 1569 2222 (ἱ
1605 2180 1627 2207 ³
1667 2179 1695 2221 ‘1
1824 2181 1877 2208 00
1900 2181 1948 2207 ¹¹1

109 2254 210 2298 ..u
232 2254 334 2300 pu..
355 2255 424 2300 M.
448 2262 491 2298 e.
516 2253 568 2296 v.
595 2253 804 2298 1301-021d.
826 2252 932 2298 A10.
1068 2220 1968 2336 gkffigagssssgffffflgggg,535532235555

166 2354 272 2381 oum
287 2340 502 2394 privatus
518 2339 631 2379 olim
645 2338 1004 2380 conversatione
1073 2338 1197 2380 satio
1228 2335 1276 2378 in
1300 2351 1430 2378 num.
1454 2334 1520 2378 sin
1557 2367 1567 2377 .
1591 2335 1755 2394 legitur
1776 2336 1823 2379 in
1845 2335 1969 2380 Dial.

108 2409 385 2438 scurrarum
411 2397 533 2438 iners
563 2396 710 2437 otium
735 2396 1003 2438 oblectaret.
1074 2394 1130 2437 de
1144 2393 1292 2437 Oratt.
1318 2408 1357 2436 c.
1375 2394 1419 2437 9.
1479 2393 1535 2436 Ni
1573 2392 1710 2451 igitur
1730 2392 1871 2452 inepti
1893 2393 1970 2437 ha·
2020 2393 2021 2396 '

111 2452 175 2496 Ex
214 2453 528 2495 emendatione
557 2452 716 2509 Lipsii,
757 2467 870 2509 quae
904 2451 1004 2494 niti·
1074 2451 1184 2494 bent
1215 2451 1620 2498 conversationes,
1661 2458 1710 2492 ut
1744 2449 1970 2508 intelligas

111 2518 186 2553 tur
211 2509 314 2554 loco
339 2509 527 2552 sueton.
548 2509 709 2552 Claud.
735 2525 773 2552 c.
788 2508 828 2551 5.
880 2507 1003 2552 vett.
1077 2525 1175 2559 eos,
1233 2508 1502 2565 quibuscum
1547 2506 1764 2550 Claudius
1812 2507 1970 2552 confa-

109 2566 213 2612 libri
236 2565 362 2611 valde
383 2566 571 2611 variant.
586 2565 859 2609 MSS.F10r.
879 2566 1007 2620 (test.
1076 2564 1324 2607 bularetur.
1397 2563 1532 2607 Roth.
1566 2581 1615 2606 ex
1646 2564 1718 2607 ed.
1748 2565 1855 2610 Ber.
1889 2564 1971 2608 ad-

110 2623 326 2681 Pichena)
348 2632 391 2666 et
403 2623 516 2682 Reg.
538 2640 640 2666 cum
658 2626 876 2678 priuatus
892 2625 1003 2665 olim
1078 2622 1166 2665 fert
1195 2622 1438 2675 priuatus5
1476 2621 1556 2666 sed
1583 2619 1645 2665 ibi
1676 2619 1840 2680 legitur
1862 2622 1968 2679 pri.

112 2681 486 2724 conversationes
501 2687 697 2733 curaret,
719 2682 844 2723 iners
856 2680 1005 2724 otium
1078 2686 1233 2724 votas.

114 2741 368 2781 oblectaret
414 2738 479 2782 Re
515 2770 527 2782 .
551 2739 839 2792 obiectat-et).
900 2738 1003 2780 MS.

113 2796 228 2853 Agr.
261 2797 376 2851 (test.
442 2754 594 2854 yfkio)
635 2798 749 2852 quin
779 2795 1006 2852 priuatus
1137 2794 1174 2837 1‘s
1194 2793 1424 2848 Ρεὶιζςηιιε.
1481 2791 1626 2837 Nimis
1648 2792 1805 2838 sedulo
1825 2793 1973 2840 Ober-

114 2854 227 2897 olim
258 2854 530 2896 comesaties
559 2857 645 2910 (m.
671 2869 762 2897 sec.
787 2866 1006 2896 comesa-
1078 2851 1226 2896 linum
1280 2850 1492 2894 delevisse
1555 2851 1829 2896 vocabulum
1876 2853 1975 2897 Pe-

115 2913 263 2968 tium)
290 2924 436 2954 curas
464 2917 511 2952 et
543 2913 670 2955 iners
703 2913 848 2952 otium
878 2910 1005 2952 obie-
1078 2911 1232 2963 lignus
1266 2923 1444 2951 censeo.
1507 2907 1683 2952 Habent
1708 2909 1830 2953 enim
1862 2920 1973 2958 vett.

117 2975 277 3011 staret.
319 2966 530 3011 Heinsius
550 2968 654 3010 inde
678 2967 1010 3011 adfertcomes-
1080 2966 1183 3010 libri
1215 2981 1396 3017 omneS,
1459 2980 1545 3009 nec
1585 2964 1774 3011 frustra.
1853 2967 1972 3014 Nam

116 3026 369 3069 sationum.
438 3023 523 3068 Ed.
561 3025 683 3083 spir.
717 3040 822 3066 cum
848 3026 1010 3079 priva·
1080 3033 1238 3068 auctor
1268 3022 1315 3066 in
1345 3022 1718 3080 praecedentibus
1761 3040 1857 3068 non
1901 3043 1973 3070 so-

119 3083 180 3125 tis
219 3084 335 3124 olim
373 3083 755 3125 conversationes
793 3089 1013 3125 curaret.-
1082 3081 1176 3124 lum
1199 3080 1253 3122 de
1269 3080 1484 3138 Peligno,
1514 3080 1588 3122 sed
1612 3081 1745 3123 etiam
1771 3081 1824 3124 de
1841 3081 1972 3127 Clau-

120 3141 247 3182 iners
280 3141 429 3182 ocium
463 3140 731 3185 obiectat-et.
805 3139 1009 3183 Eandem
1083 3138 1161 3181 dio
1195 3146 1238 3179 et
1272 3138 1325 3180 de
1357 3137 1446 3180 hoc
1477 3145 1755 3195 postremum
1789 3138 1971 3187 dixerat.

119 3197 388 3255 scripturam
409 3196 584 3253 Lipsius
609 3211 632 3238 e
654 3204 759 3240 vett.
785 3195 911 3240 libris
935 3196 1010 3240 ad·
1085 3195 1240 3251 Quare
1290 3196 1393 3239 satis
1441 3203 1540 3253 apte
1581 3209 1661 3252 per
1694 3195 1750 3239 it=
1802 3196 1845 3240 is
1882 3198 1972 3242 Pe-

119 3252 233 3306 fert,
282 3253 367 3296 nisi
402 3253 525 3311 quod
555 3254 603 3296 in
632 3254 737 3296 MS.
759 3252 906 3298 Vatie.
944 3254 1012 3297 in·
1081 3255 1249 3308 lignus.
1311 3253 1370 3295 cf.
1397 3261 1493 3295 not.
1517 3252 1572 3295 ad
1595 3250 1638 3301 4,
1687 3255 1729 3296 0.

122 3311 241 3354 venit
269 3313 550 3354 cursationes
608 3327 662 3353 ro
694 3311 1009 3354 conversatio-

121 3380 220 3411 nes.
298 3367 399 3411 MS.
438 3365 553 3411 Guel
578 3399 588 3410 .
627 3382 767 3423 quom
793 3367 1013 3422 privatas
1143 3367 1339 3422 insigne.
1399 3365 1503 3410 MS.
1526 3363 1676 3411 Guelf.
1701 3369 1971 3424 insignium.

125 3425 235 3466 olim
262 3427 636 3467 conversationes
663 3433 855 3467 curaret
883 3426 1014 3468 iners
1084 3424 1213 3468 Idem
1235 3440 1338 3466 mox
1360 3439 1419 3467 ne
1442 3422 1638 3467 caeteris
1666 3440 1753 3482 que
1780 3443 1804 3469 a
1828 3429 1974 3486 prima

126 3480 273 3523 otium
298 3482 561 3524 oblectaret.
620 3480 678 3524 Et
700 3481 766 3525 sic
785 3481 883 3526 MS.
898 3482 1013 3526 Bud.
1086 3497 1250 3524 manu:
1281 3482 1479 3524 secunda
1507 3497 1664 3526 manus
1691 3499 1715 3525 e
1748 3499 1832 3539 que
1862 3485 1974 3531 fecit

127 3535 227 3581 edd.
252 3536 354 3581 Put.
375 3538 443 3581 Μ.
471 3547 514 3581 et
536 3539 654 3582 Ven.
677 3539 887 3583 Beroald.
911 3539 1015 3583 Alc.
1086 3552 1284 3594 quoque.
1361 3538 1486 3584 Idem
1522 3539 1689 3584 omittit
1728 3557 1833 3586 cum
1869 3552 1974 3590 ante

125 3592 270 3638 Rhen.
295 3610 394 3654 sqq.
462 3596 515 3641 In
544 3598 792 3641 oblectaret
823 3612 1014 3642 consen·
1086 3597 1276 3651 legione.

165 1753 277 1799 CAP.
309 1752 381 1795 49.
447 1752 718 1793 deridiculo.
789 1748 866 1793 Sic
899 1748 999 1794 edd.
