2164 3990
215 209 341 283 252}

846 224 849 227 ⁴
894 200 1396 272 ANNALIUM

1772 187 2025 292 agea

216 359 463 400 occursu
484 333 959 398 ‘lenunculorum
993 337 1322 399 Lucrinum
1350 342 1430 399 *in
1465 342 1660 402 lacum
1696 354 1862 404 vecta
1897 345 2074 405 villae

219 447 356 487 suae
380 426 648 485 infertur.

386 510 490 571 VI.
534 510 666 568 Illic
693 520 973 585 reputans
995 509 1127 568 ideo
1153 529 1213 566 se
1238 512 1546 572 fallacibus
1581 514 1794 573 litteris
1826 516 2074 574 accitam

221 610 277 656 et
311 593 540 655 honore
568 596 884 672 praecipuo
911 590 1209 665 habitam³‚
1267 601 1543 676 quodque
1581 601 1723 658 litus
1758 602 1920 658 iuxta
1949 622 2075 660 non

215 685 408 743 ventis
430 694 571 752 acta,
597 701 721 738 non
745 680 894 736 saxis
916 680 1171 756 impulsa
1195 683 1363 739 navis
1389 704 1617 743 summa
1641 686 1732 743 sui
1754 699 1920 762 parte
1942 687 2072 743 vel·-

218 771 309 828 uti
372 779 643 826 terrestre
696 761 1243 824 ¹machinamentum
1302 770 1678 841 concidisset,
1753 773 2075 833 observans

216 856 392 913 etiam
416 850 775 912 Acerroniae
812 871 1049 921 necem,
1096 852 1274 909 simul
1307 873 1484 911 suum
1513 857 1735 914 vulnus
1759 856 2074 933 aspiciens:

215 942 409 999 solum
435 938 787 1016 ,insidiarum
809 937 1138 994 remedium
1161 957 1309 1008 esse,
1352 938 1403 995 si
1425 959 1551 996 non
1574 941 2072 1016 intelligerentur:
2124 935 2126 937 ¹

213 1026 489 1105 misitque
516 1022 800 1080 libertum
813 1017 1174 1096 Agerinum,
1198 1024 1301 1100 qui
1326 1025 1629 1084 nuntiaret
1651 1026 1774 1084 filio
1799 1027 2075 1102 benigni-

272 1243 641 1287 lenunculorum.
710 1239 787 1284 Sic
817 1239 951 1284 MSS.
981 1240 1107 1283 Flor.

213 1299 497 1360 (semcollat.
526 1300 557 1341 Ι.
584 1297 813 1351 Gronov.)
845 1297 953 1355 Reg.
976 1297 1107 1344 Harl.

212 1361 295 1405 les.
318 1357 470 1402 Guelf.
496 1356 610 1400 Eud.
650 1356 735 1414 (pr.
757 1358 834 1411 ni.)
860 1356 961 1398 edd.
988 1355 1107 1414 Spir.

211 1420 315 1462 Put.
339 1416 405 1461 M.
426 1424 469 1458 et
490 1414 541 1458 N.
568 1413 776 1457 Beroald.
803 1414 856 1468 (c.
888 1412 1107 1471 sil.N'iet.)

212 1476 313 1520 Alc.
350 1483 393 1517 et
423 1470 568 1532 Ryck.
604 1488 701 1531 sqq.
739 1495 798 1503 --
865 1470 1107 1514 Rhenanus

213 1539 258 1589 (e
285 1531 389 1575 MS.
414 1529 531 1573 Bud.
554 1546 644 1573 see.
671 1546 732 1573 m.
753 1528 908 1585 credo)
941 1544 1107 1585 posue-

212 1601 282 1635 rat
327 1591 750 1636 lembunculorum,
799 1586 919 1638 quod
954 1585 1105 1629 locum

213 1647 410 1693 obtinuit
437 1661 577 1700 usque
601 1645 653 1688 ad
678 1643 927 1702 Ryckiuui,
972 1651 1015 1686 et
1046 1642 1105 1686 ita

212 1706 341 1750 estin
363 1702 753 1757 cod.MS.Bodl.,
784 1702 859 1761 qui
883 1710 1034 1744 tamen
1059 1701 1105 1743 in

211 1763 412 1822 margine
434 1761 567 1804 habet
591 1764 962 1803 lenunculorum.
1007 1759 1109 1802 MS.

211 1826 322 1879 Agr.
345 1821 750 1863 remunculorum.
800 1817 1013 1860 Eiusdem
1035 1832 1110 1861 va·

210 1879 377 1925 rietatis
405 1878 600 1934 exempla
632 1876 749 1932 apud
786 1875 898 1919 alios
929 1890 1109 1933 quoque

212 1953 305 1980 esse
327 1935 481 1979 docuit
501 1934 732 1978 Ernestius
753 1934 806 1977 ad
830 1939 873 1977 h.
897 1931 928 1976 l.

268 2000 400 2036 vecta
433 1995 571 2034 villae
604 1991 719 2034 suae
754 1991 969 2044 infertur.
1032 1988 1109 2032 Sic

210 2050 348 2095 MSS.
394 2050 520 2093 Flor.
566 2049 682 2103 (test.
720 2048 838 2092 Vict.
883 2063 921 2091 c.
962 2046 1109 2102 Pich.)

210 2109 322 2167 Reg.
355 2107 494 2153 Corb.
535 2105 637 2149 edd.
669 2104 790 2163 Spir.
826 2103 969 2149 Rhen.
1003 2103 1108 2146 Ald.

210 2166 396 2211 Pichen.
427 2180 526 2222 sqq.
571 2188 626 2197 --
694 2170 890 2205 vectam.
953 2162 1109 2204 Villae

207 2239 324 2268 suae
355 2222 563 2278 inserunt
606 2221 708 2264 edd.
743 2220 846 2265 Put.
877 2219 947 2263 Μ.
981 2227 1024 2262 et
1054 2217 1111 2263 V.

209 2280 418 2325 Beroald.
443 2279 546 2324 Alc.
571 2278 690 2336 Lips.
717 2277 929 2325 Gruter„
961 2276 1023 2320 uti
1047 2283 1112 2319 est

207 2341 253 2384 in
306 2338 440 2382 MSS.
484 2337 614 2380 Bodt.
660 2336 743 2379 Ies-
790 2334 942 2380 Guelf.
989 2333 1108 2376 Bud.

208 2397 313 2450 Non
347 2395 504 2439 tacebo
535 2392 792 2437 victorium
828 2394 875 2438 in
912 2392 981 2436 ed.
1003 2391 1109 2434 Ber.

209 2462 394 2498 vectam
419 2452 638 2495 intactum
662 2450 896 2508 reliquisse
913 2484 926 2501 ,
968 2464 1110 2507 quum

210 2511 460 2612 cogigerth
485 2510 690 2608 inser-tuln
713 2524 798 2567 pro
811 2508 1092 2608 [liifemmli'd

308 2580 382 2612 ΑΡ.
464 2599 477 2611 .
547 2582 760 2610 ιιιοιαε
831 2581 943 2609 tus.
1041 2596 1107 2607 a.

206 2627 325 2686 Spir.
348 2629 470 2683 quod
488 2583 596 2681 ‹Juila
617 2582 773 2674 littlus,
803 2624 925 2682 quod
949 2622 1108 2668 vitium

209 2703 232 2729 e
274 2683 549 2742 compendio
598 2683 846 2739 scripturae
901 2689 1107 2724 exortum

209 2752 332 2804 puta.

265 2812 507 2854 aspzczens.
568 2796 653 2840 Ed.
679 2795 799 2854 Spir.
824 2795 1083 2850 inspiciens.

265 2857 503 2911 misitque.
565 2855 639 2898 Sic
668 2852 804 2897 MSS.
836 2853 959 2896 Flor.
993 2852 1106 2908 Reg.
1145 2895 1147 2897 ,

207 2915 333 2961 Harl.
367 2913 503 2958 Bodl.
542 2912 623 2955 les.
659 2910 809 2954 Guelf.
843 2910 963 2954 Bud.
1002 2909 1105 2954 edd.

208 2973 324 3051 Spir.
351 2971 454 3014 Put.
483 2971 550 3013 M.
577 2979 620 3013 et
643 2970 699 3012 V.
723 2968 935 3012 Beroald.
958 2967 1015 3022 (c.
1037 2966 1106 3010 sil.

207 3030 236 3072 N
253 3031 346 3086 iet.)
370 3029 470 3071 Alc.
530 3027 618 3071 Sed
644 3027 747 3084 quia
768 3027 884 3069 deest
910 3024 1102 3069 verbum

206 3090 382 3133 finitum
402 3085 450 3128 in
473 3085 625 3143 priore
643 3083 815 3143 periodi
841 3090 964 3140 parte
985 3081 1105 3123 ideo-

209 3163 295 3204 que
322 3143 582 3202 impeditior
606 3141 748 3184 evadit
774 3140 944 3187 oratio,
982 3138 1104 3182 Rhe-

207 3219 350 3247 nanus
377 3209 417 3244 et
441 3200 712 3244 recentiores
735 3198 927 3250 editores
949 3197 1108 3239 omise-

207 3269 315 3303 runt
337 3259 543 3317 copulam
572 3272 657 3314 que
692 3257 738 3298 in
774 3255 994 3310 misitque
1023 3269 1106 3296 eo-

207 3333 296 3376 que
317 3316 516 3360 remedio
541 3314 692 3358 locum
716 3314 760 3356 in
784 3312 1018 3356 sanitatem
1043 3326 1111 3354 re-

209 3373 401 3419 stituisse
425 3382 467 3414 et
491 3372 642 3414 omnia
664 3372 777 3414 bene
810 3368 1109 3413 concinnasse

209 3431 293 3476 sibi
321 3430 543 3474 videntur.
608 3428 722 3471 Nam
746 3428 912 3472 verba:
955 3429 1107 3469 solum

209 3487 487 3531 insidiarum
524 3501 563 3528 r.
596 3502 637 3529 e.
654 3518 665 3537 ,
709 3487 755 3527 si
782 3499 832 3527 n.
868 3484 1107 3538 intellige-

209 3552 374 3590 rentur
421 3551 516 3585 tuni
569 3542 764 3600 pendere
801 3558 832 3584 e
882 3541 1106 3586 vocabulo

1180 1249 1401 1294 reputans
1422 1240 1580 1285 dicunt
1604 1250 1646 1284 et
1669 1259 1749 1301 per
1771 1245 1964 1290 verbum
1986 1245 2076 1288 mi·

1178 1299 1239 1341 sit
1263 1299 1426 1342 exsolvi
1449 1308 1719 1343 structuram
1742 1302 2078 1361 participiorum

1179 1357 1558 1414 praecedentium.
1632 1357 1787 1417 Neque
1821 1368 1968 1402 tamen
2003 1358 2077 1401 vi-

1181 1414 1265 1456 deo
1280 1447 1290 1465 ‚
1321 1430 1410 1471 qua
1433 1414 1607 1458 ratione
1630 1414 1758 1460 locus
1778 1416 1876 1459 ille:
1917 1419 2076 1460 solum

1180 1472 1469 1514 insidiarum
1511 1480 1593 1517 etc.
1633 1474 1772 1532 possit
1813 1474 2009 1532 pendere
2051 1491 2075 1518 e

1179 1536 1431 1585 reputans,
1488 1530 1610 1586 quod
1643 1531 1747 1574 satis
1779 1530 1936 1583 habet,
2014 1547 2074 1575 uo

1178 1586 1425 1638 referatur,
1464 1602 1623 1644 nempe
1656 1588 1737 1631 ad:
1770 1590 1875 1632 idco
1903 1603 1952 1632 se
1967 1547 2072 1646 Jal-

1178 1646 1353 1686 lacibus
1374 1675 1386 1687 .
1400 1674 1436 1688 ..
1455 1646 1747 1688 concidisset.
1806 1645 1959 1690 Latius
1977 1657 2076 1691 non

1181 1701 1310 1744 valet.
1369 1699 1574 1757 Namque
1594 1711 1846 1760 sequuntur
1868 1718 1973 1746 mox
1997 1700 2080 1746 alia

1181 1758 1440 1817 participia,
1493 1760 1776 1813 observans,
1829 1761 2078 1816 aspiciens,

1180 1832 1262 1875 per
1308 1831 1420 1874 quae
1469 1815 1634 1875 prioris
1682 1816 1906 1877 participii
1952 1817 2079 1861 valor

1180 1873 1373 1918 abolitus
1395 1882 1547 1932 postea
1569 1874 1776 1920 revocari
1796 1874 1967 1935 nequit.
2006 1873 2078 1918 Li-

1182 1938 1254 1974 cet
1275 1931 1411 1990 igitur
1433 1947 1520 1988 que
1544 1940 1853 1990 expungatur,
1892 1939 2077 1977 manent

1180 1989 1517 2046 impedimenta.
1598 1988 1761 2033 Solum
1815 1989 1908 2036 eius
1956 1989 2078 2034 diffi-

1180 2045 1359 2090 cultatis
1404 2045 1655 2089 remedium
1697 2056 1776 2097 est,
1828 2055 1879 2092 ut
1918 2046 2078 2092 verbac

1179 2107 1337 2146 solum
1389 2135 1400 2146 .
1449 2136 1459 2145 .
1509 2133 1522 2146 .
1575 2107 1954 2160 intelligerentur
1995 2121 2079 2163 pro

1183 2160 1322 2219 ipsius
1347 2161 1619 2220 Agrippinae
1638 2163 1782 2207 verbis
1804 2164 1880 2209 vel
1901 2163 2079 2222 cogita·-

1183 2221 1238 2264 tis
1272 2219 1344 2264 vel
1376 2219 1506 2263 dictis
1538 2219 1832 2277 accipiamus,
1883 2227 1934 2264 ut
1964 2236 2078 2279 pen-

1185 2278 1317 2321 deant
1339 2292 1363 2320 e
1386 2277 1528 2322 verbo
1551 2278 1741 2330 omisso,
1763 2286 1814 2322 ut
1835 2278 1984 2328 dixit,
2007 2293 2077 2322 co·

1180 2335 1381 2389 gitavic,
1437 2335 1689 2390 intellexit.
1776 2335 1902 2380 Talia
1955 2334 2077 2379 enim

1182 2391 1301 2436 haud
1330 2406 1435 2435 raro
1465 2393 1583 2449 apud
1605 2392 1824 2437 Nostrum
1851 2392 2075 2437 omittun-

1183 2457 1275 2493 tur.
1356 2448 1416 2493 cf.
1461 2449 1577 2494 Hist.
1615 2450 1654 2503 5,
1683 2451 1756 2495 90.
1797 2465 1881 2495 nec
1915 2451 2079 2494 omnia

1179 2508 1416 2562 patrandi
1438 2507 1638 2562 fiducia,
1675 2511 1759 2551 sed
1792 2510 1952 2553 multa
1984 2522 2078 2550 au·

1180 2567 1248 2608 sis
1283 2596 1295 2608 .
1320 2595 1330 2606 .
1353 2594 1366 2609 .
1389 2597 1400 2607 .
1422 2566 1677 2622 fortunam
1710 2565 1874 2621 affore.
1933 2564 2026 2610 Ubi
2055 2581 2080 2608 e

1182 2622 1463 2681 praecedenti
1479 2623 1615 2666 verbo
1623 2624 1807 2681 fiducia
1825 2619 2078 2681 intelligen-

1182 2680 1290 2725 dum
1315 2688 1379 2721 est
1398 2680 1599 2736 confisus
1621 2688 1690 2723 est
1704 2680 1772 2723 vel
1788 2678 1935 2724 simile
1952 2675 2080 2738 quid.
2144 2702 2148 2707 ·

1181 2737 1272 2780 An.
1299 2737 1335 2786 1,
1359 2736 1429 2780 49.
1462 2745 1613 2779 truces
1647 2737 1795 2780 etiam
1827 2746 1931 2781 tum
1962 2738 2078 2780 ani·

1181 2807 1285 2836 mos
1322 2797 1483 2848 cupido
1520 2794 1702 2837 involat
1734 2796 1880 2838 eundi
1907 2795 1957 2837 in
1986 2796 2077 2838 ho-

1177 2859 1293 2895 stem
1310 2883 1322 2902 ,
1345 2852 1586 2906 piaculum
1594 2853 1809 2907 furoris,
1832 2867 1916 2895 nec
1935 2852 2079 2896 aliter

1175 2923 1317 2963 posse
1345 2910 1538 2962 placari
1560 2910 1945 2953 commilitonum
1967 2925 2077 2953 ma-

1176 2979 1259 3008 nes
1277 2973 1363 3008 etc.
1424 2968 1514 3009 An.
1541 2968 1661 3018 15,5.
1693 2969 1780 3010 sibi
1797 2968 2078 3010 imbecillum

1178 3024 1404 3079 equitem,
1459 3026 1626 3078 pabuli
1673 3024 1895 3080 inopiam.
1985 3023 2080 3068 Iam

1178 3081 1326 3123 obiter
1357 3083 1490 3125 etiam
1534 3081 1789 3140 inspicienti
1818 3080 1959 3126 intelli
1993 3082 2082 3125 itur

1178 3138 1364 3181 eandem
1400 3138 1532 3198 plane
1573 3140 1798 3183 rationem
1841 3155 1934 3183 esse
1963 3097 2081 3191 iloni,

1177 3211 1313 3252 quem
1336 3213 1460 3240 nunc
1483 3205 1749 3244 tractamus.
1770 3197 2077 3253 intactumque

1178 3252 1521 3310 relinquendum
1536 3256 1769 3310 misitque.
1789 3252 1847 3296 Et
1857 3253 1958 3307 MS.
1970 3252 2080 3310 Agr.

1182 3309 1365 3368 quidem
1399 3311 1530 3355 habet
1560 3314 1748 3366 putavit
1784 3317 1886 3368 post
1919 3324 2078 3353 reme—

1180 3368 1311 3409 dium
1335 3383 1459 3420 esse,
1486 3368 1656 3412 scilicet
1681 3385 1727 3411 ex
1749 3366 2078 3411 emendatione.

1181 3425 1300 3467 Reae
1336 3425 1367 3467 it
1391 3435 1541 3470 tamen
1568 3424 1766 3483 Ryckius
1793 3423 1977 3468 nemine
2004 3425 2078 3469 ad·

1180 3441 1436 3540 plautfente.
1497 3483 1612 3526 Sunt
1648 3483 1779 3525 etiam
1813 3481 1889 3539 qui
1923 3481 1978 3525 ad
2013 3482 2078 3525 lo-

1180 3552 1315 3582 cum:
1351 3543 1503 3581 solum
1536 3541 1813 3583 insidiarum
1835 3546 1922 3584 etc.
1943 3538 2077 3585 inlel-
