2164 3990
23 108 42 138 ¹⁵
219 127 222 133 ·

160 165 213 201 A.
233 165 387 202 U.›²817.

158 210 278 246 Jk.(z
327 206 388 244 64.

556 168 733 228 ΜΒ.
769 169 902 248 xv.
989 168 1182 231 CAP.
1216 142 1448 250 20127.
1815 175 1936 234 357

73 324 210 360 cens
268 301 581 367 adductOS,
659 309 715 354 et
770 299 984 356 vexilla
1040 300 1398 371 delectorum
1457 322 1523 356 ex
1580 299 1816 380 Illyrico
1876 316 1931 361 et

0 421 1 426 =
73 383 367 466 Aegypto,
406 377 684 460 quodque
716 383 943 439 alarum
970 381 1445 462 cohortiumque,
1490 397 1544 442 et
1582 389 1796 444 auxilia
1833 409 1926 444 re-

69 492 208 546 gum
254 471 318 527 in
365 487 553 526 unum
595 468 883 528 conducta
934 472 1091 544 apud
1127 470 1484 540 Melitenen,
1537 492 1650 547 qua
1694 474 1926 530 tramit—

69 570 190 614 tere
203 551 570 631 Euphratem
594 553 855 628 parabat.
945 553 1106 611 Tum
1136 556 1448 612 lustratum
1469 555 1579 612 rite
1604 550 1922 614 exercitum

67 645 142 700 ad
188 641 532 699 concionem
583 650 751 694 vocat
795 639 1140 715 orditurque
1185 641 1491 714 magnifica
1528 643 1601 696 de
1649 642 1922 716 auspiciis

68 725 459 802 imperatoriis
494 723 786 799 rebusque
821 745 853 779 a
891 744 949 780 se
987 720 1190 797 gestiS‚
1257 728 1498 782 adversa
1531 726 1595 781 in
1627 726 1920 783 inscitiam

64 811 230 869 Paeti
262 809 593 877 declinam,
646 809 832 865 multa
872 809 1246 879 auctoritate,
1309 832 1456 887 quae
1503 812 1630 867 viro
1675 812 1919 870 militari

66 918 174 972 pro
202 894 478 953 facundia
507 906 650 953 erat.

233 989 486 1050 XXVII.
538 989 684 1046 Mox
710 990 820 1045 iter
842 988 908 1048 L.
931 989 1180 1047 Lucullo
1208 993 1508 1067 quondam
1532 1005 1917 1068 penetratum,

63 1079 277 1154 apertis
327 1097 477 1154 quae
513 1087 766 1132 vetustas
804 1076 1163 1150 obsepserat,
1218 1078 1424 1150 pergit.
1521 1090 1578 1135 et
1614 1077 1916 1135 venientes

63 1163 349 1220 Tiridatis
385 1161 807 1235 Vologesisque
845 1161 916 1215 de
950 1181 1090 1234 pace
1128 1163 1345 1234 legatos
1380 1158 1539 1219 haud
1578 1175 1916 1239 aspernatus

63 1239 336 1322 adiungit
373 1247 444 1303 iis
489 1244 860 1302 centuriones
900 1266 1033 1300 cum
1071 1248 1363 1303 mandatis
1401 1268 1525 1304 non
1562 1249 1912 1307 immitibus:

61 1355 183 1391 non
212 1335 371 1389 enim
398 1327 590 1387 adhuc
614 1350 680 1385 eo
708 1340 980 1398 ventum,
1024 1342 1091 1387 ut
1119 1332 1433 1389 certamine
1477 1345 1732 1390 extremo
1766 1354 1914 1408 opus

61 1431 225 1492 esset.
347 1416 533 1472 multa
595 1412 886 1472 Romanis
956 1418 1239 1486 secunda,
1323 1419 1608 1493 quaedam
1679 1416 1914 1476 Parthis

58 1661 364 1707 test.Viet.-
394 1660 820 1714 quintadecimanos
842 1657 945 1701 MS.
1021 1659 1097 1702 Sic
1147 1660 1277 1703 etiam
1316 1660 1545 1705 Ernestius
1590 1662 1782 1706 volebat.
1869 1664 1921 1707 A‘

59 1719 211 1764 Guelf.
227 1717 327 1760 edd.
344 1732 512 1759 omnes.
526 1742 584 1751 --
618 1715 727 1757 Mox
753 1718 947 1757 delecto-

57 1794 162 1821 rum
181 1774 279 1818 MS.
300 1772 457 1818 Guels.
478 1773 578 1815 edd.
603 1771 719 1830 Spir.
748 1771 851 1814 Put.
876 1773 944 1815 M.

57 1845 102 1879 et
118 1835 171 1878 V.
193 1830 402 1875 Beroald.
430 1831 488 1885 (c.
508 1829 656 1874 silent.
682 1828 818 1885 Vici.)
843 1830 944 1873 Alc.

56 1894 199 1936 Rhen.
227 1889 334 1934 Ald.
361 1887 547 1931 Picben.
572 1904 670 1945 sqq.
749 1889 936 1929 dilecto-

42 1967 163 1994 ·rum
187 1947 287 1992 edd.
309 1945 430 2004 Lips.
458 1943 666 1993 Gruter„
697 1945 760 1987 uti
784 1944 945 1988 solent.

93 2050 324 2122 *quodque
358 2063 550 2103 alarum
585 2060 941 2113 cohortiumque.

53 2125 129 2169 Sic
142 2119 240 2165 MS.
263 2117 414 2163 Guelf.
441 2118 483 2172 (a
503 2132 591 2160 sec.
616 2119 696 2169 m.)
723 2116 824 2159 edd.
840 2115 943 2157 Put.

54 2197 150 2241 sqq.
187 2195 228 2222 c.
263 2167 410 2220 silent.
435 2174 556 2218 Vict.
637 2173 698 2216 At
726 2175 794 2216 ed.
821 2173 941 2238 Spir.

55 2241 176 2295 quod
200 2236 407 2279 aliarum
429 2233 687 2276 cohortium
714 2246 847 2287 qaae,
878 2245 942 2274 vx-

53 2307 183 2340 uose.

111 2425 203 2466 qua
234 2406 517 2450 tramittere.
578 2401 655 2445 Sic
682 2402 786 2445 MS.
816 2403 937 2446 Flor.

54 2459 172 2525 (test.
207 2465 326 2508 Vict.
360 2477 466 2505 cum
499 2460 586 2502 lac.
622 2459 852 2516 Gronov.)
880 2489 939 2496 .-

53 2539 170 2581 quae
191 2520 516 2566 transmittere
536 2517 603 2559 ed.
619 2515 735 2573 Spir.
759 2543 813 2550 —-
846 2533 938 2578 qua

53 2581 369 2625 transmittere
395 2576 493 2619 MS.
519 2573 669 2617 Guelf.
704 2577 803 2619 edd.
831 2577 937 2619 Put.

51 2639 120 2683 M.
145 2647 187 2681 et
213 2637 265 2678 V.
291 2636 393 2678 Ber.
421 2633 520 2676 Alc.
547 2631 690 2675 Rhen.
715 2650 813 2692 sqq.
886 2632 936 2674 ln

53 2697 122 2741 ed.
145 2692 370 2739 Gronovii
399 2690 524 2734 1672.
547 2689 799 2747 inrepserat
826 2690 939 2746 quia

51 2770 138 2857 gig
161 2769 272 2853 qKa.
329 2747 527 2808 Ryckius
557 2762 650 2803 qua
686 2748 885 2807 reposuit
916 2762 939 2789 e

142 2843 151 2853 .
222 2825 286 2866 gr.

109 2927 173 2967 ad
210 2921 487 2964 concionem.
568 2919 645 2962 Sic
675 2919 778 2963 MS.
814 2919 937 2962 Flor.

52 2986 168 3037 (lest.
185 2980 322 3034 vict.)
346 2976 447 3019 edd.
469 2976 586 3033 Spir.
604 2977 743 3020 Rhen.
764 2993 863 3036 sqq.
882 3001 938 3009 -·-

52 3043 119 3082 ad
138 3038 396 3082 contionem
418 3033 682 3077 MS.Gue1f.
709 3035 806 3078 edd.
821 3036 938 3084 Put„

53 3097 115 3140 uti
146 3095 310 3139 solent.
338 3119 397 3127 --
453 3094 518 3133 ad
549 3093 829 3135 coactionem
865 3093 935 3135 ed.

54 3151 260 3196 Beroald.
292 3148 463 3195 vitiose.

109 3266 441 3321 imperatoriis.
505 3263 580 3306 Sic
606 3261 706 3305 edd.
728 3264 937 3308 Beroald.

55 3333 115 3378 (c.
137 3325 282 3367 silent.
307 3322 442 3373 vict.)
466 3318 567 3363 Ale.
594 3319 736 3364 Rhen.
761 3338 811 3379 sq
845 3352 856 3363 .
882 3347 937 3356 —

57 3380 350 3434 imperatoris
389 3376 524 3423 MSS.
559 3376 673 3421 Bud.
710 3380 793 3422 les.
868 3396 938 3438 eg.

57 3438 194 3481 (lorb.
217 3436 369 3479 Guelf.
403 3435 505 3479 edd.
528 3433 646 3489 spir.
673 3435 773 3478 put.
801 3436 868 3479 Μ.
899 3445 938 3479 et

58 3496 112 3540 V.
161 3503 204 3537 ct
255 3493 370 3537 inter
416 3493 687 3536 recentiores
732 3493 941 3538 Broterii.

1020 1717 1119 1760 MS.
1148 1717 1266 1761 Harl.
1298 1720 1571 1762 vocabulum
1600 1721 1735 1763 abest.

1076 1821 1278 1860 adversa
1308 1821 1354 1860 in
1388 1819 1644 1863 inscitiam.
1704 1820 1840 1863 MSS.
1868 1827 1910 1863 et

1020 1883 1128 1917 vett.
1183 1875 1283 1918 edd.
1344 1880 1596 1919 adversam
1652 1877 1907 1927 inscitiam,

1018 1932 1139 1987 quod
1155 1932 1486 1976 Freinshemius
1507 1934 1738 1976 verissima
1760 1950 1907 1977 emen·

1018 1989 1196 2032 datione
1223 1991 1358 2033 vertit
1394 1991 1441 2033 in
1473 1994 1673 2033 adversa
1699 1993 1747 2033 in
1770 1993 1908 2034 insci-

1017 2048 1157 2095 tiam,
1208 2055 1252 2088 et.
1287 2047 1344 2090 ita
1380 2047 1606 2091 Victorius
1650 2047 1822 2091 dudum
1859 2050 1906 2092 in

1016 2119 1097 2146 suo
1122 2104 1359 2162 exemplari
1389 2121 1437 2147 ex
1470 2121 1552 2147 suo
1585 2105 1768 2163 ingenio
1791 2107 1905 2162 (non

1017 2178 1039 2204 e
1062 2161 1161 2204 MS.
1188 2160 1331 2218 Flor.)
1359 2171 1627 2206 correxerat.

1074 2276 1187 2320 CAP.
1229 2277 1302 2322 27.
1379 2278 1560 2331 apertis
1604 2293 1735 2333 qaae.
1818 2277 1899 2319 Ed.

1011 2333 1129 2392 Spir.
1155 2343 1196 2376 et
1219 2334 1319 2376 MS.
1344 2335 1452 2391 Agr.
1475 2337 1743 2390 apertisque
1766 2349 1902 2390 quae,

1010 2390 1127 2432 haud
1170 2391 1332 2448 inepte.
1425 2391 1475 2433 In
1511 2390 1662 2434 Guelf.
1704 2391 1899 2434 secunda

1009 2463 1170 2489 manus
1203 2447 1390 2489 voculae
1433 2464 1551 2503 quae
1591 2448 1770 2491 addidit
1796 2464 1898 2504 que.

1009 2504 1175 2547 Eadem
1224 2505 1295 2546 ed.
1336 2505 1453 2561 Spir.
1497 2521 1600 2547 mox
1643 2507 1900 2549 obses-serat

1009 2577 1092 2620 pro
1124 2564 1409 2614 obsepserat.

1070 2643 1318 2704 venientes.
1388 2660 1503 2705 Edd.
1537 2662 1638 2705 Put.
1674 2663 1742 2706 M.
1776 2671 1818 2707 et
1837 2662 1898 2712 V.

1010 2721 1254 2769 venientes,
1296 2728 1338 2761 et
1370 2734 1473 2760 mox
1501 2723 1685 2772 legatus
1714 2737 1797 2779 pro
1824 2724 1896 2764 le«

1009 2785 1163 2832 gatos.
1256 2779 1309 2819 ln
1345 2775 1497 2819 Guels.
1538 2793 1624 2820 sec.
1653 2795 1714 2821 m.
1754 2795 1777 2821 e
1815 2795 1887 2822 ve-

1009 2836 1180 2877 nientis
1211 2833 1316 2875 feeit
1343 2834 1589 2877 venientes.
1649 2835 1774 2880 Idem
1796 2845 1899 2880 m'ox

1010 2894 1077 2934 his
1099 2907 1183 2949 pro
1205 2892 1261 2934 iis
1291 2907 1393 2934 cum
1419 2891 1489 2934 ed.
1517 2891 1638 2950 Spir.

1069 2992 1333 3034 immitibus.
1394 2990 1478 3033 Ed.
1492 2991 1609 3049 Spir.
1625 2995 1672 3036 in
1693 2995 1874 3036 mitibus
1884 3009 1898 3043 ,·

1015 3048 1140 3104 (vult
1189 3050 1450 3100 inmitibus,
1499 3050 1563 3092 uti
1608 3051 1745 3104 edidit
1779 3048 1893 3095 Bek—

1011 3107 1173 3162 kerus).

1011 3223 1337 3314 p..'{f’3<f‚''{{''<i.
1363 3206 1567 3308 3:²0?AE
1574 3208 1894 3324 ·<{³.¹¹.⁹1¹ff·v²÷2535

1013 3322 1114 3368 Ate.
1140 3322 1282 3365 Rhen.
1307 3338 1357 3379 sq
1392 3353 1402 3364 .
1426 3347 1481 3355 —
1513 3338 1594 3363 nrc
1616 3326 1741 3366 enim
1756 3322 1889 3369 MSS.

1009 3379 1135 3423 Flor.
1156 3379 1271 3434 (test.
1288 3338 1492 3431 Piciiven.)
1514 3380 1622 3436 Reg.
1637 3380 1894 3425 Bud.Bod·l.

1012 3439 1118 3490 (sec.
1143 3439 1222 3492 m.)
1246 3435 1316 3478 ed.
1338 3435 1454 3493 Spir.
1478 3445 1519 3480 et
1538 3438 1652 3480 inter
1675 3439 1894 3483 recentio-

1014 3510 1084 3537 res
1110 3494 1193 3538 lac.
1218 3492 1426 3540 Gronov.
1454 3502 1496 3536 et
1519 3494 1726 3540 Broterii.
