2164 3990
153 283 380 368 ἒῑέἶθὲἐῖ

573 284 744 346 LIB.
774 282 880 344 XI.
951 280 1144 344 CAP.
1175 285 1272 343 30.
1306 286 1407 344 31.
1832 288 1911 350 5'1

71 416 591 483 dissimulavisset,
618 434 726 470 nec
763 432 924 469 nunc
959 411 1245 470 adulteria
1282 412 1652 471 obiecturum
1684 416 1794 488 ait,
1837 440 1912 478 ne

71 509 342 574 domum,
386 500 620 558 servitia
658 511 714 556 et
748 509 968 554 ceteros
998 499 1270 556 fortunae
1294 509 1531 573 paratus
1556 510 1915 576 reposceret:¹

68 593 359 649 frueretur
382 587 564 642 immo
589 585 662 640 iis
677 630 694 654 ‚
739 594 796 640 et
828 583 1099 641 redderet
1121 603 1364 639 uxorem
1388 597 1801 664 rumperetque
1825 600 1914 646 ta·-

67 678 236 734 bulas
268 671 578 747 nuptiales,
664 689 788 739 „an
831 668 1144 725 discidium
1157 666 1183 687 '⁹
1222 667 1419 745 inquit
1471 680 1686 738 „tuum
1719 671 1915 731 nosti?

68 781 251 833 „nam
282 754 725 817 matrimonium
747 752 885 811 Silii
920 753 1072 810 vidit
1099 754 1353 829 populus
1378 765 1434 811 et
1459 766 1695 814 senatus
1718 770 1775 818 et
1797 760 1916 816 mi-

68 847 217 916 „lesz
262 865 327 908 ac
349 842 415 898 ni
440 860 688 917 propere
711 839 862 913 agiS‚
905 849 1063 895 tenet
1088 839 1300 894 urbem
1327 840 1590 900 maritus.
1603 838 1636 860 ”

235 950 456 1012 XXXI.

68 1051 236 1099 vocat
259 1061 272 1095 :
392 1037 772 1113 primumque

122 1272 206 1301 nec
232 1270 366 1300 nunc.
437 1253 512 1298 Sic
540 1254 641 1297 MS.
668 1250 819 1296 Guelf.
853 1251 955 1295 edd.

67 1315 169 1358 Put.
185 1313 252 1357 M.
266 1322 309 1358 et
322 1311 376 1356 V.
390 1309 493 1354 Ber.
515 1311 637 1366 (cum
658 1309 804 1353 silent.
819 1307 858 1347 V
861 1309 956 1364 iet.)

66 1373 168 1417 Alc.
189 1371 334 1414 Rhen.
356 1385 456 1427 sqq.
475 1392 534 1400 —-
561 1375 703 1410 necno
724 1369 867 1410 είηιιιὶ
887 1365 956 1409 ed.

67 1429 202 1488 Spin,
225 1429 344 1472 unde
358 1428 588 1470 Broterius
609 1425 713 1468 fecit
731 1439 811 1468 nec
831 1437 958 1466 nunc

66 1488 195 1533 Silio.
255 1487 400 1530 Immo
427 1484 507 1527 int.
538 1483 852 1526 Messallinae.

124 1558 427 1600 obiecturum.
484 1552 571 1596 Ed.
605 1552 725 1609 Spir.
758 1553 956 1594 obiectu-

67 1630 163 1659 rus.

125 1699 184 1727 ne
209 1686 403 1726 domum
430 1714 441 1725 .
460 1714 472 1724 .
493 1715 504 1725 .
525 1714 535 1724 .
561 1685 826 1735 reposceret.
885 1678 961 1721 Sic

68 1742 205 1784 MSS.
258 1748 301 1782 et
350 1748 460 1783 vett.
509 1738 610 1781 edd.
663 1734 866 1779 Acidalio
917 1743 961 1778 et

69 1796 374 1842 Freinshemio
422 1794 708 1840 suadentibus
755 1800 958 1835 mutave-

70 1863 177 1899 runt
199 1855 271 1897 in:
311 1869 393 1896 nec
490 1885 502 1896 .
524 1864 778 1905 reposcere.
838 1850 959 1892 Fru-

71 1921 176 1956 stra.
231 1913 304 1954 Ne
329 1910 403 1953 hic
427 1917 475 1952 ut
498 1907 751 1966 saepissime
776 1906 960 1964 ponitur

102 1985 152 2012 ro
173 1971 369 2016 nedum,
398 1982 546 2025 graec.
565 1963 630 2025 μὴ
656 1961 746 2007 ὅτι.
799 1961 855 2006 cf.
868 1963 959 2006 Sal·

88 2034 173 2069 ust.
200 2025 298 2070 Cat.
322 2026 389 2068 11.
426 2030 534 2067 extr.
580 2021 761 2080 Quippe
791 2034 959 2062 secun-

68 2087 160 2126 dae
190 2097 266 2126 res
296 2082 573 2135 sapientium
612 2082 798 2122 animos
824 2077 957 2134 fati-

67 2147 207 2197 gant,
248 2153 308 2181 ne
324 2141 395 2182 illi
415 2139 644 2193 corruptis
665 2137 871 2178 moribus
890 2136 958 2178 vi-

68 2199 248 2240 ctoriae
277 2203 611 2251 temperarent.
675 2194 770 2238 Cic.
794 2193 893 2237 Fin.
916 2195 960 2242 2,

68 2255 138 2298 24.
173 2255 234 2297 id.
269 2253 373 2298 fam.
403 2255 444 2305 9,
466 2254 538 2296 26.
572 2253 672 2298 Liv.
695 2251 736 2303 3,
757 2251 826 2294 52.
885 2252 961 2295 Sic

68 2312 305 2356 Narcissus
354 2311 470 2369 apud
522 2310 757 2353 Nostrum.
842 2307 957 2352 Nam

69 2369 278 2412 adulteria
298 2369 492 2412 obiicere
512 2367 686 2425 gravius
707 2373 795 2415 est,
859 2382 960 2408 uam

70 2428 188 2470 dona
205 2441 455 2484 reposcere.
515 2425 724 2467 Ceterum
747 2423 801 2466 de
814 2381 959 2473 ἱ(31011ιο

69 2491 158 2526 etc.
213 2483 272 2527 cf.
306 2482 396 2525 Dio
433 2483 502 2532 60,
534 2481 604 2524 31.
651 2483 802 2524 οἰκίαν
835 2474 959 2536 αὐτῷ

70 2538 308 2597 βασιλικὴν
329 2541 597 2598 ἐχαρίσατο,
631 2535 784 2581 πάντα
805 2535 860 2580 τὰ
889 2553 958 2580 τι·

70 2596 278 2657 μιώτατα
310 2600 403 2640 τῶν
433 2600 514 2640 τοῦ
537 2596 774 2639 Κλαυδίου
800 2609 962 2652 κειμη-

71 2658 182 2699 λίων
200 2652 541 2715 συμφορήσασα
563 2656 608 2704 ἐς
629 2652 788 2708 αὐτὴν.

127 2735 340 2779 paratus.
410 2726 488 2770 Sic
518 2723 656 2768 MSS.
689 2725 811 2767 Flor.
844 2723 960 2778 (test.

33 2826 36 2827 γ
76 2783 212 2839 Vict.)
245 2782 358 2827 Bud.
394 2783 494 2826 edd.
528 2783 646 2840 Spir.
681 2781 826 2824 Rhen.
860 2796 964 2838 sqq·

74 2848 333 2895 apparatus
353 2840 485 2883 MSS.
512 2838 661 2882 Guelf.
682 2839 804 2881 Harl.
827 2837 961 2880 Bodl.

76 2898 157 2941 les.
197 2898 295 2941 edd.
335 2897 439 2941 Put.
479 2897 686 2940 Beroald.
719 2895 822 2939 Riv.
860 2896 962 2940 Alc.

78 2955 163 2998 Sed
188 2955 244 2998 cf.
272 2972 311 2999 c.
338 2956 407 2998 12.
441 2954 481 3006 S,
506 2955 574 2997 52.
597 2954 667 3001 55.
700 2954 742 3005 6,
763 2953 834 2997 37.

135 3026 277 3066 immo
326 3026 410 3074 iis,
474 3032 519 3066 et
566 3027 797 3067 redderet.
889 3022 964 3066 Sic

78 3081 182 3124 MS.
226 3081 372 3126 Guelf.
426 3083 529 3138 (his
583 3097 667 3138 pro
723 3083 806 3132 iis)
860 3080 962 3122 edd.

77 3138 177 3181 Put.
203 3139 268 3182 M.
291 3148 334 3183 et
356 3138 411 3183 V.
435 3138 656 3188 Beroald.3
681 3139 803 3194 (cum
827 3137 962 3181 silen-

78 3196 139 3238 tio
164 3195 300 3252 Vict.)
321 3196 426 3240 Alc.
447 3196 589 3238 Rhen.
613 3212 712 3254 sqq.
742 3198 884 3238 immo
919 3202 964 3237 et

78 3253 148 3294 his
179 3256 392 3296 redderet
422 3253 492 3296 ed.
514 3252 628 3310 Spir.
655 3261 696 3296 et
719 3262 816 3296 test.
842 3252 961 3295 Bro-

80 3308 193 3352 terio
225 3309 423 3368 plerique
454 3309 587 3353 MSS.
621 3334 678 3342 —
717 3312 889 3363 immo,
920 3316 964 3351 et

83 3365 121 3408 is
150 3369 363 3409 redderet
391 3367 490 3410 MS.
518 3368 628 3424 Reg.
645 3400 655 3418 ,
694 3367 812 3410 unde
843 3368 959 3410 Bro-

82 3422 216 3464 terius
247 3424 389 3468 dedit:
426 3425 672 3481 frueretur
699 3427 860 3468 immo.
901 3424 966 3466 Ac

84 3479 123 3520 is
153 3482 384 3525 redderet.
443 3482 526 3526 Ed.
550 3482 724 3524 Ernest.
741 3482 815 3536 fr.
838 3483 869 3524 i.
892 3481 965 3535 iis,

83 3538 165 3577 sed
191 3549 231 3576 r.
291 3537 402 3583 Edd.
426 3538 589 3582 Oberl.
615 3555 714 3597 sqq.
734 3538 809 3594 sr.
837 3540 864 3581 ι’.
886 3538 968 3580 iis.-

85 3599 136 3634 αι
178 3597 404 3638 redderet.
475 3597 672 3643 Frustra.
752 3595 865 3639 Nam
909 3602 968 3642 et,

550 950 711 1008 Tum
784 949 1160 1027 potissimum
1230 971 1522 1028 quemque
1586 952 1916 1013 amicorum

873 1054 963 1090 rel

1055 1034 1475 1093 frumentariae
1558 1037 1917 1112 praefectum

1027 1250 1152 1309 quod
1177 1252 1308 1296 etiam
1333 1253 1433 1297 MS.
1458 1252 1758 1308 Bud..habet‚
1786 1259 1919 1317 piane

1027 1309 1094 1352 sic
1106 1307 1263 1352 Tacito
1285 1311 1484 1368 ponitur.
1517 1312 1577 1358 ef.
1601 1323 1695 1358 not.
1721 1316 1777 1359 ad
1798 1318 1834 1368 1,
1848 1318 1917 1362 13.

1030 1365 1160 1422 Quae
1181 1366 1294 1410 ratio
1317 1383 1461 1425 neque
1486 1385 1508 1411 a
1531 1378 1686 1414 nostro
1707 1389 1919 1418 sermone

1027 1424 1266 1468 abhorret:
1302 1427 1447 1478 Nein,
1477 1429 1660 1470 macher.»
1679 1444 1732 1473 er
1751 1434 1920 1475 desse-n

1027 1478 1262 1539 geniefisen
1284 1486 1382 1525 und
1405 1485 1714 1538 herausgeben
1735 1490 1808 1531 die
1824 1490 1918 1532 Ge-

1029 1540 1208 1581 mohlin
1238 1546 1322 1583 etc.
1380 1540 1582 1598 Namque
1616 1542 1684 1589 vis
1713 1546 1918 1590 adversa-

1029 1597 1116 1638 tiva
1148 1613 1202 1639 eo
1234 1597 1523 1654 exprimitur,
1571 1601 1695 1659 quod
1729 1605 1930 1650 verbum

1029 1657 1244 1696 redderet
1266 1656 1574 1712 praeponitur.
1598 1662 1599 1665 ’

1264 1769 1278 1780 .
1310 1742 1473 1782 nostz?
1536 1739 1659 1784 Bene
1699 1741 1923 1790 Rieklefs=

1034 1793 1161 1838 Oder
1198 1795 1292 1836 wei
1307 1803 1351 1836 st
1387 1798 1450 1838 du
1482 1812 1564 1839 um
1596 1799 1730 1841 deine
1759 1800 1925 1845 Schei-

1030 1852 1189 1905 dung?
1285 1867 1355 1894 am
1379 1867 1443 1895 on
1473 1862 1741 1898 constanter
1762 1858 1924 1918 incipit

1030 1909 1220 1965 alterum
1237 1908 1492 1953 membrum
1507 1910 1802 1960 disiunctivae
1824 1934 1922 1961 sen·

1028 1965 1207 2008 tentiae.
1281 1965 1376 2008 Iam
1409 1968 1532 2025 prius
1560 1971 1817 2016 membrum
1845 1974 1921 2020 hic

1030 2022 1213 2088 quidem
1237 2022 1360 2066 deest
1373 2042 1388 2076 ‚-
1417 2027 1522 2069 latet
1542 2042 1653 2072 vero
1676 2028 1723 2070 in
1746 2046 1922 2088 praece·

1031 2080 1261 2132 dentlbus,
1300 2081 1379 2124 ubi
1408 2083 1469 2125 ita
1501 2083 1678 2128 locutus
1713 2097 1776 2131 est
1806 2088 1924 2134 Nar-

1029 2137 1182 2189 cissus,
1211 2146 1425 2195 tanquam
1439 2139 1805 2201 Claudioiignaro
1830 2145 1924 2191 dis-

1030 2193 1200 2240 cidium
1223 2194 1336 2238 illud
1355 2196 1526 2240 factum
1547 2199 1618 2242 sit.
1678 2202 1837 2252 Nosti,
1873 2214 1923 2249 ut

1029 2248 1309 2310 γιγνώσκειν
1346 2253 1544 2299 involvit
1579 2260 1925 2316 comprobandi,

1032 2310 1307 2353 decernendi
1337 2311 1593 2364 notionem,
1632 2321 1682 2357 ut
1705 2320 1924 2364 sententia

1031 2368 1108 2410 sit:
1155 2368 1279 2411 Oder-
1301 2368 1362 2411 ist
1382 2371 1518 2411 deine
1538 2370 1807 2427 Schez'dung
1834 2377 1925 2419 mit

1031 2426 1197 2467 deiner
1237 2424 1589 2482 Einstz'mmung
1634 2432 1927 2483 geschelzen?

1031 2483 1269 2538 Sequitur:
1306 2484 1432 2526 Nam
1457 2515 1629 2528 .......
1657 2487 1794 2531 miles
1814 2489 1922 2536 h.·e.

1029 2540 1090 2581 ita
1113 2537 1266 2604 'palam
1298 2539 1405 2592 fuit,
1444 2549 1493 2583 ut
1519 2558 1568 2584 ex
1589 2550 1671 2587 tua>
1686 2544 1923 2593 voluntate

1029 2595 1125 2639 fieri
1149 2596 1337 2640 omnino
1362 2598 1608 2645 videretur.

1088 2692 1344 2737 discidium.
1401 2692 1478 2737 Sic
1501 2694 1780 2745 Mss.·F10r.
1804 2702 1923 2757 (test.

1032 2750 1172 2806 Vict.)
1210 2750 1323 2793 Bud.
1354 2750 1462 2808 Agr.
1498 2752 1598 2796 edd.
1628 2753 1746 2812 Spir.
1779 2759 1924 2819 Ryek.

1033 2824 1134 2866 sqq.
1167 2808 1408 2850 dissidium
1443 2809 1545 2852 edd.
1576 2810 1678 2856 Put.
1705 2814 1774 2858 M.
1801 2827 1843 2860 et
1867 2816 1921 2859 V.

1032 2864 1242 2909 Beroald.
1261 2864 1360 2907 Alc.
1383 2863 1525 2909 Rhen.
1547 2883 1645 2926 sqq.
1705 2870 1809 2916 Vid.
1830 2883 1924 2918 not.

1034 2924 1087 2968 ad
1110 2925 1152 2972 2,
1175 2923 1244 2965 86.
1303 2922 1527 2965 disidium
1555 2924 1655 2970 MS.
1684 2926 1835 2974 Guelf.
1927 2929 1929 2932 ¹

1089 1750 1237 1779 an..

1094 3021 1206 3065 CAP.
1237 3019 1307 3061 31.
1369 3020 1665 3072 potissimum
1697 3039 1928 3082 quemque

1033 3081 1310 3122 amicorum.
1387 3076 1504 3122 Edd.
1548 3086 1657 3123 vett.
1707 3090 1751 3124 et
1789 3082 1926 3129 MSS.

1033 3153 1130 3179 non
1153 3134 1316 3179 habent
1344 3148 1579 3189 quemque.
1604 3160 1661 3169 -
1701 3137 1804 3183 MS.
1818 3141 1927 3200 Agr.

1034 3202 1145 3237 teste
1180 3191 1364 3234 Heinsio
1401 3190 1591 3235 exhibet:
1633 3196 1926 3248 pottissimum

1035 3264 1263 3307 quemque
1301 3247 1576 3292 amicorum.
1645 3249 1784 3297 Tacet
1812 3271 1925 3300 vero

1034 3306 1257 3365 Ryekius,
1307 3320 1397 3362 quo
1438 3305 1738 3364 suspicionem
1771 3322 1937 3358 movet¹

1036 3366 1090 3408 de
1112 3362 1281 3406 Heinsii
1303 3361 1554 3407 mendacio.
1614 3364 1841 3411 Potissimi
1865 3377 1926 3414 ta·

1036 3437 1139 3465 meu
1159 3421 1455 3477 interpretum
1479 3435 1704 3478 quemque
1726 3439 1926 3470 necessa-

1036 3480 1107 3522 rio
1139 3476 1239 3520 addi
1274 3484 1349 3519 aut
1382 3476 1620 3535 legendum
1657 3481 1928 3534 potissimos

1039 3541 1240 3579 censent.
1265 3532 1324 3576 cf.
1345 3532 1409 3584 13,
1426 3534 1492 3577 18.
1535 3535 1596 3579 At
1619 3536 1654 3579 si
1678 3538 1784 3593 quid
1804 3548 1926 3584 recte

1039 3591 1193 3642 video,
1233 3591 1535 3645 potissimum
1570 3594 1829 3639 amicorum
1865 3606 1928 3640 est

1241 3651 1388 3708 D2‘
