2164 3990
182 239 228 276 A:
239 237 305 273 1U.
321 236 408 279 303.-

182 283 237 318 Α.’
253 280 300 316 C.
320 300 331 307 »
350 280 407 314 ⁵⁵.

580 237 754 299 LIB.
786 235 940 302 XII.
991 233 1188 302 CAP.
1222 211 1323 298 68.
1361 238 1458 298 69.
1824 238 1946 310 143

91 383 422 449 ponuntur.
519 366 645 426 Iam
678 368 947 444 ,primum
978 348 1308 451 Agrippina
1332 353 1510 423 'uelut
1547 366 1754 449 dolore
1776 367 1947 424 ,victa
2015 436 2022 445 .

98 471 160 517 et
193 456 399 516 solatia
437 453 792 529 conquirens
823 448 1020 518 tenere
1057 454 1335 529 amplexu
1355 448 1804 522 Britannicum,
1843 472 1947 508 ve-

100 539 484 616 rampaterni
511 539 632 597 oris
666 538 916 611 effigiem
951 539 1243 613 appellare
1274 557 1340 596 ac
1371 537 1550 595 variis
1583 537 1810 605 artibus
1841 537 1946 592 de-
2007 528 2010 533 ’

92 627 348 695 morari,
387 644 463 680 ne
497 623 767 680 cubiculo
805 624 1191 696 egrederetur.

98 709 409 775 Octaviam
445 728 674 766 sorores
711 708 836 764 eius
874 709 1114 766 attinuit
1153 719 1212 765 et
1247 719 1486 769 cunctos
1520 707 1713 764 aditus
1749 718 1946 779 6118ῐοί-

94 798 219 854 diis·
231 797 515 853 clauserat
539 795 862 870 crebroque
891 794 1168 867 vulgabat
1193 793 1278 849 ire
1312 793 1378 849 in
1400 792 1617 854 melius
1650 791 1945 862 valetudi-

98 902 247 942 nem.
268 880 582 956 principiS‚
627 900 742 955 quo
783 880 950 935 miles
982 880 1139 937 bona
1167 879 1232 934 in
1257 888 1576 954 sperageret,
1597 888 1944 953 tempusque

97 986 446 1043 prosperum
470 985 538 1020 ex
562 964 806 1021 monitis
833 961 1269 1022 Chaldaeorum
1288 964 1648 1027 adventaret.

21 1150 23 1153 ,
248 1084 481 1145 LXIX.
520 1084 693 1142 Tunc
713 1085 907 1143 medio
935 1086 1054 1142 diei
1077 1087 1319 1143 tertium
1345 1098 1479 1143 ante
1503 1086 1636 1155 idus
1650 1080 1945 1142 Octobres

96 1173 323 1230 foribus
367 1171 570 1246 palatii
612 1182 851 1245 repente
900 1170 1154 1227 diductis
1199 1162 1512 1228 comitante
1550 1167 1745 1228 Burro
1780 1168 1939 1226 Nero

96 1258 391 1331 egreditur
415 1256 489 1311 ad
513 1252 833 1334 cohortem,
859 1276 1007 1331 quae
1029 1277 1194 1312 more
1214 1256 1461 1314 militiae
1485 1256 1743 1313 excubiis
1762 1255 1942 1316 adest.

95 1338 187 1399 ihi*
210 1351 498 1402 ,monente
547 1342 835 1417 praefecto
886 1334 1047 1397 festis
1094 1342 1340 1398 vocibus
1394 1352 1663 1416 exceptus
1708 1340 1940 1397 inditur

92 1420 345 1484 lecticae.
431 1422 806 1492 Dubitavisse
835 1423 1343 1502 quosdamffi‘ferunt
1362 1437 1750 1501 respectantes
1781 1425 1942 1499 rogi-

2 1543 33 1590 ,χ
91 1523 396 1588 tantesque
417 1556 432 1580 ‚
455 1511 562 1567 uhi
575 1507 954 1568 Britannicus
978 1502 1162 1570 esset‘?
1202 1533 1341 1569 mox
1363 1512 1530 1569 nullo
1554 1512 1620 1567 in
1643 1511 1942 1569 diversum

1414 1726 1523 1775 MS.
1575 1728 1727 1773 Guelf.
1779 1713 1937 1773 casio.-

1276 619 1602 681 Antoniam
1627 642 1862 698 quoque
1889 633 1946 695 et
2033 630 2037 647 ²

89 1712 220 1781 luant,
249 1728 355 1787 quid
381 1727 465 1771 sibi
497 1727 629 1771 vellet
648 1728 824 1784 forent.
884 1728 974 1771 Sed
1105 1731 1345 1774 custodiis.

89 1787 278 1832 fortuito
298 1787 343 1829 id
369 1787 564 1829 verbum
594 1802 687 1827 non
712 1786 834 1829 adest
856 1785 903 1828 in
925 1787 975 1829 li·
1046 1790 1170 1832 diae.
1895 1836 1897 1840 ¹

84 1845 195 1890 bris.
268 1844 412 1887 Aliam
446 1843 535 1886 loci
569 1843 869 1890 constituendi
906 1859 974 1885 ra·
1103 1860 1362 1916 crebroque·
1448 1858 1532 1901 Ed·
1581 1857 1727 1916 spir..
1762 1855 1939 1905 crebro,

82 1905 251 1947 tionem
273 1900 471 1944 inierunt
489 1900 696 1942 Heinsius
711 1933 721 1947 ,
754 1901 827 1957 qui
851 1900 975 1945 vole·

83 1963 182 2005 bat:
230 1961 367 2006 dum,
416 1972 535 2013 quae
567 1973 590 1999 e
618 1973 669 1999 re
687 1957 852 2011 forent
870 1959 971 2013 fir-

85 2019 260 2059 mando
291 2024 401 2067 etc..;
445 2013 530 2057 Iac.
564 2013 850 2062 Gronovius,
897 2014 972 2072 qui

20 2093 36 2101 ..
85 2073 370 2118 emendabat:
420 2075 534 2113 dum
571 2086 648 2114 res
675 2071 807 2127 soris
841 2072 969 2126 firm.

87 2140 194 2184 etc.;
224 2128 477 2177 Ernestius‚
509 2129 584 2186 qui
608 2129 822 2171 malebat:
856 2133 973 2171 dum

86 2203 202 2245 quae
222 2188 390 2243 forent
415 2187 458 2242 f.
493 2188 520 2229 i.
554 2187 787 2229 meliorem
825 2195 973 2230 tamen

84 2261 177 2289 esse
199 2245 424 2303 vulgatam
453 2252 586 2286 ratus.
645 2243 731 2286 Sed
755 2259 832 2286 res
854 2260 973 2286 com-

81 2317 258 2358 ponere
298 2303 546 2358 firmando
591 2302 785 2354 imperio
827 2309 974 2358 potest

84 2361 215 2404 eliam
257 2358 506 2416 significare
540 2373 614 2400 res
644 2360 858 2401 turbatas
895 2373 969 2400 se-

82 2421 220 2467 dare,
249 2425 300 2457 ut
326 2417 569 2470 imperium
582 2416 831 2471 firmetur;
866 2431 972 2457 nam

82 2489 158 2517 res
186 2486 462 2528 componere
494 2480 559 2514 est
590 2472 802 2514 solemnis
833 2471 969 2514 dictio

82 2533 137 2574 de
159 2529 352 2574 ineunda
377 2544 510 2586 paee,
551 2545 660 2585 quae
683 2530 735 2571 ab
758 2529 844 2572 hoc
866 2531 969 2571 loco

81 2597 144 2632 est
168 2586 322 2631 aliena.
383 2585 523 2629 Aliud
548 2594 633 2629 est:
675 2589 815 2634 dum,
852 2601 970 2643 quac

80 2661 154 2690 res
157 2645 325 2702 forent
349 2677 360 2688 .
378 2676 388 2686 .
407 2676 418 2686 .
432 2676 442 2686 .
455 2676 467 2694 ‚
498 2652 850 2698 componuntur.

135 2717 233 2758 iam
270 2715 498 2769 primum.
572 2713 777 2756 Heinsius
822 2730 971 2756 emen-

0 2795 3 2798 *
81 2775 175 2817 dat:
204 2781 304 2814 tum
321 2774 544 2827 primum.
604 2771 737 2814 Male.
797 2773 972 2814 Auctor

78 2847 173 2873 non
193 2827 355 2878 refert,
394 2828 501 2887 quid
523 2828 691 2872 factum
715 2827 770 2870 sit
794 2836 972 2886 postea3

78 2888 155 2931 sed
181 2903 229 2930 ea
252 2887 369 2944 ipsa,
401 2901 513 2942 quae
535 2894 645 2928 tunc
666 2885 830 2928 fiebant
845 2920 856 2936 ,
886 2885 965 2929 de-

78 2945 244 2988 scribit.
307 2943 406 2986 MS.
423 2942 571 2985 Guelf.
594 2945 691 2984 iam
706 2944 907 2997 pridem.

133 3016 267 3056 victa.
311 3013 517 3056 Heinsius
540 3012 768 3056 emendat:
800 3013 965 3056 evicta.

79 3072 135 3114 ef.
178 3088 218 3115 e.
260 3071 332 3114 25.
378 3072 418 3122 4,
457 3071 525 3112 57.
571 3072 637 3120 15,
678 3069 747 3112 64.
791 3072 858 3119 11,
893 3070 964 3113 37.

0 3167 5 3171 .
77 3129 274 3172 Frustra.
335 3127 393 3171 cf.
423 3130 461 3175 1,
487 3128 556 3169 57.
594 3127 712 3169 victa
740 3127 789 3168 in
813 3129 965 3170 lacri-

77 3201 198 3229 maS.
257 3184 354 3229 Liv.
381 3186 420 3236 2,
441 3186 482 3227 5.
515 3185 624 3226 victi
645 3185 735 3227 ira.

0 3272 3 3307 j
133 3256 486 3300 Britannicum.
535 3253 635 3296 Hoc
656 3270 824 3296 nomen
845 3255 966 3299 deest

73 3314 120 3356 in
143 3314 210 3356 ed.
234 3315 350 3370 Spir.
411 3312 518 3354 Mox
539 3313 583 3353 in
607 3311 706 3353 MS.
723 3311 873 3355 Guelf.
898 3328 963 3355 se-

0 3377 3 3398 ?
74 3371 219 3414 cunda
253 3386 410 3413 manus
441 3369 545 3412 feeit
578 3383 777 3423 quoque,
821 3385 961 3426 quum

71 3428 193 3484 prius
217 3435 328 3469 esset
353 3442 437 3483 que
461 3434 561 3485 post
586 3427 859 3470 Antoniam.

126 3510 308 3539 sorores
343 3500 456 3541 eius.
531 3496 586 3540 cf.
621 3495 710 3539 Dio
740 3495 809 3547 60,
840 3497 878 3541 5.
916 3505 958 3539 et

70 3561 165 3597 not.
191 3568 309 3610 supr.
334 3555 387 3598 ad
410 3571 448 3599 c.
470 3555 513 3598 2.

1046 1916 1210 1959 omisso
1246 1932 1349 1973 que.
1418 1915 1587 1959 Eadem
1621 1930 1706 1973 pro
1739 1928 1937 1970 prospe-

1043 1989 1152 2016 rum
1173 1974 1246 2016 dat
1261 1988 1504 2029 prospera.

1078 2061 1393 2101 adventaret.
1478 2056 1557 2100 Sic
1615 2055 1749 2099 MSS.
1808 2054 1935 2098 Flor.

1044 2117 1162 2169 (test.
1186 2115 1329 2171 Pich.)
1355 2124 1397 2158 et
1417 2113 1538 2157 Harl.
1564 2114 1611 2157 in
1635 2129 1801 2171 marg..
1833 2113 1938 2161 edd.

1042 2171 1159 2230 Spir.
1177 2173 1276 2216 Put.
1292 2173 1358 2217 M.
1380 2180 1423 2214 et
1436 2172 1489 2215 V.
1506 2171 1608 2215 Ber.
1631 2172 1688 2227 (c.
1712 2171 1781 2214 sil.
1797 2170 1934 2226 vict.)

1046 2231 1148 2274 Ale.
1190 2230 1315 2273 Pieh.
1359 2245 1456 2288 sqq.
1504 2236 1793 2284 atemptaret
1832 2226 1934 2270 MS.

1045 2288 1159 2331 Bud.
1194 2288 1315 2331 unde
1348 2288 1590 2331 Rhenanus
1624 2303 1643 2330 s
1678 2302 1721 2344 q.
1759 2285 1936 2329 edidere

1044 2344 1478 2445 fttentaret,ttqu{›d
1503 2351 1580 2441 estt
1591 2341 1935 2443 inVISgS.gaffl.

1066 2419 1228 2445 es.---
1286 2420 1316 2445 α
1362 2415 1558 2445 enaren
1622 2419 1636 2443 l
1745 2431 1756 2442 .
1843 2416 1868 2442 o
1920 2428 1935 2442 .

1044 2458 1197 2501 Guelf.
1255 2459 1326 2502 De
1347 2460 1436 2502 hoc
1454 2457 1683 2501 Ernestius
1705 2458 1817 2502 falso
1847 2465 1935 2500 ret-

1041 2515 1144 2558 tulit
1168 2523 1445 2559 attentaret.

1101 2598 1214 2642 CAP.
1263 2599 1335 2642 69.
1397 2601 1598 2643 tertium.
1672 2599 1749 2644 Sic
1795 2599 1931 2644 MSS.

998 2700 1001 2704 ,
1042 2656 1164 2699 Flor.
1199 2657 1285 2698 les.
1321 2656 1422 2699 edd.
1451 2657 1568 2714 Spir.
1593 2656 1692 2700 Put.
1719 2657 1786 2700 M.
1809 2667 1850 2701 et
1871 2657 1929 2700 V.
1976 2691 1978 2693 >

1042 2713 1249 2756 Beroald.
1275 2714 1332 2768 (e.
1356 2713 1534 2756 silentio
1563 2714 1707 2769 Viet.)
1730 2714 1833 2759 Ale.
1858 2714 1930 2757 Pi·
2016 2722 2032 2733 ²

1043 2771 1170 2816 chen.
1187 2786 1282 2828 sqq.
1297 2794 1351 2803 —
1370 2773 1506 2813 tertio
1519 2770 1620 2816 MS.
1636 2771 1751 2816 Bud.
1767 2781 1809 2814 et
1825 2772 1930 2815 inde

1043 2829 1144 2871 edd.
1189 2827 1331 2871 Rhen.
1376 2844 1478 2885 sqq.
1521 2832 1587 2871 ῖιι.
1629 2829 1731 2873 MS.
1774 2828 1928 2874 Guelf.

1037 2886 1109 2930 De
1130 2885 1289 2930 ceteris
1313 2885 1446 2928 MSS.
1473 2893 1635 2930 tacent.

1093 2959 1342 3011 egreditur.
1401 2955 1484 2999 Ed.
1503 2955 1621 3012 Spir.
1644 2960 1927 3013 aggreditur.

1092 3030 1156 3069 ad
1195 3030 1444 3071 cohortem.
1533 3026 1610 3071 Sic
1662 3029 1764 3073 edd.
1807 3029 1926 3087 Spir.

1033 3082 1175 3128 Rhen.
1194 3086 1234 3138 (e
1245 3085 1347 3127 MS.
1363 3085 1494 3142 Bud.)
1509 3101 1605 3143 sqq.
1617 3114 1674 3122 -
1687 3102 1719 3127 a
1739 3088 1926 3129 cohorte

1035 3141 1171 3200 MSS.
1199 3141 1347 3186 Guelf.
1382 3142 1505 3185 Harl.
1538 3143 1670 3187 Bodl.
1704 3144 1788 3187 les.
1822 3143 1922 3193 edd.

1035 3198 1138 3242 Put.
1167 3199 1233 3241 M.
1259 3208 1303 3242 et
1324 3199 1379 3244 V.
1402 3199 1610 3243 Beroald.
1643 3201 1764 3255 (eum
1794 3200 1923 3244 silen-

1034 3255 1098 3298 tio
1132 3257 1263 3312 Vici.)
1301 3256 1396 3300 Ale.
1437 3284 1496 3293 --
1554 3258 1661 3300 Mox
1694 3258 1759 3300 ibi
1783 3256 1919 3302 MSS.

1033 3313 1157 3356 Flor.
1182 3314 1296 3367 (test.
1318 3313 1463 3372 Pieh.)
1487 3313 1639 3358 Guelf.
1671 3314 1774 3359 edd.
1799 3315 1920 3374 Spir.

1032 3370 1132 3413 Put.
1162 3387 1260 3429 sqq.
1301 3372 1357 3426 (c.
1388 3371 1457 3415 sil.
1486 3371 1650 3428 Vict.);
1695 3373 1774 3415 ubi
1814 3373 1917 3417 edd.

1031 3427 1168 3526 lgil'sffi
1209 3428 1396 3486 priores.
1481 3428 1676 3474 Piehena
1717 3430 1919 3489 reposuit

1030 3500 1043 3527 z
1074 3500 1104 3529 1.

1073 3555 1216 3611 fhstis
1240 3557 1434 3602 vocibus.
1493 3555 1551 3600 ef.
1575 3566 1669 3602 not.
1694 3558 1748 3601 ad
1771 3559 1810 3609 5,
1831 3558 1874 3602 4.
