2164 3990
218 195 344 296 244
592 286 598 309 ,

830 261 834 268 ·
889 232 1407 300 ANNALIUM

1758 239 1813 320 2:
1831 239 1886 323 ἕ.
1904 235 1990 323 ⁶0¹3:

216 379 418 438 turm,
447 362 617 433 ¹nihil
649 387 708 424 se
735 368 808 424 de
833 366 956 423 filio
985 367 1250 437 credere,
1292 388 1418 426 non
1445 371 1797 448 imperatum
1821 370 2073 452 parrici-

218 454 403 511 dium.
488 449 943 509 Circumsistunt
966 451 1183 507 lectum
1208 473 1574 526 percussores
1613 469 1669 515 et
1702 460 1867 534 prior
1896 463 2072 520 trier-

218 534 605 595 archus'fusti
639 548 813 612 caput
848 537 973 592 eius
1011 536 1263 592 adflixit:
1321 559 1461 596 nam
1497 542 1562 597 in
1586 555 1838 601 mortem
1864 558 2070 605 centu-

205 624 375 680 rioni
412 625 634 680 ferrum
670 621 1058 703 destringenti
1088 623 1448 696 protendens
1482 639 1716 685 uterum
1760 639 2070 699 „ventrem

217 709 413 778 „seri”
446 707 817 776 exclamavit,
860 707 1180 782 multisque
1204 708 1552 768 vulneribus
1580 715 1841 772 confecta
1870 728 1973 778 est.

386 793 492 852 IX.
547 791 707 847 Haec
748 811 1036 847 consensu
1076 793 1430 867 produntur.

1516 793 1903 874 Aspexeritne
1938 822 2068 860 ma-
2130 859 2135 863 .

214 892 363 938 trem
387 878 714 935 exanimem
734 875 890 933 Nero
918 888 975 934 et
997 877 1250 933 formam
1276 879 1538 954 corporis
1564 883 1686 940 eius
1719 885 2067 958 laudaverit,

215 978 352 1024 sunt
389 964 492 1042 qui
532 961 916 1034 tradiderint,
972 973 1109 1020 sunt
1143 962 1248 1039 qui
1283 964 1566 1027 abnuant.
1661 966 1930 1029 Cre-mata
1980 984 2068 1031 est

266 1165 565 1220 imperatum.
598 1157 700 1202 MS.
713 1155 865 1201 Guelf.
882 1158 1100 1212 impetra·

212 1230 329 1264 tum.

208 1282 211 1287 “
260 1275 586 1334 parricidium.
677 1273 755 1317 Sic
795 1271 931 1316 MSS.
973 1273 1097 1316 Flor.

210 1343 328 1392 (test.
341 1335 479 1388 Vici.)
499 1330 651 1375 Guelf.
673 1331 773 1376 edd.
790 1330 890 1373 Put.
905 1330 973 1373 Μ.
988 1330 1099 1374 etV.

208 1393 311 1438 Ald.
333 1401 375 1435 et
400 1390 499 1434 edd.
524 1396 710 1433 recentt.
737 1413 795 1422 —
820 1389 1103 1443 paricidium

208 1451 307 1497 edd.
329 1450 446 1506 Spir.
473 1446 682 1490 Beroald.
705 1445 808 1490 Alc.
833 1445 975 1488 Rhea.
1023 1484 1025 1486 .

251 1509 378 1564 fusti
414 1513 551 1560 caput
590 1505 689 1546 eius
735 1502 942 1560 adflixit.
1013 1491 1100 1546 “Sic

154 1597 157 1602 ·
205 1568 305 1612 edd.
335 1568 363 1608 S
401 1566 453 1607 ir.
483 1571 524 1606 et
550 1562 664 1620 Lips.
691 1560 815 1605 Pich.
839 1577 935 1618 sqq.
969 1561 1100 1603 etsie

205 1626 307 1670 MS.
339 1624 374 1667 F
395 1638 463 1664 or.
500 1622 616 1675 (test.
648 1618 814 1675 Vict.),
854 1617 938 1660 nisi
975 1617 1096 1675 quod

205 1685 278 1727 dat
304 1683 453 1734 capud
483 1693 568 1735 pro
600 1683 751 1731 caput.
811 1675 913 1719 MS.
942 1673 1096 1718 Guelf.

203 1741 304 1784 edd.
343 1739 446 1781 Put.
480 1736 551 1778 M.
587 1743 630 1777 et
661 1732 716 1776 V.
754 1733 958 1776 Beroald.
994 1732 1098 1776 Ale.

202 1795 462 1841 Rhen.A1d.
473 1793 606 1849 fuste
625 1799 765 1840 caput
786 1792 885 1833 eius
904 1790 1098 1847 afflixit.

201 1855 350 1899 Etiam
373 1851 523 1895 Guelf.
546 1850 702 1892 scribit
726 1852 892 1903 capud.

259 1927 376 1953 nam
410 1910 460 1950 in
492 1916 709 1950 mortem.
768 1906 844 1949 Sic
867 1905 967 1949 edd.
990 1905 1092 1947 Put.

201 1972 270 2014 M.
300 1978 341 2012 et
363 1966 419 2009 V.
449 1964 658 2008 Beroald.
697 1964 753 2018 (c.
787 1963 931 2005 silent.
958 1962 1093 2016 Viet.)

202 2027 304 2071 Ale.
328 2026 471 2068 Rheu.
507 2037 606 2079 sqq.
642 2029 685 2063 et
719 2021 783 2063 sic
809 2019 942 2062 MSS.
965 2019 1086 2062 Flor.

201 2087 308 2141 (sec.
337 2085 370 2127 l.
387 2081 594 2124 Gronov.
621 2078 784 2132 collat.)
807 2078 922 2119 Bud.
938 2076 1091 2120 Guelf-

199 2145 308 2199 Agr.
365 2136 752 2182 TacetBroterius
777 2135 830 2178 de
853 2134 943 2176 suis
955 2134 1089 2176 MSS.

201 2200 290 2244 Sed
343 2198 544 2244 Faerno,
605 2193 860 2242 Groslotio,
919 2190 1089 2234 Ursino

199 2255 458 2301 auctoribus
481 2251 581 2296 edd.
606 2251 785 2307 Bipont.
813 2248 971 2292 Oberl.
994 2264 1092 2306 sqq.

201 2315 363 2358 dedere
392 2312 492 2354 iam
521 2313 567 2352 in
588 2316 801 2352 mortem.
865 2306 1090 2349 Acidalius

198 2372 400 2418 volebat:
445 2375 584 2423 caput
608 2367 708 2408 eius
727 2363 904 2420 afflixit
926 2377 1021 2405 non
1043 2365 1091 2405 in

198 2436 425 2476 mortem,
456 2425 580 2484 quod
603 2423 840 2482 probatum
865 2421 1089 2463 Ernestio.

198 2487 451 2531 Adfirmant
492 2485 590 2524 iam
631 2479 902 2536 respondere
949 2494 1087 2522 voca-

194 2546 303 2589 bulo
325 2544 470 2595 prior.
528 2540 580 2583 Id
601 2548 751 2582 tamen
776 2538 808 2579 si
826 2536 988 2579 Noster
1011 2552 1090 2578 vo·

197 2603 375 2651 luisset,
403 2607 511 2658 puto
535 2597 810 2654 scripturum
830 2592 965 2637 fuisse
987 2601 1089 2634 tum

195 2661 262 2704 vel
298 2658 427 2700 dein.
497 2655 591 2698 Iam
634 2668 742 2696 vero
774 2666 892 2695 nam
926 2651 1086 2707 genui-

194 2733 307 2761 num
356 2722 434 2758 est.
517 2711 747 2754 Iudicatur
791 2725 950 2758 causa,
1008 2723 1089 2750 cur

193 2771 464 2819 trierarchus
491 2778 622 2829 caput
646 2766 850 2810 mulieris
875 2764 980 2808 fusti
1004 2766 1084 2807 ad-

193 2831 370 2876 flixerit.
429 2828 542 2871 Nam
568 2834 616 2868 ut
638 2825 828 2867 fustibus
855 2823 975 2866 illam
1002 2838 1083 2865 ne-

194 2895 374 2939 carent,
423 2899 712 2943 percussores
751 2879 988 2924 accessisse
1026 2896 1084 2922 ne

194 2947 363 2991 credas.
416 2943 564 2985 Immo
584 2941 756 2983 ferrum
781 2938 984 2982 centurio
1010 2936 1082 2980 de-

194 3003 392 3059 stringit,
435 3009 485 3043 ut
518 3014 611 3041 uno
644 2997 833 3041 vulnere
866 2995 1081 3052 Agrippi-

193 3079 295 3104 nam
332 3059 380 3102 in
414 3066 603 3100 mortem
631 3054 819 3097 adficiat.
882 3051 970 3095 Sed
1007 3051 1081 3094 illa

192 3116 498 3163 centurionem
521 3111 777 3170 impeditae
796 3125 1081 3167 percussores

190 3177 343 3219 inritat
366 3170 676 3231 protendendo
699 3176 878 3210 uterum
904 3173 947 3208 et
968 3181 1078 3208 ven-

190 3243 310 3275 trem
329 3231 434 3286 fetri
451 3226 717 3271 exclamans.
777 3224 895 3266 Hinc
917 3233 1079 3267 centu-

119 3332 121 3335 .
188 3287 308 3334 rioni
330 3303 459 3344 opem
480 3285 630 3328 ferunt
652 3283 722 3325 alii
739 3291 782 3325 et
796 3281 923 3339 prior
941 3280 1077 3323 trier-

190 3345 348 3390 archus
395 3342 500 3385 fusti
551 3341 716 3383 adflixit
770 3341 863 3382 eius
916 3347 1074 3395 caput;

189 3402 349 3447 deiude
391 3408 638 3454 sequuntur
679 3396 865 3455 reliqui,
925 3404 975 3438 ut
1012 3395 1072 3438 ita

135 3494 138 3499 .
186 3459 337 3503 multis
416 3455 678 3498 vulneribus
759 3452 1072 3498 conficeretur.

184 3517 290 3560 Non
321 3513 439 3557 enim
469 3511 753 3610 persuadebis
775 3509 884 3554 mihi
902 3509 1071 3567 Agrip-

186 3575 316 3633 pinae
342 3578 445 3629 post
485 3576 632 3611 ustem
671 3569 813 3627 capite
843 3577 1070 3626 expertum

1144 2766 1267 2821 seri,
1327 2773 1590 2808 monstrum
1645 2768 1726 2822 qui

1172 1159 1275 1204 satis
1309 1159 1446 1204 animi
1475 1162 1772 1220 superfuisse,
1811 1172 1863 1208 ut
1885 1172 2064 1212 uterum

1171 1217 1459 1273 protenderet
1479 1229 1611 1277 atque
1633 1223 1921 1268 exclamaret:
1950 1240 2067 1269 ven-

1172 1282 1295 1317 trem
1327 1276 1440 1331 feri.
1521 1277 1578 1319 cf.
1613 1277 1813 1336 Ryclzius
1854 1282 1909 1326 ad
1951 1283 2063 1327 h.·l.

1172 1331 1383 1375 Ceterum
1420 1333 1489 1376 ed.
1511 1334 1631 1399 Spir.
1666 1352 1749 1394 pro
1778 1340 1829 1381 in
1861 1349 2064 1385 mortem

1172 1389 1246 1433 dat
1267 1398 1435 1434 morte.

1230 1448 1559 1501 destringenti.
1648 1449 1723 1494 Sic
1778 1451 1880 1498 MS.
1932 1452 2061 1499 Flor.

1172 1509 1290 1560 (test.
1331 1503 1461 1561 Vict.)
1505 1505 1604 1548 edd.
1637 1506 1780 1566 Ryek.
1814 1510 1902 1554 lac.
1935 1510 2058 1556 Gro-

1172 1578 1278 1607 nov.
1303 1577 1404 1620 sqq.
1463 1564 1763 1618 distringenti
1786 1566 1922 1613 MSS.
1940 1568 2060 1615 Bud-

1170 1618 1322 1662 Guelf.
1343 1619 1442 1662 edd.
1467 1629 1574 1663 vett.
1605 1621 1664 1665 cf.
1681 1631 1774 1666 not.
1789 1623 1843 1667 ad
1857 1626 1901 1674 1,
1914 1623 1987 1669 82.
2000 1649 2061 1662 —-

1168 1676 1277 1719 Post
1333 1678 1524 1719 verbum
1588 1682 1878 1725 exclamavit
1924 1682 2062 1728 MSS.

1168 1734 1291 1776 Harl.
1331 1733 1464 1776 Bodl.
1503 1734 1584 1778 les.
1626 1736 1739 1782 Bud.
1775 1736 1927 1783 Guelf.
1958 1740 2060 1786 edd.

1167 1791 1273 1834 Put.
1296 1791 1364 1833 M,
1388 1800 1430 1834 et
1451 1791 1508 1834 V.
1535 1792 1638 1836 Ber.
1668 1794 1766 1839 Alc.
1790 1795 1932 1842 Rhen.
1957 1814 2059 1858 sqq·

1167 1865 1307 1907 usque
1333 1849 1384 1892 ad
1409 1847 1608 1907 Lipsium
1635 1851 1804 1896 addunt
1838 1869 1888 1897 ex
1913 1854 2058 1900 Octa-

1166 1908 1236 1951 via
1260 1906 1487 1964 tragoedia
1520 1908 1576 1962 (V.
1600 1908 1684 1950 368
1708 1910 1824 1968 sqq.)
1854 1921 2059 1972 excerpta

1165 1963 1295 2006 haecz
1337 1979 1516 2016 rogans
1541 1966 1815 2009 ministrum
1838 1976 1891 2011 ut
1924 1977 2059 2013 utero

1163 2021 1323 2062 dirum
1361 2035 1516 2063 ensem
1552 2026 1769 2066 conderet
1782 2039 1798 2067 .·
1835 2027 2059 2072 adiiciens

1162 2081 1231 2121 hic
1273 2085 1364 2126 est,
1412 2079 1488 2120 hic
1517 2088 1589 2122 est
1614 2080 1874 2135 fodiendus
1898 2084 2056 2140 ferr-0,

1164 2143 1428 2177 monstrum
1470 2138 1549 2192 qui
1591 2140 1685 2180 tale
1737 2141 1856 2183 tulit.
1943 2140 2056 2186 Post

1162 2197 1283 2235 hanc
1306 2208 1460 2235 vocem
1482 2210 1583 2236 cum
1603 2210 1822 2247 supremo
1845 2198 2056 2243 mixtam

1160 2250 1338 2304 gemitu
1361 2252 1573 2293 animam
1596 2256 1787 2296 tandem
1811 2263 1921 2310 post
1934 2256 2055 2312 sera

1164 2309 1350 2349 tristem
1378 2311 1573 2350 vulnera
1603 2311 1822 2355 reddidit.
1880 2312 2054 2359 Ictibus

1161 2365 1289 2406 enim
1314 2372 1358 2407 et
1380 2367 1540 2408 multis
1561 2366 1652 2421 (vel
1676 2370 1927 2427 multisque
1965 2378 2053 2416 etc.

1162 2422 1249 2464 Sed
1273 2423 1432 2464 absunt
1451 2422 1557 2466 haee
1583 2434 1852 2470 ornamenta
1876 2443 1900 2470 a
1968 2427 2051 2474 SS-

1160 2479 1285 2522 Flor.
1316 2481 1429 2533 (test.
1455 2481 1586 2536 Vict.)
1615 2481 1755 2526 Vatic.
1776 2482 1887 2542 Reg.
1911 2484 2053 2533 Corb.

1160 2537 1228 2580 ed.
1246 2535 1363 2594 Spir.
1378 2571 1388 2589 ,
1411 2553 1546 2595 quare
1559 2538 1731 2596 Lipsius
1753 2539 1942 2592 delevit,
1964 2559 2051 2589 nec

1160 2594 1439 2652 persuadebit
1471 2595 1603 2638 nobis
1630 2595 1968 2643 strombeekius
1997 2615 2050 2644 ea

1160 2668 1252 2694 esse
1272 2652 1481 2708 genuina.
1543 2652 1642 2695 MS.
1658 2654 1765 2711 Agr.
1788 2653 1939 2700 locum
1963 2656 2047 2700 ha-

1159 2709 1234 2751 bet
1266 2707 1352 2751 sies
1395 2708 1556 2757 Hunc,
1587 2712 1871 2754 exclamavit
1882 2745 1894 2765 ,
1923 2715 2048 2758 hune

1411 2815 1429 2826 Α
1777 2772 1873 2812 tale
1923 2773 2045 2816 tulit.

1158 2822 1275 2866 Nota
1302 2820 1376 2865 illa
1403 2838 1427 2864 e
1457 2822 1503 2865 in
1526 2824 1628 2867 MS.
1645 2823 1795 2869 Guelf.
1822 2835 1924 2885 post
1951 2831 2043 2871 ad-

1154 2880 1308 2922 iiciens
1329 2879 1404 2922 hic
1423 2895 1516 2922 non
1538 2882 1756 2939 significat
1775 2898 1832 2926 en
1847 2917 1858 2935 ,
1881 2894 1930 2929 ut
1946 2886 2045 2933 vult

1153 2935 1517 2989 Strombeckius,
1568 2939 1645 2982 sed
1688 2941 1871 3000 vulgare
1912 2958 2042 2987 com-

1153 2993 1366 3052 pendium
1391 3003 1455 3037 est
1478 2996 1603 3039 verbi
1629 3006 1710 3039 est.

1211 3050 1325 3093 CAP.
1362 3052 1403 3094 9.
1456 3058 1740 3106 produntur.
1798 3055 1873 3100 Sic
1906 3056 2042 3103 MSS.

1154 3107 1277 3150 Flor.
1303 3109 1417 3163 (test.
1434 3109 1552 3154 Vict.
1577 3128 1616 3154 c.
1642 3111 1727 3154 Iac·
1747 3110 1908 3171 Gron.)
1931 3113 1995 3158 Re
2024 3145 2041 3160 .

1152 3165 1272 3208 Harl.
1305 3166 1432 3209 Bodl.
1474 3166 1554 3211 les.
1594 3167 1742 3211 Guelf.
1777 3169 1892 3215 Bud.
1935 3130 2037 3215 edg-

1151 3222 1275 3281 Spir.⁸
1294 3223 1397 3266 Put.
1425 3224 1495 3266 M.
1520 3233 1562 3268 et
1578 3226 1631 3269 V.
1658 3234 1700 3268 et
1722 3225 2037 3274 lac.‘·,Gronov.

1150 3297 1247 3338 sqq.
1261 3310 1320 3316 -
1335 3285 1587 3324 traduntur
1603 3283 1702 3325 edd.
1719 3283 1922 3329 Beroald.
1936 3283 2036 3330 Ale.

1147 3337 1348 3381 Rhenan.
1372 3355 1470 3398 sqq.
1507 3340 1560 3382 ad
1587 3339 1674 3382 lac.
1699 3338 1908 3386 Gronov.
1966 3341 2039 3388 De
2113 3348 2119 3356 '

1144 3395 1246 3438 MS.
1279 3396 1388 3452 Agr.
1431 3396 1655 3439 silentium
1701 3405 1786 3449 'est3
1835 3397 2036 3456 Ryckius

1142 3452 1279 3495 edidit
1304 3462 1400 3495 tum
1421 3452 1647 3511 vulgatum
1671 3457 1938 3500 traduntur.

1195 3517 1305 3552 sunt
1325 3512 1407 3566 qui
1430 3511 1727 3553 tradiderint.
1787 3511 1847 3557 cs.
1872 3513 2033 3573 Xiphi-

1142 3566 1223 3611 lin.
1262 3567 1332 3616 61,
1366 3567 1433 3612 14.
1503 3567 1691 3612 Sueton.
1729 3567 1837 3613 Ner.
1879 3587 1921 3618 c.
1955 3570 2030 3617 84.
