2164 3990
294 24 304 49 k

1772 198 1824 238 A.
1842 197 1895 240 U.
1913 198 1999 242 sto.

1775 245 1826 281 A.
1846 246 1894 285 C.
1936 249 2001 288 63.

229 189 355 258 840
884 190 1246 256 ANNALI
1263 193 1405 260 UM

232 347 346 404 que
381 326 629 382 eandem
665 325 789 382 vim
826 322 1192 383 Samnitibus
1229 325 1433 396 Italico
1478 333 1699 408 populo
1738 348 1841 395 aut
1872 336 2090 398 Poenis

231 411 496 470 Romani
527 410 762 487 imperii
798 410 1062 470 aemulis,
1149 410 1426 472 Validam
1448 438 1684 495 quoque
1712 422 2087 482 et-l‘audatam

233 497 671 573 antiquitatem,
715 494 987 570 quotiens
1014 496 1255 553 fortuna
1281 513 1482 559 contra
1507 503 1705 574 daret,
1744 507 1920 564 saluti
1943 529 2089 566 con-

233 583 498 641 suluisse.
585 578 720 652 Qua
744 579 1151 654 desperatione
1179 585 1463 642 exercitus
1499 589 1618 649 dux
1657 591 1928 650 subactus
1962 595 2090 668 pri-
2151 583 2155 593 ⁴

234 687 358 725 mas
382 679 575 725 tamen
614 665 835 719 litteras
871 666 942 720 ad
970 662 1322 739 Vologesem
1361 689 1484 726 non
1520 675 1838 749 suppliceS‚
1882 680 1982 735 sed
2024 680 2089 735 in

233 754 480 810 modum
518 749 814 825 querentis
844 751 1204 825 composuit,
1247 754 1408 830 quod
1443 775 1554 831 pro
1589 754 1889 818 Armeniis
1935 783 2089 819 sem-

231 858 338 915 per
364 835 672 896 Romanae
709 834 955 890 ditionis
988 846 1090 893 aut
1122 834 1397 895 subiectis
1433 840 1581 913 regi,
1624 863 1799 920 quem
1834 847 2089 923 impera-

231 934 332 980 tor
360 919 698 993 delegisset,
739 914 980 976 hostilia
1013 921 1254 979 faceret:
1297 944 1503 998 pacem
1540 945 1608 982 ex
1642 948 1826 1005 aequo
1860 934 2087 997 utilem.

232 1028 340 1064 nec
387 1004 716 1081 praesentia
760 1015 992 1061 tantum
1030 1017 1340 1081 spectaret:
1397 1009 1591 1085 ipsum
1630 1014 1905 1073 adversus
1943 1020 2090 1075 duas

232 1092 490 1166 legiones
513 1089 841 1163 totisregni
866 1090 1096 1147 viribus
1122 1092 1453 1150 advenisse:
1489 1107 1548 1152 at
1571 1094 1862 1158 Romanis
1884 1104 2089 1160 orbem

231 1190 524 1235 terrarum
547 1174 844 1252 reliquum
871 1196 988 1252 quo
1019 1176 1242 1235 bellum
1269 1178 1557 1240 iuvarent.

234 1412 569 1470 mantinaeque
593 1410 851 1462 deditionis,
876 1425 991 1469 quae
1020 1411 1129 1456 scri·

233 1481 364 1530 ptura
397 1471 586 1514 debetur
614 1469 909 1514 emendatori.
979 1469 1048 1512 De
1079 1486 1129 1513 re

232 1528 290 1630 ‹lzg
314 1527 412 1576 Liv.
433 1529 475 1581 9,
503 1530 524 1571 1
549 1543 649 1586 sqq.
700 1521 823 1572 Flor.
858 1528 896 1579 1,
917 1526 984 1571 16.
1018 1535 1060 1571 et
1084 1527 1129 1577 2,

290 1691 374 1727 aut
436 1682 609 1727 Poenis
669 1680 884 1728 Romam·
944 1682 1133 1739 imperii

231 1744 444 1786 aemulis.
495 1744 721 1786 Validam
751 1751 835 1786 etc.
913 1742 991 1786 Sic
1024 1742 1128 1787 MS.

233 1794 388 1844 Guelf.
410 1799 510 1844 edd.
535 1801 565 1843 S
601 1801 653 1844 ir.
680 1796 785 1843 Put.
810 1799 878 1842 M.
899 1808 941 1843 et
966 1797 1019 1843 V.
1047 1799 1129 1844 Be-

231 1856 378 1902 roald.
401 1859 487 1916 Alc
528 1858 569 1900 R
602 1874 731 1903 enan.
755 1873 877 1915 sqq.,
904 1873 988 1900 nec
1011 1856 1128 1914 quis-

234 1931 369 1972 quam
394 1933 418 1959 e
441 1916 575 1959 MSS.
598 1916 854 1958 varietatem
882 1914 1130 1973 scripturae

254 1972 445 2016 redidit.
508 1972 594 2016 Sed
622 1966 788 2015 Poenis
814 1988 955 2025 quum
980 1971 1130 2014 nullae

232 1988 306 2073 Eia
356 2030 620 2075 viderentur
669 2045 763 2071 esse
819 2038 990 2086 partes,
1043 2027 1129 2074 viri

234 2087 356 2130 docti
390 2086 648 2142 auctoribus
672 2079 984 2129 Freinshemio
1018 2093 1061 2128 et
1094 2085 1128 2128 l.

232 2144 310 2188 Fr.
348 2143 588 2189 Gronovio
621 2139 1050 2195 Poenismutarunt
1079 2135 1129 2184 in

234 2197 481 2256 Hispanis,
529 2201 587 2244 'ad
624 2217 736 2259 quos
773 2201 995 2258 pertineat
1025 2195 1127 2242 Nu-

236 2258 438 2302 mantina
472 2257 637 2302 clades.
696 2258 875 2301 Deinde
897 2264 947 2300 ut
969 2257 1130 2302 verba:

233 2317 449 2360 Romam·
469 2315 658 2370 imperii
682 2314 882 2362 aemulis
917 2313 1133 2357 haberent

236 2390 328 2431 quo
349 2382 470 2416 recte
492 2371 790 2423 referrentur,
823 2380 924 2429 post
948 2370 1133 2426 Hispa-

236 2432 311 2475 nis
340 2430 552 2474 addidere
583 2446 640 2472 ae
663 2430 731 2473 vel
761 2444 904 2485 quam
924 2426 1131 2471 Parthis.

237 2491 299 2531 At
332 2488 420 2531 hoc
451 2495 515 2531 est
557 2487 649 2530 vim
691 2485 860 2530 inferre
902 2486 1129 2544 scriptori.

238 2546 353 2590 Nam
408 2557 466 2588 ne
519 2544 756 2604 vestigium
812 2542 993 2610 quidem
1038 2544 1130 2587 eius

237 2603 324 2647 scri
360 2612 487 2647 turae
512 2610 577 2645 est
604 2602 652 2645 in
676 2610 781 2646 vett.
813 2601 953 2644 hbris.
1012 2599 1132 2644 Hinc

240 2659 334 2705 ssek
365 2676 471 2703 erus
503 2675 647 2717 nuper
679 2657 892 2704 vocabula
930 2674 984 2700 ac
1006 2658 1128 2700 Par-

240 2719 358 2766 this,
384 2726 436 2760 ut
456 2717 712 2776 receptione
740 2732 833 2759 non
857 2714 1012 2772 digna,
1051 2730 1134 2759 un·

240 2777 304 2819 cis
331 2774 530 2818 inclusit·
592 2773 881 2817 Vocabulum
910 2773 1136 2828 Hispanis

241 2832 440 2876 retinuit.
522 2831 612 2875 Sed
651 2831 863 2887 Hispani
898 2846 1133 2888 nunquam

242 2891 344 2934 satis
394 2898 494 2948 apte
542 2888 633 2932 dici
673 2896 889 2947 poterunt
927 2888 1139 2931 Romam·

241 2948 432 3004 imperii
470 2948 670 2998 aemuli,
716 2945 844 3004 quod
884 2945 999 3000 bene
1032 2945 1132 2988 ani-

242 3003 483 3050 madvertit
519 3002 782 3053 Broterius,
826 3001 906 3059 qui
948 3002 1134 3045 retinuit

243 3069 443 3108 veterem
479 3061 766 3119 scripturam.
826 3060 885 3103 At
913 3055 1135 3115 ‘obiiciunt

241 3118 568 3164 Numantinam
593 3119 765 3174 cladem
793 3133 888 3160 non
910 3116 1133 3174 pertinere

243 3179 298 3221 ad
327 3177 445 3221 bella
470 3174 659 3219 Punica.
717 3174 882 3223 Recte,
910 3173 946 3217 si
977 3173 1132 3217 stricte

243 3251 345 3277 rem
374 3232 554 3292 accipis.
614 3230 786 3275 Verum
815 3229 930 3275 bella
959 3230 1130 3273 Roma-

243 3308 410 3334 norum
435 3292 481 3333 iu
503 3290 716 3348 Hispania
742 3298 858 3348 gesta
884 3287 1072 3331 omnino
1105 3303 1130 3331 a

241 3348 408 3391 Poenis
446 3363 649 3405 coepere.

241 3406 335 3448 Nee
355 3421 456 3447 cum
481 3404 709 3458 Hispanis
733 3403 893 3454 initio,
919 3407 1004 3445 sed
1022 3417 1127 3446 cum

238 3462 408 3505 Poenis
428 3462 477 3502 in
503 3461 733 3517 Hispania
756 3462 836 3516 (sc.
860 3459 1126 3503 dimicatum

240 3522 342 3575 cst).
402 3518 521 3560 Inde
546 3520 759 3574 contagio
784 3526 830 3563 et
848 3519 991 3561 series
1012 3532 1121 3563 cau-

1199 1428 1345 1473 saque
1375 1418 1623 1463 bellorum.
1697 1419 1971 1478 Quanquam
2002 1420 2014 1463 i
2048 1421 2092 1465 i—

1199 1481 1275 1517 tur
1296 1475 1538 1519 Numantia
1562 1484 1662 1534 post
1680 1477 1992 1535 Carthaginem
2050 1497 2091 1524 ed

1201 1547 1327 1575 mum
1359 1532 1499 1575 deleta
1530 1542 1619 1582 est,
1659 1534 1761 1578 satis
1793 1543 1943 1577 tamen
1979 1552 2089 1582 con-

1200 1595 1285 1631 stat
1311 1589 1481 1633 bellum
1512 1589 1839 1635 Numantinum
1874 1594 2092 1638 artissime

1202 1645 1443 1690 cohaerere
1479 1663 1582 1691 cum
1617 1648 1904 1692 dimicatione
1939 1650 2092 1694 adver-

1201 1719 1276 1746 sus
1306 1703 1509 1756 Poenos;
1544 1706 1685 1748 immo
1722 1705 1932 1750 exodium
1964 1709 2088 1766 quasi

1199 1760 1336 1804 fuisse
1371 1770 1504 1818 atque
1537 1763 1834 1820 appendicem
1866 1764 1971 1809 belli
2004 1765 2090 1809 Pu-

1200 1818 1310 1862 nici.
1371 1818 1510 1875 Quod
1544 1836 1648 1864 cum
1671 1820 1732 1864 ita
1761 1821 1839 1873 sit,
1868 1821 1931 1865 nil
1955 1821 2015 1865 im
2051 1840 2092 1867 e·

1201 1875 1265 1918 dit
1287 1891 1378 1934 quo
1403 1877 1553 1921 minus
1566 1877 1840 1922 Numantina
1857 1878 1928 1922 illa
1945 1879 2014 1923 cla
2048 1898 2094 1925 es

1201 1932 1425 1977 referatur
1447 1935 1564 1978 inter
1590 1935 1752 1979 damna
1774 1934 2091 1983 Romanorum

1201 1991 1255 2032 ab
1288 1991 1476 2034 aemulis
1511 1993 1687 2051 imperii
1724 1991 1793 2036 sui
1823 1992 1989 2037 Poenis
2018 2012 2092 2039 ac-

1202 2057 1342 2105 cepta.
1411 2049 1779 2093 Additamentum
1812 2066 1870 2092 ae
1897 2051 2092 2096 Parthis

1202 2104 1364 2148 melius
1386 2107 1502 2163 apud
1522 2106 1732 2150 Tacitum
1752 2107 2016 2165 intelligitur
2036 2111 2092 2153 ad

1202 2178 1356 2205 vocem
1393 2167 1610 2207 eandem.
1680 2165 1792 2208 Mox
1816 2179 1899 2221 pro
1924 2174 2092 2208 contra

1201 2222 1342 2262 daret
1364 2220 1464 2264 MS.
1486 2221 1603 2264 Bud.
1625 2223 1978 2265 contradiceret.

1260 2305 1357 2345 qua
1387 2292 1733 2344 desperatione.
1804 2290 1906 2336 MS.
1936 2291 2090 2353 Guelf.

1203 2356 1375 2390 contra
1397 2352 1790 2403 desperationem.

1256 2419 1446 2472 primas
1476 2427 1655 2462 tamen.
1713 2415 1789 2465 Sic
1811 2419 1910 2464 MS.
1935 2420 2092 2465 Guelf-

1204 2474 1304 2540 edd.
1326 2475 1431 2519 Put.
1459 2477 1525 2520 M.
1557 2485 1599 2520 et
1622 2477 1676 2520 V.
1711 2475 1814 2522 Ber.
1850 2479 1909 2534 (c.
1943 2480 2092 2523 silent.

1203 2531 1340 2588 vict.)
1374 2533 1475 2577 Alc.
1502 2533 1643 2601 Rhegi.
1668 2550 1766 2593 sqq.
1794 2562 1853 2572 --
1909 2539 2094 2603 psintas

1201 2597 1391 2633 tantum
1430 2591 1501 2658 ed.
1527 2591 1673 2658 §piru
1718 2593 1840 2650 quod
1876 2602 2036 2639 vltlum
2068 2611 2094 2637 e

1201 2647 1472 2763 ‹tzlq‘rgpfelpgro
1499 2656 1548 2691 tn
1572 2650 1654 2704 (sic
1676 2649 1776 2694 edd.
1804 2650 1923 2707 Put.)
1956 2667 2090 2694 exor-

1263 2776 1314 2816 in
1347 2778 1556 2818 modum.
1635 2774 1719 2820 Ed.
1753 2776 1870 2834 Spir.
1906 2778 1957 2820 in
1989 2795 2092 2821 me-

1203 2833 1352 2875 dium.
1413 2833 1579 2876 Eadem
1604 2849 1707 2876 mox
1722 2849 1814 2889 pro
1829 2839 2065 2881 Armenis.

1258 2917 1470 2960 ditionis-
1538 2916 1615 2962 Sic
1657 2915 1758 2962 MS.
1793 2917 1945 2962 Guelf.
1989 2921 2093 2965 edd.

1202 2981 1311 3018 vett.
1342 2983 1386 3017 et
1417 2983 1606 3018 recentt.
1640 2996 1703 3009 -·—
1766 2977 1964 3020 dicionis
1992 2978 2094 3023 MS.

1203 3031 1327 3075 Flor.
1350 3039 1452 3075 test.
1480 3032 1596 3076 vict.

1258 3114 1474 3158 subiectis
1504 3115 1626 3171 regi,
1660 3132 1799 3173 quem
1825 3118 2091 3174 imperator

1202 3175 1247 3214 d.
1271 3180 1355 3216 etc.
1415 3173 1498 3217 Ed.
1521 3173 1638 3232 Spir.
1667 3176 1878 3218 subiectis
1909 3191 1950 3219 r.
1979 3189 2028 3229 ρ.
2065 3178 2099 3232 ἤ

1202 3231 1465 3285 imperator
1501 3232 1777 3285 delegisset:
1822 3240 1868 3275 et
1899 3233 2089 3276 hostilia

1200 3295 1287 3331 etc.
1348 3287 1514 3331 Eadem
1539 3305 1580 3332 c.
1605 3289 1705 3332 cod.
1729 3285 1844 3332 Bud.
1867 3302 1998 3333 mox:
2027 3304 2090 3333 ne

727 3346 787 3390 cf.
823 3345 951 3389 Flor.
981 3347 1024 3397 2,
1056 3344 1126 3388 17.
1194 3347 1466 3399 praesentia
1481 3361 1566 3404 pro
1586 3361 1670 3388 nec
1680 3361 1832 3400 praes.
1863 3353 1904 3388 et
1927 3346 2087 3390 deinde

1198 3401 1291 3459 ipsa
1324 3403 1416 3445 sola
1442 3412 1495 3445 at
1519 3406 1710 3458 romani
1726 3420 1809 3461 pro
1831 3411 1883 3444 at
1902 3404 2085 3446 Roma-

1196 3460 1289 3502 nis.
1304 3483 1359 3493 --
1381 3459 1480 3503 MS.
1494 3459 1645 3503 Guels.
1657 3474 1718 3502 ne
1727 3464 1969 3516 presentia
1994 3469 2012 3502 t
2023 3479 2054 3504 a
2068 3484 2084 3495 -

1196 3531 1338 3561 men.
1383 3517 1481 3564 MS.
1504 3517 1619 3563 Bud.
1643 3515 1751 3560 utili
1767 3534 1850 3575 pro
1876 3516 2056 3564 utilem.
