2164 3990
220 260 453 341 2:850‘32:

602 262 778 324 ΜΒ.
817 259 983 323 xm.
1060 224 1255 323 CAP.
1295 264 1387 323 16.
1425 265 1523 324 17.
1564 333 1565 336 Ν
1871 266 1987 326 167

136 395 421 473 paulatim
455 394 616 451 visus
638 400 985 467 sensusque.
1072 387 1154 450 At
1176 380 1542 468 Agrippinae
1579 394 1628 449 is
1660 415 1875 468 pavor,
1917 384 1983 453 ea

135 479 526 539 consternatio
566 477 810 545 mentiS,
865 478 1132 552 quamvis
1176 476 1344 535 vultu
1387 489 1780 554 premeretur,
1835 482 1981 536 emi—

134 566 299 634 cuit‚·
338 577 405 622 ut
446 563 691 639 perinde
733 562 999 634 ignaram
1034 563 1211 618 fuisse
1250 583 1315 620 ac
1354 582 1614 619 sororem
1650 561 1981 622 Britannici

132 647 446 707 Octaviam
482 647 825 705 constiterit.
912 646 1128 722 quippe
1166 647 1280 703 sibi
1316 664 1656 722 supremum
1695 649 2012 706 auxilium.

133 747 398 810 ereptum
448 745 506 790 et
546 731 851 808 parricidii
897 733 1226 806 exemplum
1264 733 1643 807 intelligebat.
1731 729 1982 791 Octavia

132 840 366 896 quoque
424 818 693 894 quamvis
746 816 996 873 rudibus
1047 818 1221 872 annis
1287 819 1582 889 dolorem,
1668 819 1982 889 caritatem,

131 905 325 962 omnis
354 904 613 960 adfectus
638 902 995 959 abscondere
1022 901 1325 961 didicerat.

298 1025 495 1086 XVII.
563 1024 653 1083 Ita
695 1038 828 1101 post
870 1027 1048 1082 breve
1099 1025 1397 1082 silentium
1436 1027 1684 1103 repetita
1723 1031 1982 1087 convivii

130 1113 368 1171 laetitia.
466 1110 598 1168 Nox
640 1112 839 1167 eadem
882 1131 1083 1166 necem
1120 1108 1453 1168 Britannici
1494 1124 1550 1169 et
1585 1132 1794 1187 rogum
1838 1136 1980 1172 con—

132 1197 323 1254 iunxit
346 1196 582 1272 proviso
611 1207 743 1251 ante
768 1195 1004 1252 funebri
1028 1207 1264 1269 paratu,
1305 1197 1408 1272 qui
1430 1198 1699 1255 modicus
1719 1200 1848 1258 fuit.
1918 1201 1980 1256 in

129 1303 334 1356 campo
363 1294 558 1338 tamen
587 1279 800 1336 Martis
828 1280 1090 1354 sepultus
1115 1292 1198 1336 est
1223 1282 1367 1337 adeo
1395 1283 1649 1339 turbidis
1674 1284 1982 1356 imbribus,
2031 1279 2033 1282 ¹

128 1377 197 1441 qt
228 1366 439 1439 vulgus
475 1365 624 1421 iram
655 1366 832 1421 deum
864 1365 1142 1440 portendi
1175 1367 1490 1423 crediderit
1527 1369 1803 1426 adversus
1836 1370 1982 1427 faci—

129 1471 273 1520 nuS‚
326 1450 421 1507 cui
454 1450 722 1526 plerique
757 1450 933 1506 etiam
964 1445 1276 1506 hominum
1310 1452 1689 1524 ignoscebant
1710 1455 1983 1531 antiquas

127 1538 380 1593 fratrum
427 1535 749 1592 discordias
802 1547 858 1592 et
905 1535 1248 1592 insociabile
1294 1556 1544 1611 regnum
1589 1540 1985 1602 aestimante&

187 1753 311 1796 visus
330 1766 596 1808 sensusque.
656 1751 763 1795 MS.
782 1753 891 1809 Agr.
910 1766 1017 1796 sen-

126 1826 205 1853 sus
233 1812 454 1866 visusque.
660 1843 662 1845 -

185 1882 486 1937 Agrippinae.
557 1880 643 1924 Ed.
684 1880 801 1938 Spir.
843 1880 1022 1935 Agrip-

122 1954 259 1994 pena.

186 2009 386 2052 emicuit.
443 2001 675 2052 Ernestiu‘s
695 2007 872 2051 volebat
900 2003 1019 2050 e'mi-

125 2069 239 2110 nuit.
327 2067 385 2109 At
429 2081 571 2126 pavor
610 2074 651 2107 et
703 2065 1022 2116 consternatio,

127 2140 242 2181 quae
292 2123 422 2167 vultu
465 2131 760 2182 premuntur,
820 2123 1019 2164 emicare

126 2181 308 2240 quidem
330 2190 540 2239 possunt,
570 2180 757 2223 minime
779 2196 890 2224 vero
911 2181 1018 2222 emi-

124 2254 428 2306 nere;‚‚nam
470 2237 575 2281 ideo
621 2246 912 2296 premuntur,
961 2253 1018 2281 ne

124 2304 365 2340 emineant.

181 2383 236 2410 ac
251 2381 465 2409 sororem
479 2365 748 2408 Britannici
759 2364 1018 2407 Octaviam.

124 2425 259 2468 Hunc
291 2425 532 2472 verborum
560 2422 766 2465 ordinem
791 2421 1020 2464 Ernestius

125 2481 342 2528 instituit,
390 2488 439 2522 ut
471 2479 566 2538 ipse
597 2479 825 2529 adfirmat,
867 2494 917 2520 ex
950 2477 1019 2521 ed.

125 2539 244 2597 Spir.
304 2538 391 2581 Sed
411 2537 456 2579 in
481 2537 551 2580 ed.
576 2536 692 2593 Spir.
719 2545 758 2578 et
780 2534 884 2578 MS.
908 2534 1018 2592 Reg-

125 2605 191 2640 est
218 2595 486 2641 Britannici
511 2607 722 2637 sororem
757 2593 1017 2642 Octaviam,

127 2653 290 2698 omissa
331 2650 556 2709 particula
606 2666 677 2694 ac.
770 2650 886 2692 Ante
928 2649 1015 2691 Er-

125 2712 318 2755 uestium
341 2711 576 2753 edebatur:
607 2724 662 2750 ac
676 2708 923 2750 Octaviam
946 2721 1016 2748 so-

125 2783 281 2809 rorem
294 2769 384 2811 Br.
401 2799 413 2818 ,
439 2782 551 2822 quae
574 2765 707 2808 series
730 2773 794 2807 est
818 2765 863 2806 in
881 2762 1018 2807 MSS.

127 2825 278 2868 Guelf.
298 2824 428 2867 Bodl.
450 2823 549 2866 edd.
569 2823 674 2866 Put.
698 2823 765 2865 M.
792 2831 834 2865 et
847 2821 1020 2865 V.Ber.

126 2884 248 2937 (cum
286 2882 434 2925 silent.
454 2881 593 2936 Vici.)
622 2880 720 2923 Alc.
747 2879 894 2922 Rhen.
921 2896 1022 2977 sqq.

126 2948 268 2995 atque
293 2938 535 2982 Octaviam
557 2952 597 2980 s.
623 2938 709 2980 ΒΓ.
734 2937 872 2980 MSS.
897 2936 988 2979 Har
1010 2967 1019 2977 .

128 2997 238 3045 les„
279 2995 341 3038 uti
378 2996 484 3039 olim
523 2995 775 3037 coniecerat
810 2994 1021 3036 Faernus.

128 3053 335 3096 Brotevio
361 3052 632 3097 vocabulum
666 3051 908 3094 Octaviam
939 3051 1020 3092 de-

130 3111 316 3154 lendum
342 3126 436 3152 esse
459 3109 712 3153 videbatur.
753 3108 918 3161 Recte3
939 3107 1022 3149 nisi

131 3168 256 3212 malis
277 3175 414 3222 atque
433 3165 530 3209 Oct.
575 3167 686 3208 Nam
710 3182 764 3208 ac
780 3165 1025 3209 Octaviam

128 3234 247 3269 certe
270 3241 362 3268 non
385 3232 450 3267 est
470 3239 492 3265 a
515 3223 672 3266 Tacito
694 3225 967 3278 profectum.

184 3296 448 3338 caritatem.
523 3292 607 3336 Ed.
646 3293 765 3351 Spir.
809 3295 1023 3335 caritate.

127 3353 294 3395 Eadem
316 3367 398 3409 pro
420 3351 614 3393 convivii
630 3350 758 3393 habet
779 3350 1025 3400 communi,

129 3409 339 3467 quod‘in
376 3417 631 3452 ceterorum
677 3407 897 3450 librorum
940 3422 1024 3464 pro

130 3467 303 3523 vulgata
329 3467 547 3523 scriptura
571 3479 794 3508 consensu
817 3465 1026 3509 adnume-

131 3524 324 3588 randum
365 3532 429 3567 est
466 3522 718 3567 innumeris
758 3521 886 3566 istius
926 3521 1027 3566 libri

136 3589 268 3624 vitus.

1151 1753 1262 1796 CAp.
1279 1754 1344 1796 17.
1370 1763 1566 1808 paratu.
1626 1755 1702 1799 Sic
1715 1756 1847 1800 MSS.
1864 1758 1993 1804 Flor.

1097 1813 1215 1866 (test.
1233 1811 1378 1872 Pich.)
1404 1812 1515 1855 Bud.
1539 1812 1640 1856 edd.
1666 1812 1781 1871 Spir.
1804 1815 1986 1858 Pichen.
2014 1833 2016 1835 ’

1094 1885 1189 1926 sqq.
1273 1868 1502 1912 Victorius
1544 1870 1762 1913 intactum
1807 1871 1996 1930 reliquit

1093 1934 1356 1981 apparatu,
1400 1926 1521 1983 quod
1545 1936 1610 1970 est
1631 1927 1675 1969 in
1702 1928 1836 1971 MSS‘.
1859 1928 1984 1972 Harl.

1092 1983 1225 2025 Bodl.
1253 1982 1333 2026 les.
1349 1981 1499 2025 Guelf.
1527 1984 1627 2026 edd.
1650 1983 1752 2027 Put.
1778 1985 1847 2029 M.
1872 1987 1984 2030 etv.

1092 2038 1301 2083 Beroald.
1326 2039 1430 2083 Alc.
1452 2039 1653 2083 Rhenan.
1679 2057 1778 2099 sqq.
1838 2043 1984 2087 Rhen.

1093 2105 1243 2140 tamen
1270 2098 1469 2149 voluerat
1492 2098 1598 2141 dare
1617 2107 1811 2153 paratu.
1873 2102 1989 2144 Sae-

1091 2156 1190 2212 pius
1215 2162 1457 2211 utrumque
1482 2156 1751 2199 vocabulum
1785 2158 1984 2201 eonfun-
2042 2172 2047 2176 ⁴

1091 2212 1227 2255 ditur.
1295 2211 1358 2255 ef.
1400 2221 1496 2256 not.
1536 2213 1592 2256 ad
1630 2216 1696 2266 11,
1725 2213 1797 2257 30.
1867 2215 1983 2261 Hist.

1087 2271 1131 2321 2,
1153 2270 1222 2312 59.

1147 2327 1366 2370 modicus.
1427 2327 1529 2370 MS.
1555 2327 1704 2372 Guelf.
1734 2338 1958 2375 mortuus.

1146 2398 1334 2442 Martis.
1393 2397 1468 2440 Sic
1491 2398 1624 2442 MSS.
1652 2399 1776 2443 Flor.
1797 2402 1984 2453 (tesnv.

1094 2472 1134 2497 c.
1180 2455 1326 2509 Pich.)
1372 2454 1499 2498 Harl.
1545 2456 1626 2499 les.
1673 2456 1825 2501 Guels.
1879 2459 1981 2503 edd.

1090 2511 1218 2555 Pieh.
1242 2527 1339 2569 sqq.
1398 2511 1573 2553 Martio
1597 2510 1698 2556 MS.
1720 2513 1852 2557 Bodl.
1883 2515 1985 2560 edd.

1092 2568 1215 2626 Spir.
1238 2564 1342 2611 Put.
1366 2570 1435 2611 M.
1460 2577 1502 2610 et
1515 2568 1571 2612 V.
1596 2570 1701 2614 Ber.
1724 2571 1825 2616 Alc.
1841 2572 1985 2617 Rhen.

1089 2643 1108 2668 s
1181 2658 1189 2666 .

1115 2641 1356 2750 ᾳὲεραῖιιιε
1378 2703 1463 2738 est.
1523 2696 1581 2740 cf.
1603 2708 1702 2743 not.
1724 2700 1776 2743 ad
1802 2702 1843 2754 2,
1867 2702 1940 2747 73.

1147 2769 1300 2808 deum.
1361 2767 1461 2809 MS.
1487 2765 1640 2811 Guelf.
1669 2771 1759 2814 dei.
1788 2799 1847 2808 -
1870 2787 1985 2827 por—

1094 2837 1238 2878 tendi.
1306 2836 1390 2878 Ed.
1423 2834 1542 2894 Spir.
1570 2837 1712 2893 ptssdi
1740 2839 1783 2885 h.
1805 2858 1844 2885 e.
1871 2858 1987 2897 pro-

1095 2894 1241 2935 tendi,

1147 2951 1350 3006 plerique
1385 2953 1543 2994 etiam.
1614 2953 1666 2996 In
1698 2955 1800 2999 MS.
1837 2956 1990 3001 Guelf.

1095 3008 1242 3051 omitti
1304 3009 1445 3049 etiam
1507 3010 1688 3055 tradidit
1742 3013 1986 3064 ErnestiuS,

1093 3082 1207 3122 quae
1243 3074 1392 3106 tamen
1424 3066 1643 3122 particula
1675 3071 1775 3112 satis
1812 3071 1873 3113 ibi
1904 3082 1989 3118 nee

1096 3124 1262 3166 frustra
1294 3122 1435 3164 adest:
1486 3122 1702 3175 intendit,
1753 3128 1992 3176 confirmat

1097 3196 1255 3224 vocem
1286 3181 1508 3234 plerique.
1571 3181 1751 3240 Quippe
1783 3184 1989 3231 homines

1098 3238 1410 3293 ignoscebant,
1434 3252 1528 3280 non
1553 3255 1668 3282 unus
1691 3250 1731 3282 et
1754 3242 1887 3295 alter,
1912 3247 1988 3289 sed

1099 3294 1299 3352 plerique
1326 3295 1472 3337 etiam.

1154 3358 1197 3392 et
1233 3351 1509 3394 insociabile.
1570 3353 1652 3395 Ed.
1679 3355 1798 3414 S'pir.
1832 3367 1877 3401 el
1911 3361 1987 3401 in-

1097 3409 1326 3450 satiabile.

1156 3466 1476 3508 aeslinmrttes.
1536 3467 1613 3511 Sic
1641 3469 1728 3513 sive
1761 3474 1985 3516 estinmn-

1102 3531 1168 3564 tes
1189 3521 1325 3565 MSS.
1354 3523 1454 3567 Vat.
1482 3525 1607 3567 1958.
1635 3524 1787 3573 Guelf.
1813 3531 1919 3589 Agr.
1948 3534 1988 3585 (a

1102 3594 1191 3623 see.
1215 3582 1294 3637 m.)
1324 3579 1538 3626 edd.Put.
1562 3584 1628 3627 M.
1652 3593 1689 3628 et
1706 3584 1759 3629 V.
1775 3587 1987 3632 BenAle.
