<?xml version="1.0" encoding="UTF-8"?>
<!DOCTYPE html PUBLIC "-//W3C//DTD XHTML 1.0 Transitional//EN"
    "http://www.w3.org/TR/xhtml1/DTD/xhtml1-transitional.dtd">
<html xmlns="http://www.w3.org/1999/xhtml" xml:lang="en" lang="en">
 <head>
  <title>
</title>
<meta http-equiv="Content-Type" content="text/html;charset=utf-8" />
  <meta name='ocr-system' content='tesseract 3.04.00' />
  <meta name='ocr-capabilities' content='ocr_page ocr_carea ocr_par ocr_line ocrx_word'/>
</head>
<body>
  <div class='ocr_page' id='page_1' title='image "./operarecensuitet02taciuoft/operarecensuitet02taciuoft_0316.png"; bbox 0 0 2164 3990; ppageno 0'>
   <div class='ocr_carea' id='block_1_1' title="bbox 1696 169 2004 262">
    <p class='ocr_par' dir='ltr' id='par_1_1' title="bbox 1696 169 2004 262">
     <span class='ocr_line' id='line_1_1' title="bbox 1696 169 2004 219; baseline 0.003 -3"><span class='ocrx_word' id='word_1_1' title='bbox 1696 169 1706 186; x_wconf 71' lang='lat'><strong>‘&#39;</strong></span> <span class='ocrx_word' id='word_1_2' title='bbox 1775 169 2004 219; x_wconf 49' lang='lat' dir='ltr'><strong>munte.</strong></span> 
     </span>
     <span class='ocr_line' id='line_1_2' title="bbox 1776 218 2004 262; baseline 0.013 -3"><span class='ocrx_word' id='word_1_3' title='bbox 1776 225 1828 259; x_wconf 77' lang='grc' dir='ltr'><strong>Α.</strong></span> <span class='ocrx_word' id='word_1_4' title='bbox 1849 224 1906 262; x_wconf 67' lang='grc' dir='ltr'><em>α</em></span> <span class='ocrx_word' id='word_1_5' title='bbox 1937 218 2004 262; x_wconf 72' lang='lat'><strong>6³.</strong></span> 
     </span>
    </p>
   </div>
   <div class='ocr_carea' id='block_1_2' title="bbox 162 144 1409 253">
    <p class='ocr_par' dir='ltr' id='par_1_2' title="bbox 162 144 1409 253">
     <span class='ocr_line' id='line_1_3' title="bbox 162 144 1409 253; baseline -0.003 -7"><span class='ocrx_word' id='word_1_6' title='bbox 162 144 167 149; x_wconf 56' lang='grc'><strong>’</strong></span> <span class='ocrx_word' id='word_1_7' title='bbox 226 171 349 247; x_wconf 77' lang='lat'><strong>306</strong></span> <span class='ocrx_word' id='word_1_8' title='bbox 390 235 393 238; x_wconf 86' lang='grc'><em>.</em></span> <span class='ocrx_word' id='word_1_9' title='bbox 901 144 1409 253; x_wconf 56' lang='lat' dir='ltr'><strong>mmm-M</strong></span> 
     </span>
    </p>
   </div>
   <div class='ocr_carea' id='block_1_3' title="bbox 225 310 2092 1585">
    <p class='ocr_par' dir='ltr' id='par_1_3' title="bbox 225 310 2092 1585">
     <span class='ocr_line' id='line_1_4' title="bbox 227 310 2091 400; baseline 0.001 -28"><span class='ocrx_word' id='word_1_10' title='bbox 227 315 548 393; x_wconf 83' lang='lat' dir='ltr'><strong>„expedire</strong></span> <span class='ocrx_word' id='word_1_11' title='bbox 576 316 846 374; x_wconf 86' lang='lat' dir='ltr'><strong>docuisti.</strong></span> <span class='ocrx_word' id='word_1_12' title='bbox 934 310 1178 370; x_wconf 66' lang='lat' dir='ltr'><strong>Abavus</strong></span> <span class='ocrx_word' id='word_1_13' title='bbox 1205 315 1371 371; x_wconf 86' lang='lat' dir='ltr'><strong>meus</strong></span> <span class='ocrx_word' id='word_1_14' title='bbox 1396 310 1699 400; x_wconf 73' lang='lat' dir='ltr'><strong>Augustus</strong></span> <span class='ocrx_word' id='word_1_15' title='bbox 1711 311 2008 394; x_wconf 75' lang='lat' dir='ltr'>Agrippae</span> <span class='ocrx_word' id='word_1_16' title='bbox 2034 328 2091 375; x_wconf 87' lang='lat' dir='ltr'><strong>et</strong></span> 
     </span>
     <span class='ocr_line' id='line_1_5' title="bbox 230 397 2092 480; baseline -0.001 -21"><span class='ocrx_word' id='word_1_17' title='bbox 230 451 263 474; x_wconf 87' lang='lat'><strong>‚,</strong></span> <span class='ocrx_word' id='word_1_18' title='bbox 275 402 609 480; x_wconf 73' lang='lat' dir='ltr'><strong>Maecenati</strong></span> <span class='ocrx_word' id='word_1_19' title='bbox 636 418 918 474; x_wconf 78' lang='lat' dir='ltr'><strong>usurpare</strong></span> <span class='ocrx_word' id='word_1_20' title='bbox 946 397 1134 453; x_wconf 84' lang='lat' dir='ltr'><strong>otium</strong></span> <span class='ocrx_word' id='word_1_21' title='bbox 1157 409 1289 472; x_wconf 87' lang='lat' dir='ltr'><strong>post</strong></span> <span class='ocrx_word' id='word_1_22' title='bbox 1313 399 1544 455; x_wconf 85' lang='lat' dir='ltr'><strong>labores</strong></span> <span class='ocrx_word' id='word_1_23' title='bbox 1569 403 1871 472; x_wconf 73' lang='lat' dir='ltr'><strong>eoncessit‚</strong></span> <span class='ocrx_word' id='word_1_24' title='bbox 1897 404 2003 459; x_wconf 84' lang='lat' dir='ltr'><strong>sed·</strong></span> <span class='ocrx_word' id='word_1_25' title='bbox 2025 403 2092 458; x_wconf 90' lang='lat' dir='ltr'><strong>in</strong></span> 
     </span>
     <span class='ocr_line' id='line_1_6' title="bbox 232 483 2090 563; baseline 0 -19"><span class='ocrx_word' id='word_1_26' title='bbox 232 535 266 559; x_wconf 86' lang='lat'><strong>„</strong></span> <span class='ocrx_word' id='word_1_27' title='bbox 283 509 348 545; x_wconf 82' lang='lat' dir='ltr'><strong>ea</strong></span> <span class='ocrx_word' id='word_1_28' title='bbox 382 488 507 562; x_wconf 79' lang='lat' dir='ltr'><strong>ipsa</strong></span> <span class='ocrx_word' id='word_1_29' title='bbox 540 498 756 553; x_wconf 77' lang='lat' dir='ltr'><strong>aetate,</strong></span> <span class='ocrx_word' id='word_1_30' title='bbox 806 483 972 539; x_wconf 86' lang='lat' dir='ltr'><strong>cuius</strong></span> <span class='ocrx_word' id='word_1_31' title='bbox 998 483 1312 539; x_wconf 77' lang='lat' dir='ltr'>auctoritas</span> <span class='ocrx_word' id='word_1_32' title='bbox 1336 496 1597 543; x_wconf 83' lang='lat' dir='ltr'><strong>tueretur</strong></span> <span class='ocrx_word' id='word_1_33' title='bbox 1620 483 1917 563; x_wconf 73' lang='lat' dir='ltr'><strong>quidquidv</strong></span> <span class='ocrx_word' id='word_1_34' title='bbox 1937 488 2090 544; x_wconf 87' lang='lat' dir='ltr'><strong>illud</strong></span> 
     </span>
     <span class='ocr_line' id='line_1_7' title="bbox 229 567 2089 650; baseline -0.001 -20"><span class='ocrx_word' id='word_1_35' title='bbox 229 621 264 645; x_wconf 82' lang='grc'><strong>,,</strong></span> <span class='ocrx_word' id='word_1_36' title='bbox 276 586 332 632; x_wconf 88' lang='lat' dir='ltr'><strong>et</strong></span> <span class='ocrx_word' id='word_1_37' title='bbox 367 574 774 650; x_wconf 75' lang='lat' dir='ltr'><strong>qualecunque</strong></span> <span class='ocrx_word' id='word_1_38' title='bbox 819 567 1137 624; x_wconf 78' lang='lat' dir='ltr'><strong>tribuisset:</strong></span> <span class='ocrx_word' id='word_1_39' title='bbox 1195 579 1451 625; x_wconf 78' lang='lat' dir='ltr'>attamen</span> <span class='ocrx_word' id='word_1_40' title='bbox 1481 581 1759 627; x_wconf 85' lang='lat' dir='ltr'><strong>neutrum</strong></span> <span class='ocrx_word' id='word_1_41' title='bbox 1790 573 1943 630; x_wconf 83' lang='lat' dir='ltr'><strong>datis</strong></span> <span class='ocrx_word' id='word_1_42' title='bbox 1969 594 2002 628; x_wconf 87' lang='lat' dir='ltr'><strong>a</strong></span> <span class='ocrx_word' id='word_1_43' title='bbox 2029 594 2089 629; x_wconf 89' lang='lat' dir='ltr'><strong>se</strong></span> 
     </span>
     <span class='ocr_line' id='line_1_8' title="bbox 227 651 2090 734; baseline -0.001 -20"><span class='ocrx_word' id='word_1_44' title='bbox 227 659 554 734; x_wconf 75' lang='lat' dir='ltr'><strong>„praemiis</strong></span> <span class='ocrx_word' id='word_1_45' title='bbox 592 654 766 711; x_wconf 83' lang='lat' dir='ltr'><strong>exuit.</strong></span> <span class='ocrx_word' id='word_1_46' title='bbox 853 651 1023 708; x_wconf 89' lang='lat' dir='ltr'><strong>Bello</strong></span> <span class='ocrx_word' id='word_1_47' title='bbox 1062 663 1116 707; x_wconf 90' lang='lat' dir='ltr'><strong>et</strong></span> <span class='ocrx_word' id='word_1_48' title='bbox 1151 652 1430 727; x_wconf 87' lang='lat' dir='ltr'><strong>periculis</strong></span> <span class='ocrx_word' id='word_1_49' title='bbox 1469 669 1832 713; x_wconf 83' lang='lat' dir='ltr'><strong>meruerant:</strong></span> <span class='ocrx_word' id='word_1_50' title='bbox 1894 657 1959 714; x_wconf 90' lang='lat' dir='ltr'><strong>in</strong></span> <span class='ocrx_word' id='word_1_51' title='bbox 1994 653 2090 713; x_wconf 88' lang='lat' dir='ltr'><strong>his</strong></span> 
     </span>
     <span class='ocr_line' id='line_1_9' title="bbox 226 734 2090 815; baseline -0.001 -16"><span class='ocrx_word' id='word_1_52' title='bbox 226 745 432 815; x_wconf 84' lang='lat' dir='ltr'><strong>„enim</strong></span> <span class='ocrx_word' id='word_1_53' title='bbox 461 743 697 799; x_wconf 83' lang='lat' dir='ltr'><strong>iuventa</strong></span> <span class='ocrx_word' id='word_1_54' title='bbox 723 734 975 811; x_wconf 83' lang='lat' dir='ltr'>Augusti</span> <span class='ocrx_word' id='word_1_55' title='bbox 1005 749 1228 793; x_wconf 73' lang='lat' dir='ltr'><strong>versata</strong></span> <span class='ocrx_word' id='word_1_56' title='bbox 1257 750 1358 796; x_wconf 86' lang='lat' dir='ltr'><strong>est.</strong></span> <span class='ocrx_word' id='word_1_57' title='bbox 1427 758 1532 795; x_wconf 89' lang='lat' dir='ltr'><strong>nec</strong></span> <span class='ocrx_word' id='word_1_58' title='bbox 1561 737 1706 796; x_wconf 87' lang='lat' dir='ltr'>mihi</span> <span class='ocrx_word' id='word_1_59' title='bbox 1734 743 1849 797; x_wconf 86' lang='lat' dir='ltr'><strong>tela</strong></span> <span class='ocrx_word' id='word_1_60' title='bbox 1882 754 1939 799; x_wconf 87' lang='lat' dir='ltr'><strong>et</strong></span> <span class='ocrx_word' id='word_1_61' title='bbox 1961 763 2090 798; x_wconf 83' lang='lat' dir='ltr'><strong>ma·-</strong></span> 
     </span>
     <span class='ocr_line' id='line_1_10' title="bbox 227 822 2088 902; baseline -0.002 -17"><span class='ocrx_word' id='word_1_62' title='bbox 227 849 386 900; x_wconf 84' lang='lat' dir='ltr'><strong>„nus</strong></span> <span class='ocrx_word' id='word_1_63' title='bbox 411 841 543 884; x_wconf 79' lang='lat' dir='ltr'><strong>tuae</strong></span> <span class='ocrx_word' id='word_1_64' title='bbox 574 823 894 880; x_wconf 80' lang='lat' dir='ltr'><strong>defuissent</strong></span> <span class='ocrx_word' id='word_1_65' title='bbox 921 823 983 877; x_wconf 90' lang='lat' dir='ltr'><strong>in</strong></span> <span class='ocrx_word' id='word_1_66' title='bbox 1011 822 1188 877; x_wconf 84' lang='lat' dir='ltr'><strong>armis</strong></span> <span class='ocrx_word' id='word_1_67' title='bbox 1217 823 1429 895; x_wconf 84' lang='lat' dir='ltr'><strong>agenti.</strong></span> <span class='ocrx_word' id='word_1_68' title='bbox 1501 825 1600 878; x_wconf 92' lang='lat' dir='ltr'><strong>sed</strong></span> <span class='ocrx_word' id='word_1_69' title='bbox 1631 828 1788 901; x_wconf 82' lang='lat' dir='ltr'><strong>quod</strong></span> <span class='ocrx_word' id='word_1_70' title='bbox 1813 840 2088 902; x_wconf 77' lang='lat' dir='ltr'><strong>praesens</strong></span> 
     </span>
     <span class='ocr_line' id='line_1_11' title="bbox 227 907 2089 988; baseline -0.003 -17"><span class='ocrx_word' id='word_1_71' title='bbox 227 912 536 985; x_wconf 85' lang='lat' dir='ltr'><strong>„conditio</strong></span> <span class='ocrx_word' id='word_1_72' title='bbox 569 910 873 985; x_wconf 80' lang='lat' dir='ltr'><strong>poscebat,</strong></span> <span class='ocrx_word' id='word_1_73' title='bbox 916 908 1174 975; x_wconf 78' lang='lat' dir='ltr'><strong>ratione,</strong></span> <span class='ocrx_word' id='word_1_74' title='bbox 1221 907 1498 974; x_wconf 86' lang='lat' dir='ltr'><strong>consilio,</strong></span> <span class='ocrx_word' id='word_1_75' title='bbox 1542 911 1861 985; x_wconf 81' lang='lat' dir='ltr'><strong>praeceptis</strong></span> <span class='ocrx_word' id='word_1_76' title='bbox 1887 911 2089 988; x_wconf 89' lang='lat' dir='ltr'><strong>pueri-</strong></span> 
     </span>
     <span class='ocr_line' id='line_1_12' title="bbox 230 990 2086 1071; baseline -0.002 -14"><span class='ocrx_word' id='word_1_77' title='bbox 230 1002 435 1070; x_wconf 80' lang='lat' dir='ltr'><strong>„tiam‚</strong></span> <span class='ocrx_word' id='word_1_78' title='bbox 460 996 599 1052; x_wconf 88' lang='lat' dir='ltr'><strong>dein</strong></span> <span class='ocrx_word' id='word_1_79' title='bbox 621 995 918 1051; x_wconf 84' lang='lat' dir='ltr'><strong>iuventam</strong></span> <span class='ocrx_word' id='word_1_80' title='bbox 946 1013 1134 1047; x_wconf 77' lang='lat' dir='ltr'><strong>meam</strong></span> <span class='ocrx_word' id='word_1_81' title='bbox 1158 993 1376 1051; x_wconf 80' lang='lat' dir='ltr'><strong>fovisti.</strong></span> <span class='ocrx_word' id='word_1_82' title='bbox 1458 990 1537 1048; x_wconf 87' lang='lat' dir='ltr'><strong>Et</strong></span> <span class='ocrx_word' id='word_1_83' title='bbox 1564 1005 1664 1049; x_wconf 82' lang='lat' dir='ltr'><strong>tua</strong></span> <span class='ocrx_word' id='word_1_84' title='bbox 1690 995 1926 1069; x_wconf 68' lang='lat' dir='ltr'><strong>quidem</strong></span> <span class='ocrx_word' id='word_1_85' title='bbox 1955 1017 2086 1071; x_wconf 86' lang='lat' dir='ltr'><strong>erga</strong></span> 
     </span>
     <span class='ocr_line' id='line_1_13' title="bbox 230 1078 2086 1157; baseline -0.001 -17"><span class='ocrx_word' id='word_1_86' title='bbox 230 1105 364 1155; x_wconf 88' lang='lat' dir='ltr'><strong>„me</strong></span> <span class='ocrx_word' id='word_1_87' title='bbox 387 1091 663 1148; x_wconf 62' lang='lat' dir='ltr'><strong>1nunera3</strong></span> <span class='ocrx_word' id='word_1_88' title='bbox 710 1079 853 1134; x_wconf 89' lang='lat' dir='ltr'><strong>dum</strong></span> <span class='ocrx_word' id='word_1_89' title='bbox 880 1078 997 1133; x_wconf 76' lang='lat' dir='ltr'><strong>vita</strong></span> <span class='ocrx_word' id='word_1_90' title='bbox 1024 1089 1318 1151; x_wconf 76' lang='lat' dir='ltr'><strong>suppetet,</strong></span> <span class='ocrx_word' id='word_1_91' title='bbox 1357 1089 1590 1134; x_wconf 80' lang='lat' dir='ltr'><strong>aeterna</strong></span> <span class='ocrx_word' id='word_1_92' title='bbox 1617 1090 1813 1135; x_wconf 79' lang='lat' dir='ltr'><strong>erunt-z</strong></span> <span class='ocrx_word' id='word_1_93' title='bbox 1867 1101 2015 1157; x_wconf 82' lang='lat' dir='ltr'><strong>quae</strong></span> <span class='ocrx_word' id='word_1_94' title='bbox 2053 1103 2086 1138; x_wconf 86' lang='lat' dir='ltr'><strong>a</strong></span> 
     </span>
     <span class='ocr_line' id='line_1_14' title="bbox 229 1159 2090 1241; baseline -0.001 -17"><span class='ocrx_word' id='word_1_95' title='bbox 229 1189 368 1241; x_wconf 82' lang='lat' dir='ltr'><strong>„me</strong></span> <span class='ocrx_word' id='word_1_96' title='bbox 393 1163 604 1234; x_wconf 78' lang='lat' dir='ltr'><strong>habeS‚</strong></span> <span class='ocrx_word' id='word_1_97' title='bbox 631 1160 791 1220; x_wconf 87' lang='lat' dir='ltr'><strong>horti</strong></span> <span class='ocrx_word' id='word_1_98' title='bbox 813 1175 868 1219; x_wconf 89' lang='lat' dir='ltr'><strong>et</strong></span> <span class='ocrx_word' id='word_1_99' title='bbox 891 1159 1062 1218; x_wconf 81' lang='lat' dir='ltr'><strong>senus</strong></span> <span class='ocrx_word' id='word_1_100' title='bbox 1087 1174 1141 1218; x_wconf 85' lang='lat' dir='ltr'><strong>et</strong></span> <span class='ocrx_word' id='word_1_101' title='bbox 1164 1163 1341 1218; x_wconf 79' lang='lat' dir='ltr'><strong>villae</strong></span> <span class='ocrx_word' id='word_1_102' title='bbox 1357 1209 1372 1231; x_wconf 89' lang='lat'>‚</span> <span class='ocrx_word' id='word_1_103' title='bbox 1401 1163 1628 1219; x_wconf 84' lang='lat' dir='ltr'><strong>casibus</strong></span> <span class='ocrx_word' id='word_1_104' title='bbox 1654 1165 1908 1221; x_wconf 80' lang='lat' dir='ltr'><strong>obnoxia</strong></span> <span class='ocrx_word' id='word_1_105' title='bbox 1935 1177 2090 1227; x_wconf 88' lang='lat' dir='ltr'><strong>sunt.</strong></span> 
     </span>
     <span class='ocr_line' id='line_1_15' title="bbox 229 1244 2089 1325; baseline -0.002 -15"><span class='ocrx_word' id='word_1_106' title='bbox 229 1275 338 1325; x_wconf 81' lang='lat' dir='ltr'><strong>„ac</strong></span> <span class='ocrx_word' id='word_1_107' title='bbox 366 1253 500 1309; x_wconf 85' lang='lat' dir='ltr'><strong>licet</strong></span> <span class='ocrx_word' id='word_1_108' title='bbox 523 1250 708 1307; x_wconf 86' lang='lat' dir='ltr'><strong>multa</strong></span> <span class='ocrx_word' id='word_1_109' title='bbox 734 1249 1065 1316; x_wconf 84' lang='lat' dir='ltr'><strong>videantur,</strong></span> <span class='ocrx_word' id='word_1_110' title='bbox 1092 1248 1356 1323; x_wconf 76' lang='lat' dir='ltr'><strong>plerique</strong></span> <span class='ocrx_word' id='word_1_111' title='bbox 1382 1244 1839 1325; x_wconf 81' lang='lat' dir='ltr'><strong>haudquaquam</strong></span> <span class='ocrx_word' id='word_1_112' title='bbox 1865 1250 2089 1307; x_wconf 81' lang='lat' dir='ltr'><strong>artibus</strong></span> 
     </span>
     <span class='ocr_line' id='line_1_16' title="bbox 226 1334 2089 1412; baseline -0.002 -17"><span class='ocrx_word' id='word_1_113' title='bbox 226 1338 392 1410; x_wconf 86' lang='lat' dir='ltr'><strong>„tuis</strong></span> <span class='ocrx_word' id='word_1_114' title='bbox 418 1356 584 1412; x_wconf 85' lang='lat' dir='ltr'><strong>pares</strong></span> <span class='ocrx_word' id='word_1_115' title='bbox 608 1336 779 1410; x_wconf 84' lang='lat' dir='ltr'><strong>plura</strong></span> <span class='ocrx_word' id='word_1_116' title='bbox 804 1344 1138 1392; x_wconf 84' lang='lat' dir='ltr'><strong>tenuerunt.</strong></span> <span class='ocrx_word' id='word_1_117' title='bbox 1183 1334 1367 1408; x_wconf 88' lang='lat' dir='ltr'><strong>pudet</strong></span> <span class='ocrx_word' id='word_1_118' title='bbox 1390 1334 1604 1389; x_wconf 84' lang='lat' dir='ltr'><strong>referre</strong></span> <span class='ocrx_word' id='word_1_119' title='bbox 1628 1335 1956 1404; x_wconf 78' lang='lat' dir='ltr'><strong>libertin08‚</strong></span> <span class='ocrx_word' id='word_1_120' title='bbox 1983 1336 2089 1412; x_wconf 86' lang='lat' dir='ltr'><strong>qui</strong></span> 
     </span>
     <span class='ocr_line' id='line_1_17' title="bbox 225 1415 2087 1502; baseline -0.002 -22"><span class='ocrx_word' id='word_1_121' title='bbox 225 1423 516 1494; x_wconf 83' lang='lat' dir='ltr'><strong>„ditiores</strong></span> <span class='ocrx_word' id='word_1_122' title='bbox 544 1431 915 1502; x_wconf 40' lang='lat' dir='ltr'><strong>spectantur..</strong></span> <span class='ocrx_word' id='word_1_123' title='bbox 958 1420 1118 1475; x_wconf 86' lang='lat' dir='ltr'><strong>unde</strong></span> <span class='ocrx_word' id='word_1_124' title='bbox 1153 1418 1328 1473; x_wconf 81' lang='lat' dir='ltr'><strong>etiam</strong></span> <span class='ocrx_word' id='word_1_125' title='bbox 1356 1419 1562 1474; x_wconf 84' lang='lat' dir='ltr'><strong>rubori</strong></span> <span class='ocrx_word' id='word_1_126' title='bbox 1590 1415 1742 1475; x_wconf 85' lang='lat' dir='ltr'><strong>mihi</strong></span> <span class='ocrx_word' id='word_1_127' title='bbox 1770 1430 1884 1490; x_wconf 81' lang='lat' dir='ltr'><strong>est,</strong></span> <span class='ocrx_word' id='word_1_128' title='bbox 1927 1422 2087 1496; x_wconf 87' lang='lat' dir='ltr'><strong>quod</strong></span> 
     </span>
     <span class='ocr_line' id='line_1_18' title="bbox 225 1504 2087 1585; baseline 0 -20"><span class='ocrx_word' id='word_1_129' title='bbox 225 1508 623 1585; x_wconf 78' lang='lat' dir='ltr'><strong>„praecipuus</strong></span> <span class='ocrx_word' id='word_1_130' title='bbox 650 1504 887 1561; x_wconf 83' lang='lat' dir='ltr'><strong>caritate</strong></span> <span class='ocrx_word' id='word_1_131' title='bbox 912 1504 1181 1559; x_wconf 87' lang='lat' dir='ltr'><strong>nondum</strong></span> <span class='ocrx_word' id='word_1_132' title='bbox 1209 1523 1414 1559; x_wconf 86' lang='lat' dir='ltr'><strong>omnes</strong></span> <span class='ocrx_word' id='word_1_133' title='bbox 1435 1505 1672 1560; x_wconf 84' lang='lat' dir='ltr'><strong>fortuna</strong></span> <span class='ocrx_word' id='word_1_134' title='bbox 1715 1505 2039 1565; x_wconf 59' lang='lat' dir='ltr'><strong>antecelli&amp;</strong></span> <span class='ocrx_word' id='word_1_135' title='bbox 2058 1504 2087 1523; x_wconf 82' lang='lat'><strong>”</strong></span> 
     </span>
    </p>
   </div>
   <div class='ocr_carea' id='block_1_4' title="bbox 219 1721 1122 2475">
    <p class='ocr_par' dir='ltr' id='par_1_4' title="bbox 219 1721 1122 2475">
     <span class='ocr_line' id='line_1_19' title="bbox 280 1721 1119 1772; baseline -0.007 0"><span class='ocrx_word' id='word_1_136' title='bbox 280 1732 459 1772; x_wconf 74' lang='lat' dir='ltr'><strong>abavus</strong></span> <span class='ocrx_word' id='word_1_137' title='bbox 490 1739 632 1769; x_wconf 77' lang='lat' dir='ltr'><strong>meus.</strong></span> <span class='ocrx_word' id='word_1_138' title='bbox 701 1721 778 1768; x_wconf 87' lang='lat' dir='ltr'><strong>Sic</strong></span> <span class='ocrx_word' id='word_1_139' title='bbox 811 1722 911 1766; x_wconf 82' lang='lat' dir='ltr'><strong>edd.</strong></span> <span class='ocrx_word' id='word_1_140' title='bbox 945 1722 1119 1766; x_wconf 74' lang='lat' dir='ltr'><strong>Ernest.</strong></span> 
     </span>
     <span class='ocr_line' id='line_1_20' title="bbox 221 1780 1119 1842; baseline -0.01 -10"><span class='ocrx_word' id='word_1_141' title='bbox 221 1789 398 1833; x_wconf 80' lang='lat' dir='ltr'><strong>Broter.</strong></span> <span class='ocrx_word' id='word_1_142' title='bbox 424 1802 521 1842; x_wconf 83' lang='lat' dir='ltr'><strong>sqq.</strong></span> <span class='ocrx_word' id='word_1_143' title='bbox 549 1783 763 1827; x_wconf 76' lang='lat' dir='ltr'><strong>suadente</strong></span> <span class='ocrx_word' id='word_1_144' title='bbox 786 1780 950 1839; x_wconf 82' lang='lat' dir='ltr'><strong>Lipsio.</strong></span> <span class='ocrx_word' id='word_1_145' title='bbox 984 1780 1119 1823; x_wconf 79' lang='lat' dir='ltr'><strong>MSS.</strong></span> 
     </span>
     <span class='ocr_line' id='line_1_21' title="bbox 225 1838 1119 1896; baseline -0.01 -7"><span class='ocrx_word' id='word_1_146' title='bbox 225 1855 268 1889; x_wconf 89' lang='lat' dir='ltr'><strong>et</strong></span> <span class='ocrx_word' id='word_1_147' title='bbox 291 1852 398 1890; x_wconf 84' lang='lat' dir='ltr'><strong>vett.</strong></span> <span class='ocrx_word' id='word_1_148' title='bbox 423 1844 522 1885; x_wconf 86' lang='lat' dir='ltr'><strong>edd.</strong></span> <span class='ocrx_word' id='word_1_149' title='bbox 551 1855 667 1883; x_wconf 80' lang='lat' dir='ltr'><strong>avus</strong></span> <span class='ocrx_word' id='word_1_150' title='bbox 690 1853 843 1890; x_wconf 81' lang='lat' dir='ltr'><strong>meus,</strong></span> <span class='ocrx_word' id='word_1_151' title='bbox 871 1838 992 1896; x_wconf 85' lang='lat' dir='ltr'><strong>quod</strong></span> <span class='ocrx_word' id='word_1_152' title='bbox 1015 1855 1119 1882; x_wconf 85' lang='lat' dir='ltr'><strong>cum</strong></span> 
     </span>
     <span class='ocr_line' id='line_1_22' title="bbox 224 1896 1121 1962; baseline -0.011 -15"><span class='ocrx_word' id='word_1_153' title='bbox 224 1901 398 1962; x_wconf 81' lang='lat' dir='ltr'><strong>Ryekio</strong></span> <span class='ocrx_word' id='word_1_154' title='bbox 433 1913 594 1944; x_wconf 85' lang='lat' dir='ltr'><strong>censeo</strong></span> <span class='ocrx_word' id='word_1_155' title='bbox 628 1896 828 1955; x_wconf 88' lang='lat' dir='ltr'><strong>positum</strong></span> <span class='ocrx_word' id='word_1_156' title='bbox 874 1912 927 1939; x_wconf 90' lang='lat' dir='ltr'><strong>eo</strong></span> <span class='ocrx_word' id='word_1_157' title='bbox 974 1912 1121 1946; x_wconf 83' lang='lat' dir='ltr'><strong>sensu,</strong></span> 
     </span>
     <span class='ocr_line' id='line_1_23' title="bbox 222 1953 1120 2020; baseline -0.013 -16"><span class='ocrx_word' id='word_1_158' title='bbox 222 1978 316 2020; x_wconf 90' lang='lat' dir='ltr'><strong>quo</strong></span> <span class='ocrx_word' id='word_1_159' title='bbox 342 1958 424 2000; x_wconf 80' lang='lat' dir='ltr'><strong>avi</strong></span> <span class='ocrx_word' id='word_1_160' title='bbox 443 1957 656 2001; x_wconf 82' lang='lat' dir='ltr'><strong>dicuntur</strong></span> <span class='ocrx_word' id='word_1_161' title='bbox 680 1953 870 1996; x_wconf 86' lang='lat' dir='ltr'><strong>maiores</strong></span> <span class='ocrx_word' id='word_1_162' title='bbox 900 1955 1120 2008; x_wconf 78' lang='lat' dir='ltr'><strong>(Ahnen),</strong></span> 
     </span>
     <span class='ocr_line' id='line_1_24' title="bbox 222 2010 1120 2073; baseline -0.01 -12"><span class='ocrx_word' id='word_1_163' title='bbox 222 2017 346 2061; x_wconf 86' lang='lat' dir='ltr'><strong>unde</strong></span> <span class='ocrx_word' id='word_1_164' title='bbox 383 2014 482 2073; x_wconf 89' lang='lat' dir='ltr'><strong>quis</strong></span> <span class='ocrx_word' id='word_1_165' title='bbox 517 2023 645 2056; x_wconf 86' lang='lat' dir='ltr'><strong>ortus</strong></span> <span class='ocrx_word' id='word_1_166' title='bbox 688 2020 767 2053; x_wconf 89' lang='lat' dir='ltr'><strong>est.</strong></span> <span class='ocrx_word' id='word_1_167' title='bbox 838 2010 898 2054; x_wconf 86' lang='lat' dir='ltr'><strong>ef.</strong></span> <span class='ocrx_word' id='word_1_168' title='bbox 936 2019 1028 2053; x_wconf 85' lang='lat' dir='ltr'><strong>not.</strong></span> <span class='ocrx_word' id='word_1_169' title='bbox 1067 2012 1120 2052; x_wconf 79' lang='lat' dir='ltr'><strong>ad</strong></span> 
     </span>
     <span class='ocr_line' id='line_1_25' title="bbox 222 2067 1122 2127; baseline -0.008 -10"><span class='ocrx_word' id='word_1_170' title='bbox 222 2093 263 2120; x_wconf 84' lang='lat' dir='ltr'><strong>c.</strong></span> <span class='ocrx_word' id='word_1_171' title='bbox 290 2073 355 2116; x_wconf 82' lang='grc'><strong>53.</strong></span> <span class='ocrx_word' id='word_1_172' title='bbox 421 2070 564 2127; x_wconf 81' lang='lat' dir='ltr'><strong>Quod</strong></span> <span class='ocrx_word' id='word_1_173' title='bbox 588 2068 821 2112; x_wconf 88' lang='lat' dir='ltr'><strong>Ernestius</strong></span> <span class='ocrx_word' id='word_1_174' title='bbox 846 2067 1024 2115; x_wconf 81' lang='lat' dir='ltr'><strong>scribit,</strong></span> <span class='ocrx_word' id='word_1_175' title='bbox 1058 2068 1122 2110; x_wconf 84' lang='lat' dir='ltr'><strong>sic</strong></span> 
     </span>
     <span class='ocr_line' id='line_1_26' title="bbox 221 2126 1118 2187; baseline -0.011 -11"><span class='ocrx_word' id='word_1_176' title='bbox 221 2146 337 2176; x_wconf 81' lang='lat' dir='ltr'><strong>avos</strong></span> <span class='ocrx_word' id='word_1_177' title='bbox 393 2129 575 2187; x_wconf 89' lang='lat' dir='ltr'><strong>quidem</strong></span> <span class='ocrx_word' id='word_1_178' title='bbox 629 2126 743 2173; x_wconf 86' lang='lat' dir='ltr'><strong>dici,</strong></span> <span class='ocrx_word' id='word_1_179' title='bbox 812 2140 957 2182; x_wconf 84' lang='lat' dir='ltr'><strong>neque</strong></span> <span class='ocrx_word' id='word_1_180' title='bbox 1009 2133 1118 2168; x_wconf 65' lang='lat' dir='ltr'><strong>vero</strong></span> 
     </span>
     <span class='ocr_line' id='line_1_27' title="bbox 221 2181 1117 2240; baseline -0.012 -7"><span class='ocrx_word' id='word_1_181' title='bbox 221 2205 391 2240; x_wconf 79' lang='lat' dir='ltr'><strong>avum,</strong></span> <span class='ocrx_word' id='word_1_182' title='bbox 422 2185 549 2229; x_wconf 78' lang='lat' dir='ltr'><strong>nihili</strong></span> <span class='ocrx_word' id='word_1_183' title='bbox 577 2191 658 2227; x_wconf 83' lang='lat' dir='ltr'><strong>est.</strong></span> <span class='ocrx_word' id='word_1_184' title='bbox 718 2182 835 2225; x_wconf 86' lang='lat' dir='ltr'><strong>Nam</strong></span> <span class='ocrx_word' id='word_1_185' title='bbox 869 2182 904 2224; x_wconf 89' lang='lat' dir='ltr'><strong>si</strong></span> <span class='ocrx_word' id='word_1_186' title='bbox 940 2183 1020 2223; x_wconf 84' lang='lat' dir='ltr'><strong>avi</strong></span> <span class='ocrx_word' id='word_1_187' title='bbox 1050 2181 1117 2223; x_wconf 87' lang='lat' dir='ltr'><strong>la-</strong></span> 
     </span>
     <span class='ocr_line' id='line_1_28' title="bbox 221 2240 1118 2292; baseline -0.011 -2"><span class='ocrx_word' id='word_1_188' title='bbox 221 2250 335 2291; x_wconf 85' lang='lat' dir='ltr'><strong>tiore</strong></span> <span class='ocrx_word' id='word_1_189' title='bbox 377 2259 509 2287; x_wconf 87' lang='lat' dir='ltr'><strong>sensu</strong></span> <span class='ocrx_word' id='word_1_190' title='bbox 555 2240 733 2292; x_wconf 83' lang='lat' dir='ltr'><strong>valent,</strong></span> <span class='ocrx_word' id='word_1_191' title='bbox 791 2255 874 2282; x_wconf 87' lang='lat' dir='ltr'><strong>cur</strong></span> <span class='ocrx_word' id='word_1_192' title='bbox 927 2255 1022 2281; x_wconf 88' lang='lat' dir='ltr'><strong>non</strong></span> <span class='ocrx_word' id='word_1_193' title='bbox 1075 2246 1118 2280; x_wconf 86' lang='lat' dir='ltr'><strong>et</strong></span> 
     </span>
     <span class='ocr_line' id='line_1_29' title="bbox 220 2298 1117 2348; baseline -0.011 -1"><span class='ocrx_word' id='word_1_194' title='bbox 220 2305 393 2348; x_wconf 67' lang='lat' dir='ltr'><strong>avus?</strong></span> <span class='ocrx_word' id='word_1_195' title='bbox 447 2301 504 2343; x_wconf 83' lang='lat' dir='ltr'><strong>Et</strong></span> <span class='ocrx_word' id='word_1_196' title='bbox 542 2298 616 2341; x_wconf 83' lang='lat' dir='ltr'><strong>hie</strong></span> <span class='ocrx_word' id='word_1_197' title='bbox 654 2298 830 2340; x_wconf 84' lang='lat' dir='ltr'><strong>additur</strong></span> <span class='ocrx_word' id='word_1_198' title='bbox 859 2298 1117 2348; x_wconf 75' lang='lat' dir='ltr'><strong>Augustus,</strong></span> 
     </span>
     <span class='ocr_line' id='line_1_30' title="bbox 220 2353 1119 2415; baseline -0.012 -10"><span class='ocrx_word' id='word_1_199' title='bbox 220 2371 270 2405; x_wconf 86' lang='lat' dir='ltr'><strong>ut</strong></span> <span class='ocrx_word' id='word_1_200' title='bbox 308 2374 442 2404; x_wconf 86' lang='lat' dir='ltr'><strong>nemo</strong></span> <span class='ocrx_word' id='word_1_201' title='bbox 477 2356 615 2415; x_wconf 84' lang='lat' dir='ltr'><strong>possit</strong></span> <span class='ocrx_word' id='word_1_202' title='bbox 650 2355 879 2404; x_wconf 86' lang='lat' dir='ltr'><strong>dubitare,</strong></span> <span class='ocrx_word' id='word_1_203' title='bbox 926 2354 1026 2410; x_wconf 92' lang='lat' dir='ltr'><strong>quis</strong></span> <span class='ocrx_word' id='word_1_204' title='bbox 1063 2353 1119 2395; x_wconf 82' lang='lat' dir='ltr'><strong>sit</strong></span> 
     </span>
     <span class='ocr_line' id='line_1_31' title="bbox 219 2409 1117 2475; baseline -0.011 -13"><span class='ocrx_word' id='word_1_205' title='bbox 219 2416 555 2475; x_wconf 61' lang='lat' dir='ltr'><strong>intelligendu&amp;</strong></span> <span class='ocrx_word' id='word_1_206' title='bbox 616 2412 830 2456; x_wconf 89' lang='lat' dir='ltr'><strong>Ceterum</strong></span> <span class='ocrx_word' id='word_1_207' title='bbox 860 2410 960 2456; x_wconf 83' lang='lat' dir='ltr'><strong>MS.</strong></span> <span class='ocrx_word' id='word_1_208' title='bbox 986 2409 1117 2453; x_wconf 85' lang='lat' dir='ltr'><strong>Bodl.</strong></span> 
     </span>
    </p>
   </div>
   <div class='ocr_carea' id='block_1_5' title="bbox 218 2476 802 2530">
    <p class='ocr_par' dir='ltr' id='par_1_5' title="bbox 218 2476 802 2530">
     <span class='ocr_line' id='line_1_32' title="bbox 218 2476 802 2530; baseline -0.017 -9"><span class='ocrx_word' id='word_1_209' title='bbox 218 2476 349 2521; x_wconf 85' lang='lat' dir='ltr'><strong>habet</strong></span> <span class='ocrx_word' id='word_1_210' title='bbox 368 2482 540 2516; x_wconf 81' lang='lat' dir='ltr'><strong>atavus</strong></span> <span class='ocrx_word' id='word_1_211' title='bbox 559 2488 642 2530; x_wconf 90' lang='lat' dir='ltr'><strong>pro</strong></span> <span class='ocrx_word' id='word_1_212' title='bbox 667 2484 802 2513; x_wconf 81' lang='lat' dir='ltr'><strong>avus.</strong></span> 
     </span>
    </p>
   </div>
   <div class='ocr_carea' id='block_1_6' title="bbox 216 2561 1119 2910">
    <p class='ocr_par' dir='ltr' id='par_1_6' title="bbox 216 2561 1119 2910">
     <span class='ocr_line' id='line_1_33' title="bbox 277 2561 1119 2622; baseline -0.011 -7"><span class='ocrx_word' id='word_1_213' title='bbox 277 2573 327 2615; x_wconf 80' lang='lat' dir='ltr'><strong>in</strong></span> <span class='ocrx_word' id='word_1_214' title='bbox 371 2585 428 2612; x_wconf 82' lang='lat' dir='ltr'><strong>ea</strong></span> <span class='ocrx_word' id='word_1_215' title='bbox 469 2569 573 2622; x_wconf 75' lang='lat' dir='ltr'><strong>ipsu</strong></span> <span class='ocrx_word' id='word_1_216' title='bbox 615 2572 788 2609; x_wconf 81' lang='lat' dir='ltr'><strong>aetate.</strong></span> <span class='ocrx_word' id='word_1_217' title='bbox 861 2561 965 2607; x_wconf 80' lang='lat' dir='ltr'><strong>MS.</strong></span> <span class='ocrx_word' id='word_1_218' title='bbox 1007 2563 1119 2620; x_wconf 72' lang='lat' dir='ltr'><strong>Agr.</strong></span> 
     </span>
     <span class='ocr_line' id='line_1_34' title="bbox 219 2619 1119 2685; baseline -0.014 -11"><span class='ocrx_word' id='word_1_219' title='bbox 219 2632 332 2685; x_wconf 80' lang='lat' dir='ltr'><strong>ipse.</strong></span> <span class='ocrx_word' id='word_1_220' title='bbox 378 2625 611 2671; x_wconf 89' lang='lat' dir='ltr'><strong>Ernestius</strong></span> <span class='ocrx_word' id='word_1_221' title='bbox 634 2621 827 2667; x_wconf 80' lang='lat' dir='ltr'><strong>coniecit</strong></span> <span class='ocrx_word' id='word_1_222' title='bbox 849 2621 962 2675; x_wconf 70' lang='lat' dir='ltr'><strong>ips-m</strong></span> <span class='ocrx_word' id='word_1_223' title='bbox 1010 2619 1119 2662; x_wconf 80' lang='lat' dir='ltr'><strong>Per·</strong></span> 
     </span>
     <span class='ocr_line' id='line_1_35' title="bbox 217 2677 1118 2747; baseline -0.016 -16"><span class='ocrx_word' id='word_1_224' title='bbox 217 2704 387 2747; x_wconf 80' lang='lat' dir='ltr'><strong>peram.</strong></span> <span class='ocrx_word' id='word_1_225' title='bbox 459 2681 690 2726; x_wconf 80' lang='lat' dir='ltr'><strong>Sententia</strong></span> <span class='ocrx_word' id='word_1_226' title='bbox 732 2687 822 2729; x_wconf 87' lang='lat' dir='ltr'><strong>est,</strong></span> <span class='ocrx_word' id='word_1_227' title='bbox 863 2677 1118 2735; x_wconf 82' lang='lat' dir='ltr'><strong>Augustum</strong></span> 
     </span>
     <span class='ocr_line' id='line_1_36' title="bbox 216 2735 1116 2792; baseline -0.013 -3"><span class='ocrx_word' id='word_1_228' title='bbox 216 2756 316 2789; x_wconf 84' lang='lat' dir='ltr'><strong>tum</strong></span> <span class='ocrx_word' id='word_1_229' title='bbox 349 2759 430 2786; x_wconf 82' lang='lat' dir='ltr'><strong>nec</strong></span> <span class='ocrx_word' id='word_1_230' title='bbox 462 2740 638 2790; x_wconf 81' lang='lat' dir='ltr'><strong>minore</strong></span> <span class='ocrx_word' id='word_1_231' title='bbox 674 2754 757 2780; x_wconf 81' lang='lat' dir='ltr'><strong>nec</strong></span> <span class='ocrx_word' id='word_1_232' title='bbox 778 2735 1015 2792; x_wconf 76' lang='lat' dir='ltr'><strong>grandiore</strong></span> <span class='ocrx_word' id='word_1_233' title='bbox 1038 2752 1116 2778; x_wconf 88' lang='lat' dir='ltr'><strong>ae-</strong></span> 
     </span>
     <span class='ocr_line' id='line_1_37' title="bbox 220 2792 1114 2855; baseline -0.013 -9"><span class='ocrx_word' id='word_1_234' title='bbox 220 2812 307 2847; x_wconf 81' lang='lat' dir='ltr'><strong>tate</strong></span> <span class='ocrx_word' id='word_1_235' title='bbox 340 2800 500 2849; x_wconf 81' lang='lat' dir='ltr'><strong>fuisse,</strong></span> <span class='ocrx_word' id='word_1_236' title='bbox 543 2812 679 2855; x_wconf 88' lang='lat' dir='ltr'><strong>quam</strong></span> <span class='ocrx_word' id='word_1_237' title='bbox 713 2795 840 2836; x_wconf 84' lang='lat' dir='ltr'><strong>euius</strong></span> <span class='ocrx_word' id='word_1_238' title='bbox 873 2792 1114 2835; x_wconf 78' lang='lat' dir='ltr'><strong>auctoritas</strong></span> 
     </span>
     <span class='ocr_line' id='line_1_38' title="bbox 218 2849 1112 2910; baseline -0.015 -6"><span class='ocrx_word' id='word_1_239' title='bbox 218 2867 420 2909; x_wconf 72' lang='lat' dir='ltr'><strong>tueretur</strong></span> <span class='ocrx_word' id='word_1_240' title='bbox 454 2864 541 2899; x_wconf 76' lang='lat' dir='ltr'><strong>ete.</strong></span> <span class='ocrx_word' id='word_1_241' title='bbox 577 2855 770 2910; x_wconf 80' lang='lat' dir='ltr'><strong>(gerade</strong></span> <span class='ocrx_word' id='word_1_242' title='bbox 802 2852 850 2893; x_wconf 77' lang='lat' dir='ltr'><strong>in</strong></span> <span class='ocrx_word' id='word_1_243' title='bbox 882 2853 990 2893; x_wconf 82' lang='lat' dir='ltr'><strong>dem</strong></span> <span class='ocrx_word' id='word_1_244' title='bbox 1016 2849 1112 2893; x_wconf 85' lang='lat' dir='ltr'><strong>Le-</strong></span> 
     </span>
    </p>
   </div>
   <div class='ocr_carea' id='block_1_7' title="bbox 219 2917 540 2969">
    <p class='ocr_par' dir='ltr' id='par_1_7' title="bbox 219 2917 540 2969">
     <span class='ocr_line' id='line_1_39' title="bbox 219 2917 540 2969; baseline -0.012 -9"><span class='ocrx_word' id='word_1_245' title='bbox 219 2917 475 2969; x_wconf 71' lang='lat' dir='ltr'><strong>bensulter)</strong></span> <span class='ocrx_word' id='word_1_246' title='bbox 484 2944 499 2957; x_wconf 86' lang='lat'><strong>.</strong></span> <span class='ocrx_word' id='word_1_247' title='bbox 537 2930 540 2933; x_wconf 90' lang='lat'>·</span> 
     </span>
    </p>
   </div>
   <div class='ocr_carea' id='block_1_8' title="bbox 219 3006 1113 3130">
    <p class='ocr_par' dir='ltr' id='par_1_8' title="bbox 219 3006 1113 3130">
     <span class='ocr_line' id='line_1_40' title="bbox 277 3006 1113 3073; baseline -0.013 -14"><span class='ocrx_word' id='word_1_248' title='bbox 277 3015 502 3073; x_wconf 76' lang='lat' dir='ltr'><strong>quidquid</strong></span> <span class='ocrx_word' id='word_1_249' title='bbox 552 3013 680 3053; x_wconf 80' lang='lat' dir='ltr'><strong>illud.</strong></span> <span class='ocrx_word' id='word_1_250' title='bbox 757 3006 841 3051; x_wconf 88' lang='lat' dir='ltr'><strong>Ed.</strong></span> <span class='ocrx_word' id='word_1_251' title='bbox 895 3006 1014 3065; x_wconf 88' lang='lat' dir='ltr'><strong>Spir.</strong></span> <span class='ocrx_word' id='word_1_252' title='bbox 1070 3013 1113 3049; x_wconf 84' lang='lat' dir='ltr'><strong>et</strong></span> 
     </span>
     <span class='ocr_line' id='line_1_41' title="bbox 219 3066 1027 3130; baseline -0.016 -11"><span class='ocrx_word' id='word_1_253' title='bbox 219 3074 355 3118; x_wconf 87' lang='lat' dir='ltr'>MSS.</span> <span class='ocrx_word' id='word_1_254' title='bbox 384 3073 492 3130; x_wconf 87' lang='lat' dir='ltr'><strong>Reg.</strong></span> <span class='ocrx_word' id='word_1_255' title='bbox 517 3070 626 3127; x_wconf 80' lang='lat' dir='ltr'><strong>Agr.</strong></span> <span class='ocrx_word' id='word_1_256' title='bbox 652 3067 866 3111; x_wconf 77' lang='lat' dir='ltr'><strong>omittunt</strong></span> <span class='ocrx_word' id='word_1_257' title='bbox 891 3066 1027 3107; x_wconf 79' lang='lat' dir='ltr'><strong>illud.</strong></span> 
     </span>
    </p>
   </div>
   <div class='ocr_carea' id='block_1_9' title="bbox 213 3162 1112 3563">
    <p class='ocr_par' dir='ltr' id='par_1_9' title="bbox 213 3162 1112 3563">
     <span class='ocr_line' id='line_1_42' title="bbox 279 3162 1110 3216; baseline -0.014 0"><span class='ocrx_word' id='word_1_258' title='bbox 279 3181 510 3216; x_wconf 70' lang='lat' dir='ltr'><strong>tutamen.</strong></span> <span class='ocrx_word' id='word_1_259' title='bbox 581 3168 657 3211; x_wconf 84' lang='lat' dir='ltr'><strong>Sic</strong></span> <span class='ocrx_word' id='word_1_260' title='bbox 691 3166 793 3210; x_wconf 87' lang='lat' dir='ltr'><strong>MS.</strong></span> <span class='ocrx_word' id='word_1_261' title='bbox 826 3163 977 3208; x_wconf 74' lang='lat' dir='ltr'><strong>Guelf.</strong></span> <span class='ocrx_word' id='word_1_262' title='bbox 1010 3162 1110 3205; x_wconf 83' lang='lat' dir='ltr'><strong>edd.</strong></span> 
     </span>
     <span class='ocr_line' id='line_1_43' title="bbox 226 3220 1108 3289; baseline -0.014 -15"><span class='ocrx_word' id='word_1_263' title='bbox 226 3232 340 3289; x_wconf 86' lang='lat' dir='ltr'><strong>Spir.</strong></span> <span class='ocrx_word' id='word_1_264' title='bbox 372 3230 474 3273; x_wconf 84' lang='lat' dir='ltr'><strong>Put.</strong></span> <span class='ocrx_word' id='word_1_265' title='bbox 508 3227 575 3270; x_wconf 90' lang='lat' dir='ltr'><strong>M.</strong></span> <span class='ocrx_word' id='word_1_266' title='bbox 603 3234 644 3269; x_wconf 87' lang='lat' dir='ltr'><strong>et</strong></span> <span class='ocrx_word' id='word_1_267' title='bbox 672 3225 722 3268; x_wconf 87' lang='lat' dir='ltr'><strong>V.</strong></span> <span class='ocrx_word' id='word_1_268' title='bbox 746 3224 848 3267; x_wconf 86' lang='lat' dir='ltr'><strong>Ber.</strong></span> <span class='ocrx_word' id='word_1_269' title='bbox 884 3223 1006 3277; x_wconf 86' lang='lat' dir='ltr'><strong>(cum</strong></span> <span class='ocrx_word' id='word_1_270' title='bbox 1040 3220 1108 3262; x_wconf 79' lang='lat' dir='ltr'><strong>sit.</strong></span> 
     </span>
     <span class='ocr_line' id='line_1_44' title="bbox 219 3285 1112 3343; baseline -0.01 -16"><span class='ocrx_word' id='word_1_271' title='bbox 219 3287 357 3343; x_wconf 72' lang='lat' dir='ltr'><strong>Vim.)</strong></span> <span class='ocrx_word' id='word_1_272' title='bbox 382 3286 480 3329; x_wconf 81' lang='lat' dir='ltr'><strong>Ale.</strong></span> <span class='ocrx_word' id='word_1_273' title='bbox 497 3285 640 3328; x_wconf 85' lang='lat' dir='ltr'><strong>Rhen.</strong></span> <span class='ocrx_word' id='word_1_274' title='bbox 672 3297 765 3340; x_wconf 86' lang='lat' dir='ltr'><strong>sqq.</strong></span> <span class='ocrx_word' id='word_1_275' title='bbox 787 3309 845 3317; x_wconf 89' lang='lat'>-</span> <span class='ocrx_word' id='word_1_276' title='bbox 875 3295 930 3322; x_wconf 82' lang='lat' dir='ltr'><strong>ac</strong></span> <span class='ocrx_word' id='word_1_277' title='bbox 950 3287 1112 3322; x_wconf 78' lang='lat' dir='ltr'><strong>tamen</strong></span> 
     </span>
     <span class='ocr_line' id='line_1_45' title="bbox 217 3333 1109 3395; baseline -0.012 -8"><span class='ocrx_word' id='word_1_278' title='bbox 217 3344 352 3387; x_wconf 90' lang='lat' dir='ltr'><strong>MSS.</strong></span> <span class='ocrx_word' id='word_1_279' title='bbox 395 3344 515 3386; x_wconf 83' lang='lat' dir='ltr'><strong>Flor.</strong></span> <span class='ocrx_word' id='word_1_280' title='bbox 572 3342 688 3395; x_wconf 86' lang='lat' dir='ltr'><strong>(test.</strong></span> <span class='ocrx_word' id='word_1_281' title='bbox 728 3337 943 3392; x_wconf 76' lang='lat' dir='ltr'><strong>Pichena)</strong></span> <span class='ocrx_word' id='word_1_282' title='bbox 993 3333 1109 3377; x_wconf 87' lang='lat' dir='ltr'><strong>Bud.</strong></span> 
     </span>
     <span class='ocr_line' id='line_1_46' title="bbox 219 3393 1108 3460; baseline -0.009 -16"><span class='ocrx_word' id='word_1_283' title='bbox 219 3401 339 3460; x_wconf 89' lang='lat' dir='ltr'><strong>quod</strong></span> <span class='ocrx_word' id='word_1_284' title='bbox 377 3397 600 3442; x_wconf 78' lang='lat' dir='ltr'><strong>malebant</strong></span> <span class='ocrx_word' id='word_1_285' title='bbox 629 3397 836 3440; x_wconf 84' lang='lat' dir='ltr'><strong>Muretus</strong></span> <span class='ocrx_word' id='word_1_286' title='bbox 871 3403 911 3437; x_wconf 86' lang='lat' dir='ltr'><strong>et</strong></span> <span class='ocrx_word' id='word_1_287' title='bbox 935 3393 1108 3437; x_wconf 84' lang='lat' dir='ltr'><strong>Acida-</strong></span> 
     </span>
     <span class='ocr_line' id='line_1_47' title="bbox 219 3456 1107 3513; baseline -0.012 -11"><span class='ocrx_word' id='word_1_288' title='bbox 219 3459 321 3502; x_wconf 90' lang='lat' dir='ltr'><strong>lius.</strong></span> <span class='ocrx_word' id='word_1_289' title='bbox 382 3456 467 3499; x_wconf 85' lang='lat' dir='ltr'><strong>Sed</strong></span> <span class='ocrx_word' id='word_1_290' title='bbox 498 3464 550 3497; x_wconf 80' lang='lat' dir='ltr'><strong>at</strong></span> <span class='ocrx_word' id='word_1_291' title='bbox 582 3462 797 3513; x_wconf 80' lang='lat' dir='ltr'><strong>praestat3</strong></span> <span class='ocrx_word' id='word_1_292' title='bbox 830 3466 931 3494; x_wconf 81' lang='lat' dir='ltr'><strong>nam</strong></span> <span class='ocrx_word' id='word_1_293' title='bbox 959 3465 1107 3493; x_wconf 81' lang='lat' dir='ltr'><strong>mem-</strong></span> 
     </span>
     <span class='ocr_line' id='line_1_48' title="bbox 213 3507 1102 3563; baseline -0.012 -3"><span class='ocrx_word' id='word_1_294' title='bbox 213 3518 292 3560; x_wconf 80' lang='lat' dir='ltr'><strong>bra</strong></span> <span class='ocrx_word' id='word_1_295' title='bbox 316 3513 554 3563; x_wconf 67' lang='lat' dir='ltr'><strong>cohaerent</strong></span> <span class='ocrx_word' id='word_1_296' title='bbox 579 3514 660 3557; x_wconf 79' lang='lat' dir='ltr'><strong>ita:</strong></span> <span class='ocrx_word' id='word_1_297' title='bbox 691 3513 838 3554; x_wconf 80' lang='lat' dir='ltr'><strong>otium</strong></span> <span class='ocrx_word' id='word_1_298' title='bbox 862 3507 1102 3557; x_wconf 77' lang='lat' dir='ltr'><strong>concessit,</strong></span> 
     </span>
    </p>
   </div>
   <div class='ocr_carea' id='block_1_10' title="bbox 1193 1722 2088 1775">
    <p class='ocr_par' dir='ltr' id='par_1_10' title="bbox 1193 1722 2088 1775">
     <span class='ocr_line' id='line_1_49' title="bbox 1193 1722 2088 1775; baseline -0.001 -10"><span class='ocrx_word' id='word_1_299' title='bbox 1193 1731 1245 1765; x_wconf 81' lang='lat' dir='ltr'><strong>at</strong></span> <span class='ocrx_word' id='word_1_300' title='bbox 1287 1728 1508 1764; x_wconf 78' lang='lat' dir='ltr'><strong>neutrum</strong></span> <span class='ocrx_word' id='word_1_301' title='bbox 1549 1722 1777 1775; x_wconf 78' lang='lat' dir='ltr'><strong>praemiis</strong></span> <span class='ocrx_word' id='word_1_302' title='bbox 1817 1722 1967 1767; x_wconf 72' lang='lat' dir='ltr'><strong>exuit.</strong></span> <span class='ocrx_word' id='word_1_303' title='bbox 2029 1722 2088 1768; x_wconf 70' lang='lat' dir='ltr'><strong>cf.</strong></span> 
     </span>
    </p>
   </div>
   <div class='ocr_carea' id='block_1_11' title="bbox 1193 1778 1957 1839">
    <p class='ocr_par' dir='ltr' id='par_1_11' title="bbox 1193 1778 1957 1839">
     <span class='ocr_line' id='line_1_50' title="bbox 1193 1778 1957 1839; baseline 0.003 -17"><span class='ocrx_word' id='word_1_304' title='bbox 1193 1780 1463 1822; x_wconf 85' lang='lat' dir='ltr'><strong>Ramshorn.</strong></span> <span class='ocrx_word' id='word_1_305' title='bbox 1488 1778 1567 1822; x_wconf 89' lang='lat' dir='ltr'><strong>Gr.</strong></span> <span class='ocrx_word' id='word_1_306' title='bbox 1590 1783 1630 1833; x_wconf 84' lang='lat'><strong>§.</strong></span> <span class='ocrx_word' id='word_1_307' title='bbox 1657 1779 1754 1823; x_wconf 88' lang='grc'><strong>181.</strong></span> <span class='ocrx_word' id='word_1_308' title='bbox 1789 1796 1835 1839; x_wconf 89' lang='lat' dir='ltr'><strong>p.</strong></span> <span class='ocrx_word' id='word_1_309' title='bbox 1860 1781 1957 1824; x_wconf 85' lang='lat'><strong>540.</strong></span> 
     </span>
    </p>
   </div>
   <div class='ocr_carea' id='block_1_12' title="bbox 1188 1878 2090 2571">
    <p class='ocr_par' dir='ltr' id='par_1_12' title="bbox 1188 1878 2090 2571">
     <span class='ocr_line' id='line_1_51' title="bbox 1251 1878 2090 1939; baseline 0.004 -17"><span class='ocrx_word' id='word_1_310' title='bbox 1251 1882 1381 1927; x_wconf 78' lang='lat' dir='ltr'><strong>bello.</strong></span> <span class='ocrx_word' id='word_1_311' title='bbox 1445 1879 1521 1923; x_wconf 88' lang='lat' dir='ltr'><strong>Sic</strong></span> <span class='ocrx_word' id='word_1_312' title='bbox 1536 1879 1587 1920; x_wconf 84' lang='lat' dir='ltr'><strong>M</strong></span> <span class='ocrx_word' id='word_1_313' title='bbox 1591 1878 1671 1923; x_wconf 89' lang='lat' dir='ltr'><strong>SS.</strong></span> <span class='ocrx_word' id='word_1_314' title='bbox 1685 1878 1807 1923; x_wconf 81' lang='lat' dir='ltr'><strong>Flor.</strong></span> <span class='ocrx_word' id='word_1_315' title='bbox 1823 1880 1937 1935; x_wconf 78' lang='lat' dir='ltr'><strong>(test.</strong></span> <span class='ocrx_word' id='word_1_316' title='bbox 1951 1880 2090 1939; x_wconf 86' lang='lat' dir='ltr'><strong>Vict.)</strong></span> 
     </span>
     <span class='ocr_line' id='line_1_52' title="bbox 1193 1935 2087 1985; baseline 0.001 -3"><span class='ocrx_word' id='word_1_317' title='bbox 1193 1938 1318 1982; x_wconf 79' lang='lat' dir='ltr'><strong>Harl.</strong></span> <span class='ocrx_word' id='word_1_318' title='bbox 1355 1937 1484 1980; x_wconf 87' lang='lat' dir='ltr'><strong>Bodl.</strong></span> <span class='ocrx_word' id='word_1_319' title='bbox 1522 1936 1603 1980; x_wconf 88' lang='lat' dir='ltr'><strong>les.</strong></span> <span class='ocrx_word' id='word_1_320' title='bbox 1631 1937 1747 1980; x_wconf 88' lang='lat' dir='ltr'><strong>Bud.</strong></span> <span class='ocrx_word' id='word_1_321' title='bbox 1772 1935 1922 1980; x_wconf 70' lang='lat' dir='ltr'><strong>Guelf.</strong></span> <span class='ocrx_word' id='word_1_322' title='bbox 1946 1938 2087 1985; x_wconf 85' lang='lat' dir='ltr'><strong>Corb.</strong></span> 
     </span>
     <span class='ocr_line' id='line_1_53' title="bbox 1195 1993 2088 2053; baseline 0 -15"><span class='ocrx_word' id='word_1_323' title='bbox 1195 1995 1297 2039; x_wconf 84' lang='lat' dir='ltr'><strong>edd.</strong></span> <span class='ocrx_word' id='word_1_324' title='bbox 1326 1995 1445 2051; x_wconf 85' lang='lat' dir='ltr'><strong>Spir.</strong></span> <span class='ocrx_word' id='word_1_325' title='bbox 1472 1993 1677 2037; x_wconf 76' lang='lat' dir='ltr'><strong>Rhenan.</strong></span> <span class='ocrx_word' id='word_1_326' title='bbox 1703 2010 1801 2053; x_wconf 87' lang='lat' dir='ltr'><strong>sqq.</strong></span> <span class='ocrx_word' id='word_1_327' title='bbox 1842 2021 1898 2032; x_wconf 92' lang='lat'>-</span> <span class='ocrx_word' id='word_1_328' title='bbox 1959 1998 2088 2039; x_wconf 64' lang='lat' dir='ltr'><strong>bellat-1</strong></span> 
     </span>
     <span class='ocr_line' id='line_1_54' title="bbox 1195 2051 2084 2096; baseline 0.001 -1"><span class='ocrx_word' id='word_1_329' title='bbox 1195 2053 1293 2095; x_wconf 83' lang='lat' dir='ltr'><strong>edd.</strong></span> <span class='ocrx_word' id='word_1_330' title='bbox 1316 2052 1420 2094; x_wconf 87' lang='lat' dir='ltr'><strong>Put.</strong></span> <span class='ocrx_word' id='word_1_331' title='bbox 1447 2052 1513 2093; x_wconf 85' lang='lat' dir='ltr'><strong>M.</strong></span> <span class='ocrx_word' id='word_1_332' title='bbox 1540 2061 1580 2094; x_wconf 87' lang='lat' dir='ltr'><strong>et</strong></span> <span class='ocrx_word' id='word_1_333' title='bbox 1604 2051 1661 2094; x_wconf 89' lang='lat' dir='ltr'><strong>V.</strong></span> <span class='ocrx_word' id='word_1_334' title='bbox 1686 2052 1790 2095; x_wconf 87' lang='lat' dir='ltr'><strong>Ber.</strong></span> <span class='ocrx_word' id='word_1_335' title='bbox 1817 2052 1917 2096; x_wconf 79' lang='lat' dir='ltr'><strong>Ate.</strong></span> <span class='ocrx_word' id='word_1_336' title='bbox 1978 2054 2084 2096; x_wconf 77' lang='lat' dir='ltr'><strong>Aei-</strong></span> 
     </span>
     <span class='ocr_line' id='line_1_55' title="bbox 1193 2108 2082 2167; baseline 0.002 -16"><span class='ocrx_word' id='word_1_337' title='bbox 1193 2108 1337 2151; x_wconf 90' lang='lat' dir='ltr'><strong>dalius</strong></span> <span class='ocrx_word' id='word_1_338' title='bbox 1362 2109 1539 2150; x_wconf 72' lang='lat' dir='ltr'><strong>volebat</strong></span> <span class='ocrx_word' id='word_1_339' title='bbox 1563 2111 1775 2167; x_wconf 80' lang='lat' dir='ltr'><strong>praeponi</strong></span> <span class='ocrx_word' id='word_1_340' title='bbox 1802 2117 1877 2158; x_wconf 81' lang='lat' dir='ltr'><strong>at,</strong></span> <span class='ocrx_word' id='word_1_341' title='bbox 1920 2118 1970 2153; x_wconf 89' lang='lat' dir='ltr'><strong>ut</strong></span> <span class='ocrx_word' id='word_1_342' title='bbox 1996 2111 2082 2153; x_wconf 86' lang='lat' dir='ltr'><strong>ob·</strong></span> 
     </span>
     <span class='ocr_line' id='line_1_56' title="bbox 1190 2166 2083 2211; baseline 0.002 -3"><span class='ocrx_word' id='word_1_343' title='bbox 1190 2166 1322 2209; x_wconf 85' lang='lat' dir='ltr'><strong>ieetio</strong></span> <span class='ocrx_word' id='word_1_344' title='bbox 1349 2166 1619 2209; x_wconf 79' lang='lat' dir='ltr'><strong>luculentior</strong></span> <span class='ocrx_word' id='word_1_345' title='bbox 1639 2174 1680 2209; x_wconf 83' lang='lat' dir='ltr'><strong>et</strong></span> <span class='ocrx_word' id='word_1_346' title='bbox 1703 2167 1936 2210; x_wconf 82' lang='lat' dir='ltr'><strong>robustior</strong></span> <span class='ocrx_word' id='word_1_347' title='bbox 1956 2175 2083 2211; x_wconf 89' lang='lat' dir='ltr'><strong>esset.</strong></span> 
     </span>
     <span class='ocr_line' id='line_1_57' title="bbox 1189 2222 2080 2276; baseline 0.002 -11"><span class='ocrx_word' id='word_1_348' title='bbox 1189 2223 1278 2266; x_wconf 90' lang='lat' dir='ltr'><strong>Sed</strong></span> <span class='ocrx_word' id='word_1_349' title='bbox 1312 2224 1432 2266; x_wconf 84' lang='lat' dir='ltr'><strong>nulla</strong></span> <span class='ocrx_word' id='word_1_350' title='bbox 1466 2222 1539 2265; x_wconf 84' lang='lat' dir='ltr'><strong>hie</strong></span> <span class='ocrx_word' id='word_1_351' title='bbox 1565 2231 1630 2266; x_wconf 77' lang='lat' dir='ltr'><strong>est</strong></span> <span class='ocrx_word' id='word_1_352' title='bbox 1656 2222 1876 2276; x_wconf 85' lang='lat' dir='ltr'><strong>obiectio;</strong></span> <span class='ocrx_word' id='word_1_353' title='bbox 1912 2239 2080 2268; x_wconf 86' lang='lat' dir='ltr'><strong>eonce-</strong></span> 
     </span>
     <span class='ocr_line' id='line_1_58' title="bbox 1189 2280 2081 2339; baseline 0.006 -18"><span class='ocrx_word' id='word_1_354' title='bbox 1189 2282 1254 2323; x_wconf 89' lang='lat' dir='ltr'><strong>dit</strong></span> <span class='ocrx_word' id='word_1_355' title='bbox 1290 2280 1438 2338; x_wconf 85' lang='lat' dir='ltr'><strong>potius</strong></span> <span class='ocrx_word' id='word_1_356' title='bbox 1472 2281 1618 2332; x_wconf 82' lang='lat' dir='ltr'><strong>Nero,</strong></span> <span class='ocrx_word' id='word_1_357' title='bbox 1669 2281 1793 2339; x_wconf 86' lang='lat' dir='ltr'><strong>quod</strong></span> <span class='ocrx_word' id='word_1_358' title='bbox 1824 2297 1861 2325; x_wconf 84' lang='lat' dir='ltr'><strong>c.</strong></span> <span class='ocrx_word' id='word_1_359' title='bbox 1895 2280 1967 2325; x_wconf 84' lang='grc'><strong>53.</strong></span> <span class='ocrx_word' id='word_1_360' title='bbox 1999 2281 2081 2326; x_wconf 85' lang='lat' dir='ltr'><strong>Se-</strong></span> 
     </span>
     <span class='ocr_line' id='line_1_59' title="bbox 1190 2338 2083 2394; baseline -0.001 -12"><span class='ocrx_word' id='word_1_361' title='bbox 1190 2354 1299 2382; x_wconf 86' lang='lat' dir='ltr'><strong>neca</strong></span> <span class='ocrx_word' id='word_1_362' title='bbox 1326 2338 1518 2380; x_wconf 71' lang='lat' dir='ltr'><strong>dixeratt</strong></span> <span class='ocrx_word' id='word_1_363' title='bbox 1557 2352 1755 2394; x_wconf 81' lang='lat' dir='ltr'><strong>quorum</strong></span> <span class='ocrx_word' id='word_1_364' title='bbox 1785 2341 1911 2381; x_wconf 76' lang='lat' dir='ltr'><strong>alter</strong></span> <span class='ocrx_word' id='word_1_365' title='bbox 1945 2340 2083 2382; x_wconf 75' lang='lat' dir='ltr'><strong>bello-</strong></span> 
     </span>
     <span class='ocr_line' id='line_1_60' title="bbox 1188 2395 2083 2453; baseline 0.003 -15"><span class='ocrx_word' id='word_1_366' title='bbox 1188 2411 1295 2438; x_wconf 82' lang='lat' dir='ltr'><strong>rum</strong></span> <span class='ocrx_word' id='word_1_367' title='bbox 1315 2396 1462 2438; x_wconf 75' lang='lat' dir='ltr'><strong>socius</strong></span> <span class='ocrx_word' id='word_1_368' title='bbox 1482 2404 1566 2438; x_wconf 86' lang='lat' dir='ltr'><strong>etc.</strong></span> <span class='ocrx_word' id='word_1_369' title='bbox 1628 2395 1766 2452; x_wconf 79' lang='lat' dir='ltr'><strong>igitur</strong></span> <span class='ocrx_word' id='word_1_370' title='bbox 1787 2397 1823 2439; x_wconf 78' lang='lat' dir='ltr'><strong>si</strong></span> <span class='ocrx_word' id='word_1_371' title='bbox 1847 2396 1955 2453; x_wconf 87' lang='lat' dir='ltr'><strong>quid</strong></span> <span class='ocrx_word' id='word_1_372' title='bbox 1980 2407 2083 2441; x_wconf 85' lang='lat' dir='ltr'><strong>ante</strong></span> 
     </span>
     <span class='ocr_line' id='line_1_61' title="bbox 1190 2452 2083 2510; baseline 0.004 -16"><span class='ocrx_word' id='word_1_373' title='bbox 1190 2455 1307 2496; x_wconf 84' lang='lat' dir='ltr'><strong>bello</strong></span> <span class='ocrx_word' id='word_1_374' title='bbox 1360 2452 1646 2510; x_wconf 87' lang='lat' dir='ltr'><strong>ponendum,</strong></span> <span class='ocrx_word' id='word_1_375' title='bbox 1704 2452 1791 2496; x_wconf 84' lang='lat' dir='ltr'><strong>hoc</strong></span> <span class='ocrx_word' id='word_1_376' title='bbox 1842 2460 1906 2496; x_wconf 85' lang='lat' dir='ltr'><strong>est</strong></span> <span class='ocrx_word' id='word_1_377' title='bbox 1955 2470 2083 2507; x_wconf 73' lang='lat' dir='ltr'><strong>sane,</strong></span> 
     </span>
     <span class='ocr_line' id='line_1_62' title="bbox 1191 2509 1920 2571; baseline 0.003 -18"><span class='ocrx_word' id='word_1_378' title='bbox 1191 2511 1314 2571; x_wconf 90' lang='lat' dir='ltr'><strong>quod</strong></span> <span class='ocrx_word' id='word_1_379' title='bbox 1341 2519 1492 2552; x_wconf 81' lang='lat' dir='ltr'><strong>tamen</strong></span> <span class='ocrx_word' id='word_1_380' title='bbox 1518 2509 1759 2566; x_wconf 82' lang='lat' dir='ltr'><strong>elegantius</strong></span> <span class='ocrx_word' id='word_1_381' title='bbox 1781 2510 1920 2555; x_wconf 81' lang='lat' dir='ltr'><strong>abest.</strong></span> 
     </span>
    </p>
   </div>
   <div class='ocr_carea' id='block_1_13' title="bbox 1189 2608 2079 2785">
    <p class='ocr_par' dir='ltr' id='par_1_13' title="bbox 1189 2608 2079 2785">
     <span class='ocr_line' id='line_1_63' title="bbox 1246 2608 2078 2657; baseline 0.004 -4"><span class='ocrx_word' id='word_1_382' title='bbox 1246 2613 1364 2655; x_wconf 78' lang='lat' dir='ltr'><strong>dein.</strong></span> <span class='ocrx_word' id='word_1_383' title='bbox 1426 2608 1503 2652; x_wconf 82' lang='lat' dir='ltr'><strong>Sic</strong></span> <span class='ocrx_word' id='word_1_384' title='bbox 1533 2608 1634 2651; x_wconf 87' lang='lat' dir='ltr'><strong>MS.</strong></span> <span class='ocrx_word' id='word_1_385' title='bbox 1662 2608 1815 2653; x_wconf 84' lang='lat' dir='ltr'><strong>Guelf.</strong></span> <span class='ocrx_word' id='word_1_386' title='bbox 1847 2611 1948 2654; x_wconf 82' lang='lat' dir='ltr'><strong>edd.</strong></span> <span class='ocrx_word' id='word_1_387' title='bbox 1974 2611 2078 2657; x_wconf 73' lang='lat' dir='ltr'><strong>Put.</strong></span> 
     </span>
     <span class='ocr_line' id='line_1_64' title="bbox 1190 2665 2079 2723; baseline 0.003 -12"><span class='ocrx_word' id='word_1_388' title='bbox 1190 2669 1257 2712; x_wconf 91' lang='lat' dir='ltr'><strong>M.</strong></span> <span class='ocrx_word' id='word_1_389' title='bbox 1293 2677 1337 2711; x_wconf 88' lang='lat' dir='ltr'><strong>et</strong></span> <span class='ocrx_word' id='word_1_390' title='bbox 1372 2666 1430 2710; x_wconf 82' lang='lat' dir='ltr'><strong>V.</strong></span> <span class='ocrx_word' id='word_1_391' title='bbox 1464 2667 1566 2710; x_wconf 84' lang='lat' dir='ltr'><strong>Ber.</strong></span> <span class='ocrx_word' id='word_1_392' title='bbox 1601 2668 1658 2720; x_wconf 86' lang='lat' dir='ltr'><strong>(e.</strong></span> <span class='ocrx_word' id='word_1_393' title='bbox 1694 2666 1760 2710; x_wconf 85' lang='lat' dir='ltr'><strong>sil.</strong></span> <span class='ocrx_word' id='word_1_394' title='bbox 1798 2665 1939 2723; x_wconf 55' lang='lat' dir='ltr'><strong>Vici.)</strong></span> <span class='ocrx_word' id='word_1_395' title='bbox 1963 2668 2079 2716; x_wconf 66' lang='lat' dir='ltr'><strong>Ale.</strong></span> 
     </span>
     <span class='ocr_line' id='line_1_65' title="bbox 1189 2724 1994 2785; baseline 0.001 -15"><span class='ocrx_word' id='word_1_396' title='bbox 1189 2726 1332 2770; x_wconf 87' lang='lat' dir='ltr'><strong>Rhen.</strong></span> <span class='ocrx_word' id='word_1_397' title='bbox 1354 2739 1453 2782; x_wconf 84' lang='lat' dir='ltr'><strong>sqq.</strong></span> <span class='ocrx_word' id='word_1_398' title='bbox 1480 2751 1542 2761; x_wconf 90' lang='lat'>—</span> <span class='ocrx_word' id='word_1_399' title='bbox 1597 2724 1853 2768; x_wconf 65' lang='lat' dir='ltr'><strong>deindeaed.</strong></span> <span class='ocrx_word' id='word_1_400' title='bbox 1878 2726 1994 2785; x_wconf 85' lang='lat' dir='ltr'><strong>Spir.</strong></span> 
     </span>
    </p>
   </div>
   <div class='ocr_carea' id='block_1_14' title="bbox 1183 2821 2110 3107">
    <p class='ocr_par' dir='ltr' id='par_1_14' title="bbox 1183 2821 2110 3107">
     <span class='ocr_line' id='line_1_66' title="bbox 1242 2821 2080 2870; baseline 0.001 -1"><span class='ocrx_word' id='word_1_401' title='bbox 1242 2832 1439 2868; x_wconf 80' lang='lat' dir='ltr'><strong>aeterna</strong></span> <span class='ocrx_word' id='word_1_402' title='bbox 1470 2829 1620 2867; x_wconf 81' lang='lat' dir='ltr'><strong>erunt.</strong></span> <span class='ocrx_word' id='word_1_403' title='bbox 1680 2821 1737 2868; x_wconf 85' lang='lat' dir='ltr'><strong>H.</strong></span> <span class='ocrx_word' id='word_1_404' title='bbox 1761 2838 1800 2867; x_wconf 85' lang='lat' dir='ltr'><strong>e.</strong></span> <span class='ocrx_word' id='word_1_405' title='bbox 1832 2824 2080 2870; x_wconf 76' lang='lat' dir='ltr'><strong>manebunt</strong></span> 
     </span>
     <span class='ocr_line' id='line_1_67' title="bbox 1183 2879 2080 2940; baseline -0.001 -15"><span class='ocrx_word' id='word_1_406' title='bbox 1183 2898 1386 2940; x_wconf 81' lang='lat' dir='ltr'><strong>semper,</strong></span> <span class='ocrx_word' id='word_1_407' title='bbox 1434 2879 1688 2932; x_wconf 86' lang='lat' dir='ltr'><strong>durabunt,</strong></span> <span class='ocrx_word' id='word_1_408' title='bbox 1741 2896 1803 2926; x_wconf 85' lang='lat' dir='ltr'><strong>se.</strong></span> <span class='ocrx_word' id='word_1_409' title='bbox 1833 2884 1949 2924; x_wconf 82' lang='lat' dir='ltr'><strong>dum</strong></span> <span class='ocrx_word' id='word_1_410' title='bbox 1978 2883 2080 2924; x_wconf 80' lang='lat' dir='ltr'><strong>vita</strong></span> 
     </span>
     <span class='ocr_line' id='line_1_68' title="bbox 1183 2936 1641 2995; baseline -0.004 -12"><span class='ocrx_word' id='word_1_411' title='bbox 1183 2946 1406 2995; x_wconf 79' lang='lat' dir='ltr'><strong>suppetet.</strong></span> <span class='ocrx_word' id='word_1_412' title='bbox 1485 2936 1546 2981; x_wconf 79' lang='lat' dir='ltr'><strong>ef.</strong></span> <span class='ocrx_word' id='word_1_413' title='bbox 1599 2938 1641 2988; x_wconf 81' lang='lat'><strong>3,</strong></span> 
     </span>
     <span class='ocr_line' id='line_1_69' title="bbox 1185 2993 2110 3047; baseline 0 -8"><span class='ocrx_word' id='word_1_414' title='bbox 1185 3011 1428 3047; x_wconf 77' lang='lat' dir='ltr'><strong>mansere;</strong></span> <span class='ocrx_word' id='word_1_415' title='bbox 1500 2993 1566 3042; x_wconf 85' lang='lat'><strong>15,</strong></span> <span class='ocrx_word' id='word_1_416' title='bbox 1608 2994 1679 3038; x_wconf 83' lang='lat'><strong>63.</strong></span> <span class='ocrx_word' id='word_1_417' title='bbox 1719 3010 1781 3039; x_wconf 81' lang='lat' dir='ltr'><strong>ne</strong></span> <span class='ocrx_word' id='word_1_418' title='bbox 1825 3004 2076 3039; x_wconf 80' lang='lat' dir='ltr'><strong>aeternum</strong></span> <span class='ocrx_word' id='word_1_419' title='bbox 2108 3043 2110 3045; x_wconf 56' lang='grc'>,</span> 
     </span>
     <span class='ocr_line' id='line_1_70' title="bbox 1185 3052 1766 3107; baseline -0.002 -9"><span class='ocrx_word' id='word_1_420' title='bbox 1185 3056 1435 3107; x_wconf 75' lang='lat' dir='ltr'><strong>susciperet</strong></span> <span class='ocrx_word' id='word_1_421' title='bbox 1459 3052 1766 3097; x_wconf 59' lang='lat' dir='ltr'><strong>sexdolorem.</strong></span> 
     </span>
    </p>
   </div>
   <div class='ocr_carea' id='block_1_15' title="bbox 1157 3135 2074 3366">
    <p class='ocr_par' dir='ltr' id='par_1_15' title="bbox 1157 3135 2074 3366">
     <span class='ocr_line' id='line_1_71' title="bbox 1242 3135 2074 3193; baseline -0.001 -14"><span class='ocrx_word' id='word_1_422' title='bbox 1242 3136 1464 3179; x_wconf 76' lang='lat' dir='ltr'><strong>obnoxia.</strong></span> <span class='ocrx_word' id='word_1_423' title='bbox 1555 3135 1635 3178; x_wconf 85' lang='lat' dir='ltr'><strong>Ed.</strong></span> <span class='ocrx_word' id='word_1_424' title='bbox 1689 3135 1806 3193; x_wconf 84' lang='lat' dir='ltr'><strong>Spir.</strong></span> <span class='ocrx_word' id='word_1_425' title='bbox 1861 3137 2074 3179; x_wconf 75' lang='lat' dir='ltr'><strong>obnoxie.</strong></span> 
     </span>
     <span class='ocr_line' id='line_1_72' title="bbox 1183 3192 2074 3260; baseline 0 -24"><span class='ocrx_word' id='word_1_426' title='bbox 1183 3193 1348 3236; x_wconf 87' lang='lat' dir='ltr'><strong>Eadem</strong></span> <span class='ocrx_word' id='word_1_427' title='bbox 1398 3209 1499 3236; x_wconf 87' lang='lat' dir='ltr'><strong>mox</strong></span> <span class='ocrx_word' id='word_1_428' title='bbox 1542 3193 1714 3248; x_wconf 81' lang='lat' dir='ltr'><strong>inferre</strong></span> <span class='ocrx_word' id='word_1_429' title='bbox 1755 3208 1838 3260; x_wconf 85' lang='lat' dir='ltr'><strong>pro</strong></span> <span class='ocrx_word' id='word_1_430' title='bbox 1886 3192 2074 3244; x_wconf 76' lang='lat' dir='ltr'><strong>reserre-</strong></span> 
     </span>
     <span class='ocr_line' id='line_1_73' title="bbox 1157 3250 2072 3307; baseline 0 -14"><span class='ocrx_word' id='word_1_431' title='bbox 1157 3295 1159 3298; x_wconf 83' lang='lat'><strong>.</strong></span> <span class='ocrx_word' id='word_1_432' title='bbox 1182 3250 1349 3294; x_wconf 84' lang='lat' dir='ltr'><strong>Eadem</strong></span> <span class='ocrx_word' id='word_1_433' title='bbox 1376 3251 1609 3307; x_wconf 85' lang='lat' dir='ltr'><strong>utriusque</strong></span> <span class='ocrx_word' id='word_1_434' title='bbox 1645 3252 1779 3295; x_wconf 75' lang='lat' dir='ltr'><strong>verbiv</strong></span> <span class='ocrx_word' id='word_1_435' title='bbox 1801 3251 2072 3307; x_wconf 74' lang='lat' dir='ltr'><strong>permutatio</strong></span> 
     </span>
     <span class='ocr_line' id='line_1_74' title="bbox 1179 3304 2071 3366; baseline 0.002 -16"><span class='ocrx_word' id='word_1_436' title='bbox 1179 3308 1225 3350; x_wconf 90' lang='lat' dir='ltr'><strong>in</strong></span> <span class='ocrx_word' id='word_1_437' title='bbox 1259 3304 1387 3351; x_wconf 86' lang='lat' dir='ltr'><strong>libris</strong></span> <span class='ocrx_word' id='word_1_438' title='bbox 1422 3316 1487 3351; x_wconf 84' lang='lat' dir='ltr'><strong>est</strong></span> <span class='ocrx_word' id='word_1_439' title='bbox 1517 3307 1633 3366; x_wconf 87' lang='lat' dir='ltr'><strong>apud</strong></span> <span class='ocrx_word' id='word_1_440' title='bbox 1667 3307 1854 3351; x_wconf 88' lang='lat' dir='ltr'><strong>Sueton.</strong></span> <span class='ocrx_word' id='word_1_441' title='bbox 1888 3304 2071 3365; x_wconf 69' lang='lat' dir='ltr'><strong>Vespas-</strong></span> 
     </span>
    </p>
   </div>
   <div class='ocr_carea' id='block_1_16' title="bbox 1177 3366 1313 3409">
    <p class='ocr_par' dir='ltr' id='par_1_16' title="bbox 1177 3366 1313 3409">
     <span class='ocr_line' id='line_1_75' title="bbox 1177 3366 1313 3409; baseline 0 0"><span class='ocrx_word' id='word_1_442' title='bbox 1177 3382 1218 3409; x_wconf 90' lang='lat' dir='ltr'><strong>c.</strong></span> <span class='ocrx_word' id='word_1_443' title='bbox 1240 3366 1313 3409; x_wconf 74' lang='lat'><strong>22.</strong></span> 
     </span>
    </p>
   </div>
   <div class='ocr_carea' id='block_1_17' title="bbox 1174 3445 2069 3566">
    <p class='ocr_par' dir='ltr' id='par_1_17' title="bbox 1174 3445 2069 3566">
     <span class='ocr_line' id='line_1_76' title="bbox 1232 3445 2069 3493; baseline -0.001 -1"><span class='ocrx_word' id='word_1_444' title='bbox 1232 3450 1443 3493; x_wconf 76' lang='lat' dir='ltr'><strong>ditiores.</strong></span> <span class='ocrx_word' id='word_1_445' title='bbox 1491 3447 1645 3491; x_wconf 89' lang='lat' dir='ltr'><strong>Guelf.</strong></span> <span class='ocrx_word' id='word_1_446' title='bbox 1668 3447 1901 3491; x_wconf 78' lang='lat' dir='ltr'><strong>dictim-es.</strong></span> <span class='ocrx_word' id='word_1_447' title='bbox 1944 3445 2069 3492; x_wconf 84' lang='lat' dir='ltr'><strong>Idem</strong></span> 
     </span>
     <span class='ocr_line' id='line_1_77' title="bbox 1174 3507 1641 3566; baseline -0.009 -15"><span class='ocrx_word' id='word_1_448' title='bbox 1174 3522 1280 3566; x_wconf 69' lang='lat' dir='ltr'><strong>mox</strong></span> <span class='ocrx_word' id='word_1_449' title='bbox 1304 3514 1348 3550; x_wconf 81' lang='lat' dir='ltr'><strong>et</strong></span> <span class='ocrx_word' id='word_1_450' title='bbox 1370 3521 1454 3565; x_wconf 89' lang='lat' dir='ltr'><strong>pro</strong></span> <span class='ocrx_word' id='word_1_451' title='bbox 1479 3507 1641 3550; x_wconf 81' lang='lat' dir='ltr'><strong>etiam.</strong></span> 
     </span>
    </p>
   </div>
   <div class='ocr_carea' id='block_1_18' title="bbox 1691 2938 2163 2982">
    <p class='ocr_par' dir='ltr' id='par_1_18' title="bbox 1691 2938 2163 2982">
     <span class='ocr_line' id='line_1_78' title="bbox 1691 2938 2163 2982; baseline 0.004 -2"><span class='ocrx_word' id='word_1_452' title='bbox 1691 2938 1767 2981; x_wconf 75' lang='lat'><strong>26.</strong></span> <span class='ocrx_word' id='word_1_453' title='bbox 1827 2947 2078 2982; x_wconf 80' lang='lat' dir='ltr'><strong>aeternum</strong></span> <span class='ocrx_word' id='word_1_454' title='bbox 2155 2948 2163 2961; x_wconf 82' lang='grc'><em>“</em></span> 
     </span>
    </p>
   </div>
  </div>
 </body>
</html>
