2164 3990
153 201 265 239 Am.
281 198 369 237 804.

153 246 205 283 A.
225 243 277 294 e..
308 244 370 280 ει.

543 200 721 262 LIB.
757 198 919 267 XII.
979 198 1180 265 CAP.
1214 203 1313 262 36.
1349 202 1449 262 37.
1802 207 1921 282 103

0 327 1 355 i
69 341 244 396 decus
291 331 574 401 extollit,.
607 329 839 387 addidit
872 314 1122 402 gldriam
1150 330 1325 395 victo,
1359 354 1366 360 ·
1424 342 1679 388 vocatus.
1701 334 1918 410 quippe

67 435 136 481 ut
178 422 252 478 ad
295 418 524 491 insigne
570 414 961 490 spectaculum
1003 416 1275 491 popuIUS.
1388 426 1595 473 stetere
1628 416 1693 470 in
1739 420 1916 475 armis

65 505 386 584 praetoriae
423 496 690 558 cohortes
728 519 965 574 camp0,
1016 501 1119 576 qui
1159 512 1342 564 castra
1375 502 1680 574 praeiacet.
1761 513 1920 578 tunc

66 589 472 658 incedentibus
494 584 669 658 regiis
690 583 986 640 clientulis
1007 581 1280 659 phalerae
1306 596 1687 662 torquesque,
1713 607 1914 662 ,quae-

66 697 179 753 que
218 672 468 730 externis
502 670 673 726 bellis
710 669 1061 744 quaesierat,
1103 671 1394 727 traducta:
1440 691 1576 727 mox
1617 671 1824 727 fratres
1858 684 1920 746 etv

66 760 323 828 coniunx
364 768 419 812 et
455 755 600 811 filia:
645 766 938 828 postremo
972 754 1095 828 ipse
1133 766 1472 814 ostentatus,
1570 752 1914 825 Ceterorum

62 863 258 920 preces
295 844 606 915 degeneres
639 839 801 894 fuere
844 859 911 893 ex
948 850 1132 894 metu:
1179 852 1236 896 at
1269 860 1392 896 non
1428 841 1772 900 Caractacus
1812 853 1912 921 aut

26 953 31 963 ³
62 929 233 986 vultu
263 927 511 983 demisso
539 935 639 980 aut
666 923 860 979 verbis
884 923 1346 980 misericordiam
1368 925 1692 1001 requirens,

227 1034 540 1095 XXXVII.
611 1033 732 1092 Ubi
766 1032 1059 1090 tribunali·
1085 1035 1334 1105 adstitit,
1375 1037 1441 1091 in
1474 1031 1632 1092 huuc
1666 1038 1911 1092 modum

61 1126 288 1182 locutus
322 1134 426 1178 est:
495 1167 528 1190 ,‚
544 1119 634 1187 Si,
678 1130 893 1194 quanta
920 1118 1198 1174 nobilitas
1240 1132 1296 1176 et
1331 1122 1568 1178 fortuna
1599 1117 1749 1176 mihi
1781 1121 1910 1190 fuit,

61 1220 270 1280 „tanta
319 1226 514 1262 rerum
560 1223 972 1279 prosperarum
1016 1205 1339 1260 moderatio
1392 1206 1626 1276 fuisset,
1689 1206 1908 1262 amicus

59 1293 300 1368 „potius
347 1292 411 1346 in
447 1285 599 1345 hanc
636 1288 844 1343 urbem
880 1308 1055 1362 quam
1092 1301 1291 1364 captus
1334 1291 1648 1347 venissem:
1717 1311 1907 1366 neque.

58 1378 454 1450 „dedignatus
477 1393 624 1430 esses
651 1372 821 1428 claris
848 1373 1171 1429 maioribus
1196 1386 1390 1430 ortum
1406 1413 1433 1443 ,=
1463 1376 1750 1450 pluribus
1766 1396 1909 1449 gen-

57 1463 261 1534 „tibus
295 1460 756 1536 imperitantem,
799 1458 1033 1513 foedere
1073 1459 1231 1534 pacis
1265 1460 1543 1534 accipere.
1626 1455 1908 1532 Praesens

116 1691 244 1734 victo.
302 1688 386 1731 Ed.
407 1686 523 1745 Spir.
551 1686 717 1728 vincto.
776 1685 945 1730 Eadem

58 1764 143 1808 pro
164 1751 228 1789 od
248 1747 423 1797 insigne
446 1745 518 1787 dat
542 1744 753 1797 adsigne-

115 1812 274 1848 castra
327 1803 583 1857 praeiacet.
677 1799 753 1844 Sic
804 1801 940 1847 MSS.

1075 1689 1289 1732 externis
1319 1690 1461 1733 bellis.
1519 1688 1602 1734 Ed.
1625 1688 1741 1747 Spir.
1773 1690 1906 1732 bellis

1016 1748 1239 1789 externis.
1299 1746 1465 1789 Eadem
1490 1748 1807 1802 quaesiverat.

1072 1821 1306 1860 traducta.
1351 1850 1354 1853 ⁴
1386 1816 1489 1862 MS.
1520 1817 1630 1875 Reg.
1674 1817 1746 1863 ed.
1779 1817 1899 1876 Spir.

57 1861 182 1906 Harl.
213 1860 329 1904 Bud.
360 1857 508 1901 Guelf.
541 1857 638 1899 edd.
671 1857 773 1901 Put.
794 1859 861 1901 M.
900 1868 941 1902 et

57 1919 113 1963 V.
145 1917 351 1962 Beroald.
392 1916 450 1968 (c.
484 1913 629 1957 silent.
672 1913 806 1971 vict.)
841 1915 939 1960 Alc.

31 1996 33 1998 ’
53 1977 198 2020 Rhen.
216 1990 311 2032 sqq.
338 2019 341 2021 ⁴
370 1972 534 2015 eastris
546 1970 784 2026 praeiacet
808 1972 940 2017 MSS,

32 2079 37 2085 7
54 2033 200 2077 Vatic.
229 2033 277 2087 (t.
299 2029 435 2087 Lips.)
461 2028 569 2086 Reg.
590 2037 632 2071 et
653 2027 771 2085 Spir.

111 2098 219 2132 tunc
241 2088 564 2131 incedentibus.
625 2086 702 2129 Sic
725 2084 862 2130 MSS.
898 2094 941 2129 et

53 2147 155 2191 edd.
185 2154 288 2189 vett.
323 2145 380 2199 (c.
409 2142 476 2186 sil.
503 2143 662 2197 Vict.).
693 2171 751 2178 -—
801 2142 940 2186 Erne-

53 2200 446 2256 stius,'B1-oterius
473 2215 569 2257 sqq.
603 2208 711 2242 tune
745 2217 794 2242 ex
821 2202 939 2259 inge·

53 2262 131 2306 nio
181 2267 411 2303 mutarunt
452 2258 502 2299 {n
557 2263 681 2309 tum,
741 2257 940 2316 illudque

52 2317 373 2362 alienissimum
395 2314 756 2358 dicitErnestius.
796 2315 939 2366 „Nam

54 2383 186 2423 tunc,
232 2375 315 2421 ait,
358 2381 420 2415 est
460 2388 511 2415 eo
551 2380 778 2429 tenipore;
826 2380 939 2423 tum,

53 2441 178 2490 post,
231 2446 320 2489 quo
361 2428 535 2472 facto.'’
615 2429 769 2471 Recte.
849 2429 937 2470 Sed

52 2498 289 2548 propterea
308 2487 395 2530 huc
417 2485 602 2542 quadrat
624 2493 756 2536 tunc,
792 2501 936 2542 neque

52 2562 159 2590 vero
195 2553 310 2587 tum.
398 2543 511 2585 Nam
553 2542 626 2586 illa
657 2559 810 2585 rerum
852 2552 937 2584 tra-

54 2603 205 2646 ductio
230 2611 291 2644 ·et
331 2601 558 2644 clientium
596 2601 790 2643 incessus
822 2599 936 2642 haud

56 2660 188 2703 dubie
221 2658 331 2708 fuit,
373 2658 480 2700 dum
518 2657 565 2698 in
598 2657 732 2699 armis
765 2659 937 2699 stabant

53 2716 296 2774 praetoriae
344 2714 575 2765 cohortes,
632 2730 776 2770 neque
826 2730 936 2758 vero

87 2781 286 2832 ostquam
331 2779 557 2815 steterant.
638 2771 761 2814 Bene
805 2771 940 2828 igitur

52 2790 388 2874 gironnbeckius
440 2828 572 2871 dixit:
642 2828 756 2880 Da,·
823 2829 936 2871 male

54 2887 274 2934 Rieklefs;
294 2917 297 2922 ι
320 2885 527 2940 Darauf.

112 2945 347 2987 clientulis.
436 2942 510 2986 Sic
550 2942 686 2987 MSS.
739 2951 781 2986 et
834 2942 934 2986 edd.

57 3016 212 3044 omnes
243 3010 343 3045 ante
368 3000 592 3067 Lipsium,
626 3017 762 3059 quem
795 3000 934 3043 secuti

58 3073 214 3102 omnes
241 3058 339 3101 dein
363 3058 540 3100 edidere
563 3058 796 3100 clientelis.
850 3056 937 3100 Sed

55 3115 280 3158 clientulis
301 3115 402 3158 satis
431 3123 578 3158 tutum
601 3125 664 3158 est
686 3131 764 3173 per
784 3115 936 3157 locum

57 3172 109 3215 de
140 3171 268 3215 Orat.
304 3189 341 3215 c.
376 3171 446 3214 36.
490 3188 574 3215 nec
604 3172 649 3215 in
684 3188 759 3216 sua
794 3171 938 3215 forma

57 3229 300 3287 quidquam
321 3228 473 3276 habet,
500 3229 619 3286 quod
648 3228 849 3272 latinitati
872 3244 938 3270 re·

56 3293 237 3342 pugnet.
315 3285 389 3328 Sic
419 3288 816 3338 adolescentulus,
863 3286 935 3328 in-

47 3340 277 3398 fantulus.
339 3341 394 3385 cs.
421 3352 515 3386 not.
538 3343 592 3384 ad
618 3345 684 3391 14,
703 3343 772 3384 61.

112 3401 351 3453 phalerae.
411 3399 493 3442 Ed.
519 3400 634 3457 Spir.
650 3401 838 3457 fidlere.

119 3462 400 3511 torquesque.
463 3457 564 3501 MS.
592 3457 711 3500 Flos.
739 3461 789 3514 (t.
807 3458 942 3513 Vici.)
979 3484 983 3487 -

63 3511 317 3568 torquibus.

1015 1875 1198 1916 tradita
1222 1881 1342 1917 sunt.

1071 1958 1135 1986 ex
1156 1951 1298 1987 metu.
1353 1941 1452 1986 Hoc
1477 1943 1667 1992 additur,
1683 1945 1901 2001 ‚quoniam

1013 2007 1056 2042 et
1078 1999 1171 2043 aliis
1193 2001 1247 2043 de
1270 2000 1413 2043 causis
1432 2001 1670 2058 degeneres
1691 2017 1784 2044 esse
1803 2018 1901 2058 pos·

1012 2067 1114 2101 sunt
1153 2074 1320 2115 preces.
1378 2059 1505 2109 Non,
1537 2060 1659 2115 quod
1688 2061 1901 2116 sequitur,
1947 2095 1955 2110 ,

1012 2130 1108 2157 non
1141 2115 1311 2166 alieno,
1341 2114 1417 2158 sed
1453 2115 1683 2173 aptissimo
1716 2117 1818 2160 loco
1855 2127 1900 2161 et

1012 2188 1115 2215 cum
1148 2172 1346 2230 emphasi
1369 2173 1564 2230 positum
1590 2190 1682 2217 esse
1716 2190 1808 2217 non
1836 2182 1899 2216 est

1042 2229 1131 2272 uod
1166 2230 1397 2273 disseram.
1486 2231 1624 2273 secus
1663 2230 1900 2274 videbatur

1010 2245 1243 2335 {mesum
1296 2287 1371 2344 qui
1426 2287 1668 2331 lacessebat
1720 2304 1898 2347 quoque

1011 2360 1172 2389 vocem
1197 2359 1259 2386 ex
1283 2353 1424 2387 metu.

1069 2426 1179 2470 Cn».
1206 2427 1275 2470 37.
1336 2443 1483 2484 neque
1516 2429 1794 2484 dedignatus
1819 2442 1896 2471 es-

1008 2498 1084 2526 ses
1109 2517 1120 2527 .
1135 2516 1168 2526 ..
1191 2492 1351 2527 ortum
1380 2518 1390 2528 .
1410 2517 1420 2527 .
1438 2517 1448 2527 .
1471 2487 1812 2538 imperitantem
1826 2515 1868 2529 .›.
1881 2516 1893 2530 .

1010 2543 1222 2593 occipere.
1288 2542 1365 2586 Sic,
1385 2542 1485 2585 MS.
1509 2541 1634 2584 Flor.
1669 2549 1720 2592 (t.
1741 2540 1894 2600 vien).

1012 2598 1245 2640 consentit
1266 2598 1360 2642 fere
1391 2600 1459 2642 ed.
1487 2599 1601 2656 Spir.
1618 2631 1629 2649 ‚
1665 2600 1747 2641 nisi
1771 2600 1894 2656 quod

1008 2657 1162 2698 habet:
1210 2669 1355 2698 essem
1378 2688 1389 2700 .
1413 2689 1422 2698 .
1447 2687 1458 2698 .
1478 2658 1793 2708 imperantem
1816 2689 1828 2700 .
1849 2687 1892 2702 .,.

996 2714 1216 2768 foedera.
1270 2712 1548 2771 Scripturam
1563 2713 1684 2756 Flor.
1707 2729 1896 2771 sequun-

1008 2780 1081 2812 tur
1124 2771 1222 2812 edd.
1256 2769 1375 2827 Lips.
1411 2770 1593 2813 Pic'hen.
1631 2786 1756 2828 sqq„
1810 2772 1895 2815 nisi

1009 2828 1130 2927 {ruod
1175 2826 1348 2892 Lipsiu‘s
1394 2826 1892 2894 habet-imperantem.

1032 2901 1121 2927 ‚um
1160 2883 1230 2926 ed.
1253 2884 1371 2941 Spir.
1397 2894 1623 2941 conspirat
1648 2885 1747 2928 MS.
1770 2885 1895 2942 Reg.,

1010 2941 1438 3042 sstodslaessissshggffl
1479 2942 1731 3042 ’ὲῖιᾱΜῗῗὰ
1772 2941 1900 3043 1iiiii

1011 3058 1075 3099 M.
1101 3066 1142 3099 et
1168 3055 1223 3097 V.
1251 3055 1459 3098 Beroald.
1484 3055 1586 3098 Ale.
1614 3055 1755 3101 Rhen.
1786 3056 1892 3104 Ald.
1964 3103 1966 3105 ,

1010 3129 1156 3169 neque
1192 3113 1469 3165 dedignatus
1501 3128 1644 3155 essem
1669 3145 1678 3154 .
1696 3145 1706 3155 .
1734 3146 1744 3156 .
1765 3122 1897 3160 ortus

1102 3173 1374 3225 imperitans
1392 3170 1585 3226 foedere
1614 3186 1781 3225 pacem
1814 3188 1891 3214 oe-

1010 3230 1178 3281 ct'pere.
1280 3227 1355 3268 {lla
1407 3243 1517 3283 quae
1565 3236 1667 3269 suut
1718 3243 1742 3270 a
1792 3228 1890 3272 MS.

1013 3285 1156 3334 Flor.,
1187 3285 1301 3326 baud
1330 3283 1461 3326 dubie
1485 3292 1718 3342 praestant.
1779 3285 1891 3330 Nam

1012 3358 1122 3399 quae
1147 3341 1196 3384 C.
1223 3339 1391 3389 adfert,
1425 3357 1469 3382 se
1495 3339 1626 3385 claris
1652 3342 1894 3387 maioribus

1014 3409 1160 3441 ortum
1197 3407 1278 3439 etc.
1315 3414 1405 3440 non
1441 3398 1497 3442 ita
1527 3408 1709 3456 potuere
1739 3401 1800 3443 im
1837 3402 1893 3444 el-

1016 3456 1104 3498 lere
1132 3455 1421 3499 ‹taraetacum
1453 3455 1505 3498 ad
1536 3471 1686 3514 pacem
1710 3456 1785 3501 soe
1822 3475 1893 3501 ere

1017 3511 1344 3571 accipiendam,
1384 3528 1516 3573 quani
1544 3511 1808 3569 Claudium,
1848 3514 1896 3559 ut
