2164 3990
714 185 892 248 ΜΒ.
929 185 1036 248 xl.
1123 183 1316 250 CAP.
1348 172 1452 249 22.
1932 192 2015 250 37

158 343 281 380 non
317 318 545 386 edidits
574 317 866 373 incertum
903 336 980 371 an
1014 316 1332 375 occultans,
1419 314 1637 373 Iisdem
1673 319 2014 390 consulibus

157 405 222 466 P.
245 403 554 462 Dolabella
587 401 812 458 censuit
833 401 1223 475 spectaculum
1254 401 1652 473 gladiatorum
1679 423 1785 476 per
1808 424 2013 463 omnes

154 510 341 547 annos
395 487 812 545 celebrandum
860 486 1109 559 pecunia
1166 505 1400 554 eorum,
1469 486 1574 562 qui
1637 499 2011 563 quaesturam

152 575 631 650 adipiscerentur.
740 566 921 645 Apud
968 570 1220 627 maiores
1275 570 1511 627 virtutis
1563 571 1627 626 id
1681 573 2011 646 praemium

152 661 342 717 fuerat
407 657 746 733 cunctisque
815 654 1062 725 civium,
1131 656 1179 711 si
1241 655 1416 711 bonis
1468 656 1693 713 artibus
1744 657 2009 728 fiderent,

152 745 380 802 licitum
431 754 627 817 petere
679 741 1076 814 magistratus:
1164 761 1230 797 ac
1273 760 1351 805 ne
1401 752 1556 799 aetas
1600 742 1840 817 quidem
1884 743 2007 799 dis-

150 828 552 903 tinguebatur,
619 826 765 902 quin
804 824 995 901 prima
1037 825 1275 881 iuventa
1315 826 1685 882 consulatum
1723 838 1780 884 et
1823 828 2010 885 dicta-

150 925 310 972 turas
357 913 597 971 inirent.
705 911 805 966 sed
855 921 1187 986 quaestores
1234 910 1468 982 regibus
1517 911 1692 967 etiam
1728 923 1856 968 tum
1892 912 2008 967 im-

147 998 490 1075 perantibus
556 995 813 1053 institut-i
880 1007 1044 1063 sunt,
1122 996 1282 1070 quod
1336 994 1428 1052 lex
1480 995 1700 1054 curiata
1750 998 2008 1056 ostendit

148 1086 223 1141 ab
285 1083 356 1142 L.
409 1080 596 1137 Bruto
662 1079 923 1155 repetita.
1034 1080 1368 1155 mansitque
1435 1082 1777 1138 consulibus
1838 1094 2008 1157 pote-

150 1181 265 1226 stas
330 1156 660 1238 deligendi,
741 1166 928 1220 donec
994 1183 1128 1220 eum
1183 1186 1418 1240 quoque
1472 1162 1761 1223 honorem
1813 1187 2007 1242 popu-

240 186 459 226 μικροί»
491 163 493 165 ’

239 232 353 270 Δ.(Ξδ
391 229 455 265 47·

149 1255 244 1310 lus
308 1251 631 1310 mandaret.
753 1247 1046 1325 creatique

145 1445 383 1488 doctorum
417 1440 724 1490 coniecturas,
772 1438 890 1482 inter
922 1453 1036 1496 quos

178 1502 338 1544 almam
371 1497 612 1558 praeripuit
641 1497 731 1540 lac.
760 1494 1036 1538 Gronovius.

143 1519 254 1603 Eius
284 1557 400 1602 enim
439 1564 564 1605 sunt,
615 1570 726 1611 quae
769 1553 901 1596 hodie
943 1553 1036 1595 vul-

145 1624 329 1675 ganturz
358 1617 414 1656 de
432 1627 481 1655 sc
501 1627 598 1653 non
618 1611 864 1667 inficiatus.
904 1609 1036 1651 *Bro-

145 1673 283 1717 terius
306 1687 410 1715 cum
424 1669 619 1711 Grutero
642 1667 910 1725 scripturam
935 1666 1036 1710 cod.

147 1728 265 1772 Bud.
302 1743 385 1785 pro
421 1743 521 1769 sana
555 1724 700 1767 habet.
761 1724 863 1781 Bip.
898 1728 954 1765 de
984 1738 1038 1766 se

147 1787 348 1831 noxiam
358 1785 540 1839 fassus.
600 1782 820 1832 Faernus,
847 1780 1036 1838 Lipsius,

148 1842 368 1892 Ursinus:
399 1843 456 1882 de
478 1853 530 1881 se
550 1839 612 1881 Ν.
638 1838 870 1891 confessus
889 1852 1034 1880 conso.

146 1914 266 1944 ture.
325 1896 413 1940 Alii
433 1895 533 1938 alia.
588 1893 951 1936 Woltmannus:
975 1898 1033 1935 de

143 1972 194 2002 se
218 1956 333 1997 novi
351 1957 438 2010 (sc.
461 1951 588 2011 quid)
621 1958 665 1993 et
694 1953 897 1994 conscios
920 1966 968 1994 n.
992 1966 1031 1994 e.

145 2013 231 2059 Sed
253 2020 451 2079 apertam
477 2008 709 2066 scriptoris
735 2007 941 2052 lacunam
967 2024 1033 2051 ex-

142 2072 266 2130 plere
284 2077 480 2126 ingratus
501 2076 564 2109 est
586 2065 737 2114 labor,
766 2067 889 2123 quia,
920 2082 1033 2124 quae

143 2125 509 2173 commodissima
553 2139 646 2166 esse
687 2123 914 2172 videntur,
965 2122 1032 2165 in-

147 2193 266 2230 certa
290 2193 440 2227 tamen
461 2189 662 2224 manent.

196 2254 463 2297 Dolabella.
561 2250 663 2294 MS.
717 2249 869 2295 Guelf.
926 2251 1029 2294 edd.

141 2311 261 2369 Spir.
275 2310 376 2352 Put.
396 2309 653 2351 Dolabella.
705 2309 794 2352 Sed
820 2308 922 2352 libri
944 2308 1030 2351 sibi

142 2385 236 2413 non
279 2374 495 2410 constant.
576 2366 684 2408 Mox
719 2365 871 2408 Guelf.
910 2368 1028 2409 cele-

141 2429 309 2470 brante
337 2439 419 2479 pro
447 2425 786 2465 celebrandum.

199 2482 470 2526 consulibus.
531 2479 633 2523 MS.
657 2479 780 2523 Flor.
805 2482 860 2535 (t.
883 2478 1028 2533 vict.)

141 2549 238 2585 058.

199 2597 277 2653 qui
307 2601 610 2652 quaesturam
643 2594 1028 2647 adipiscerentur.

141 2656 200 2703 H.
225 2673 265 2699 e.
291 2661 544 2711 quaestores
578 2650 797 2694 destinati.
856 2651 1028 2694 Rhena-

118 2716 121 2718 ’
142 2730 227 2758 nus
250 2711 357 2754 dicit
387 2726 433 2752 se
464 2709 635 2751 dedisse
657 2709 1029 2762 adipiscerentur

177 2787 228 2815 ro
252 2768 584 2822 adipiscentur.
645 2765 760 2808 Illud
780 2774 930 2808 tamen
952 2765 1029 2808 ha-

142 2787 251 2872 gent
279 2825 385 2868 edd.
419 2824 534 2881 Spir.
562 2822 666 2866 Put.
694 2822 764 2865 M.
788 2831 830 2865 et
849 2822 908 2865 V.
948 2822 1029 2864 Be-

145 2884 286 2930 roald.
353 2880 644 2938 Kiesslingius
679 2879 881 2923 Rhenani
923 2887 1031 2922 nota

146 2941 354 2998 deeeptus
377 2937 570 2981 restituit
589 2937 921 2991 adipiscentur,
954 2952 1030 2982 ve-

146 3006 283 3041 terem
321 3013 416 3041 eam
454 3011 548 3037 esse
584 2996 855 3052 scripturam
890 3003 1027 3038 ratus.
1063 3008 1066 3012 ·

146 3054 225 3100 Est
248 3070 354 3098 vero
376 3052 588 3095 mendum
619 3052 666 3094 in
689 3053 758 3094 ed.
783 3053 882 3095 Ale.

202 3111 390 3154 virtutis
418 3112 480 3152 id.
540 3109 623 3152 Ed.
647 3110 763 3166 Spir.
799 3110 848 3151 id
878 3110 1031 3152 virtu-

82 3187 88 3192 ·
147 3170 225 3212 tis.
273 3168 378 3210 Mox
392 3165 541 3210 Guelf.
555 3166 732 3209 ciuibus
749 3182 831 3225 pro
850 3168 1031 3209 civium.

204 3233 247 3268 et
299 3226 574 3267 dictaturas.
666 3223 743 3269 Sic
772 3223 872 3266 MS.
906 3223 1031 3267 Flor.

149 3283 219 3327 ed.
244 3283 360 3341 Spir.
414 3289 458 3325 et
484 3282 771 3323 dictaturam
793 3280 892 3326 MS.
913 3281 1031 3323 Bud.

148 3355 204 3382 ac
224 3340 481 3382 dictaturas
498 3336 652 3382 Guelf.
671 3338 770 3381 edd.
786 3337 890 3382 Put.
905 3338 972 3380 M.
991 3348 1036 3381 et

148 3397 210 3439 V.
232 3396 438 3440 Beroald.
457 3396 554 3438 Ale.
570 3394 717 3437 Rhen.
735 3411 755 3438 s
789 3411 832 3452 q.
891 3396 1035 3439 Ober-

153 3451 270 3495 linus
310 3453 571 3497 auctoritate
612 3450 713 3495 MS.
792 3453 869 3496 ud.
917 3452 1038 3495 dedit

152 3509 456 3563 dictaturam,
486 3508 589 3568 quia
617 3509 763 3555 rarior
786 3509 873 3559 suit,
904 3509 1038 3558 dicta-

1109 1250 1370 1326 primum
1434 1248 1707 1310 Valerius
1775 1249 2007 1310 Potitus

1109 1448 1233 1483 turae
1249 1455 1380 1491 usus,
1411 1440 1536 1483 nulla
1559 1439 1694 1498 igitur
1715 1439 1900 1498 pluralis
1924 1457 2004 1484 nu-

1108 1498 1222 1540 meri
1249 1499 1382 1541 ratio.
1446 1498 1620 1542 Verum
1647 1513 1780 1555 supra
1817 1499 1854 1550 1,
1879 1500 1918 1542 1.
1945 1500 2005 1542 le·

1109 1554 1284 1612 gimus:
1328 1555 1593 1597 dictaturae
1614 1558 1679 1596 ad
1708 1563 1895 1609 tempas
1923 1570 2006 1600 sue-

1107 1612 1382 1662 mebantur,
1419 1628 1560 1669 quum
1584 1612 1719 1669 paulo
1743 1623 1845 1656 aute
1869 1621 2004 1656 esset:

1107 1672 1404 1712 consulatum
1444 1669 1510 1712 L.“
1547 1670 1732 1712 Brutus
1783 1670 2002 1717 instituit.
2054 1672 2059 1678 “

1106 1725 1287 1769 Etenim
1312 1726 1550 1769 dictatores
1574 1735 1701 1770 erant
1721 1724 2002 1783 magistratus

1107 1782 1471 1825 extraordinarii:
1510 1783 1732 1826 dabantur
1767 1782 1904 1841 igitur
1937 1783 2001 1826 di·

1106 1848 1303 1883 ctaturae
1341 1839 1566 1896 singulae,
1586 1855 1750 1896 ‚neque
1780 1856 1892 1886 vero
1930 1857 2002 1898 ge-

1105 1912 1192 1938 nus
1227 1904 1399 1938 certum
1434 1896 1565 1939 huius
1607 1897 1890 1953 magistratus
1925 1907 2003 1958 aut

1104 1969 1323 1997 annuum.
1389 1953 1671 1997 Consulatus
1704 1954 1871 1997 autem
1890 1954 2001 1999 dici-—

1102 2019 1181 2054 tur
1209 2026 1293 2068 pro
1328 2026 1516 2068 genere,
1550 2021 1599 2058 ut
1619 2011 1901 2068 magistratus
1927 2028 1998 2059 or-⁴

1105 2067 1304 2111 dinarius
1337 2076 1381 2111 et
1409 2084 1603 2112 annuus.
1683 2068 1801 2112 Hinc
1828 2085 1878 2112 ea
1907 2069 2001 2126 ipsa

1104 2125 1159 2168 de
1191 2141 1348 2175 causa,
1395 2142 1530 2183 quam
1570 2125 1813 2169 Oberlinus
1849 2143 1999 2169 emen-

1104 2181 1274 2226 dationi
1307 2199 1412 2225 suae
1477 2182 1719 2233 raetendit,
1753 2191 1874 2226 vetus
1905 2183 1997 2226 for·
2053 2185 2060 2192 '

1102 2256 1176 2283 ma
1235 2255 1436 2284 revocan
1471 2257 1493 2283 a
1561 2247 1670 2284 erat.
1761 2239 2000 2292 Consentit

1100 2296 1294 2340 Kiesslin
1328 2297 1408 2340 ius.
1485 2297 1618 2341 Prius
1651 2313 1734 2356 pro
1774 2298 1888 2355 quin
1925 2297 1995 2341 ed.

1100 2354 1220 2413 Spir.
1249 2363 1292 2398 et
1371 2354 1416 2397 S.
1440 2354 1564 2398 Flor.
1596 2356 1644 2409 (t.
1667 2355 1805 2408 Vict.)
1832 2354 1995 2398 habent

1100 2414 1183 2468 qui
1199 2413 1272 2460 in,
1304 2421 1347 2455 et
1371 2411 1442 2455 ed.
1457 2410 1573 2469 Spir.
1587 2412 1810 2469 expressis·
1823 2411 1997 2465 litteris,

1099 2481 1202 2524 MS.
1222 2482 1345 2525 Flor.
1367 2497 1448 2539 per
1469 2482 1791 2539 compendium
1815 2482 1920 2542 ᾳίη,
1962 2494 1966 2498 “

1155 2541 1296 2580 etiam
1319 2546 1434 2581 tum.
1494 2538 1596 2581 MS.
1621 2537 1770 2582 Guelf.
1800 2555 1895 2582 non
1919 2538 1994 2582 ha.-
2052 2593 2053 2596 Ἴ

1099 2595 1174 2638 bet
1203 2602 1330 2647 tum;
1356 2595 1475 2639 Bud.
1502 2595 1636 2639 habet
1667 2603 1794 2648 tum,
1828 2596 1996 2643 omittit

1101 2653 1260 2694 etiam.
1347 2654 1521 2695 Verum
1564 2652 1733 2697 Nostro
1781 2653 1994 2711 frequens

1100 2717 1165 2751 est
1191 2710 1334 2752 etiam
1357 2718 1483 2761 tum,
1513 2718 1562 2752 ut
1586 2710 1646 2762 sit
1669 2712 1801 2754 noch.
1863 2709 1923 2754 cf.
1941 2713 1996 2762 ·1,

1100 2765 1142 2809 3.
1166 2768 1238 2811 49.
1262 2765 1319 2809 50
1339 2783 1436 2832 sqq.
1497 2767 1568 2810 Ad
1594 2783 1759 2812 vocem
1793 2770 1878 2810 lex
1909 2784 1990 2810 cu·

1100 2824 1226 2866 riata
1250 2823 1309 2867 cf.
1334 2823 1549 2868 N1ebuhr.
1575 2823 1710 2868 Ram.
1734 2824 1896 2868 Gesch.
1937 2824 1994 2869 IL

1100 2897 1147 2938 p.
1170 2881 1236 2925 15.
1270 2881 1367 2924 114.
1402 2881 1499 2925 165.
1560 2881 1892 2927 Waehsmuth.
1917 2881 1993 2926 alt.

1100 2940 1157 2982 R.
1181 2937 1237 2981 G.
1270 2955 1314 2995 p.
1337 2936 1436 2981 375.

1159 2996 1357 3038 Potitus.
1417 2993 1494 3040 Sic
1516 2996 1616 3040 edd.
1641 2995 1860 3053 Bernegg.
1893 3009 1990 3052 sqq.

1102 3071 1152 3097 ex
1175 3052 1351 3096 emend.
1373 3051 1533 3110 Lipsii,
1566 3052 1667 3110 quia
1697 3051 1786 3095 hoc
1821 3060 1885 3096 est
1908 3068 1990 3095 no·

1101 3127 1207 3153 men
1232 3109 1530 3152 Valeriorum.
1594 3107 1696 3152 MS.
1720 3109 1842 3152 Flor.
1868 3112 1990 3166 (test.

1101 3168 1244 3222 Vict.)
1268 3174 1310 3208 et
1331 3165 1464 3209 MSS.
1489 3166 1648 3224 Lipsii‚
1678 3166 1748 3210 ed.
1763 3164 1880 3225 Spir.
1898 3182 1993 3221 po·-

1103 3233 1177 3267 tus
1203 3222 1366 3279 (media
1388 3240 1406 3267 s
1445 3223 1557 3267 llaba
1579 3223 1756 3267 omissa.
1804 3222 1867 3270 cf.
1895 3231 1991 3274 not.

1102 3281 1158 3326 ad
1183 3284 1218 3331 1,
1242 3282 1348 3337 200.
1463 3280 1545 3324 SS.
1572 3279 1723 3324 Guelf.
1748 3280 1864 3323 Bud.
1891 3279 1992 3325 edd.

1106 3339 1208 3380 Put.
1235 3338 1302 3379 Μ.
1328 3346 1370 3381 et
1389 3338 1447 3381 V.
1487 3338 1691 3382 Beroald'.
1717 3337 1818 3381 Alc.
1847 3336 1991 3381 Rhen.

1106 3395 1211 3438 Ald.
1229 3395 1526 3438 Posthumius
1544 3395 1616 3439 vel
1632 3395 1912 3439 Postumius.
1936 3419 1995 3435 --

1107 3452 1223 3494 Edd.
1245 3451 1369 3509 Lips.
1388 3452 1514 3497 Pieh.
1539 3452 1671 3501 Grut.
1694 3452 1854 3495 Potus.
1883 3502 1886 3506 .
1911 3450 1996 3494 Ce-

1108 3518 1254 3554 terum
1274 3509 1453 3570 Lipsius.
1472 3517 1515 3559 et
1529 3509 1727 3570 Ryckius
1748 3509 1997 3559 dissensum
