2164 3990
570 270 772 335 ·LlB.
805 272 973 339 XIII.
1055 275 1251 339 CAP.
1289 278 1387 339 13.
1422 279 1519 339 14.
1868 288 1979 346 161

131 412 458 479 'amicorum
481 407 823 483 metuebant
853 407 1216 485 orabantque
1256 427 1460 465 cavere
1492 408 1738 467 insidias
1769 417 1984 473 mulie..

134 498 216 553 ris
234 483 463 570 ‘semper
485 493 725 562 atrocis,
759 498 893 548 'tum
917 503 972 549 et
989 493 1186 553 falsae.
1271 491 1447 551 Forte
1470 493 1589 551 illis
1613 497 1819 554 diebus
1838 499 1986 558 Cae-

131 574 229 638 sar
271 575 532 655 inspecto
568 587 811 645 ornatn,
855 597 972 652 quo
1005 578 1340 653 principum
1368 579 1644 652 coniuges
1679 602 1743 638 ac
1769 604 1984 657 paren-

133 677 219 724 tes
256 664 622 731 effulserant‚
677 662 883 735 deligit
917 675 1135 718 vestem
1177 675 1232 720 et
1274 684 1526 737 gemmas
1560 665 1837 743 misitque
1873 671 1984 727 do·-

130 752 281 814 ‘num
315 748 492 805 matri
524 747 689 804 nulla
723 748 1117 821 parcimonia,
1184 770 1316 805 cum
1350 750 1753 824 praecipuaet
1789 756 1985 829 cupita

134 836 264 893 aliis
318 834 485 910 prior
540 833 807 891 deferret.
925 832 1043 890 Sed
1098 828 1427 908 Agrippina
1472 850 1602 909 non
1638 831 1732 891 his
1767 839 1984 897 instrui

135 922 325 978 cultus
376 938 541 988 SUOS,
596 919 697 973 sed
732 918 934 974 ceteris
978 917 1164 974 arceri
1208 920 1557 992 proclamat,
1606 932 1676 977 'et
1721 923 1985 982 dividere

133 1006 322 1062 filium
349 1024 498 1082 quae
528 1014 735 1059 cuncta
763 1023 829 1058 ex
857 1003 980 1078 ipsa
1007 999 1265 1061 haberet.
1351 1002 1472 1059 Nec
1512 1005 1748 1063 defuere
1782 1010 1885 1088 qui
1919 1011 1985 1066 in

135 1091 391 1148 deterius
422 1091 726 1147 referrent.

304 1185 470 1245 XIV.
532 1183 612 1241 Et
645 1183 802 1240 Nero
837 1183 1101 1240 infensus
1144 1185 1243 1253 iis,
1291 1186 1505 1261 quihus
1541 1186 1814 1263 superbia
1850 1213 1987 1250 mu-

134 1274 337 1331 liebris
358 1271 748 1338 innitebatur,
783 1269 1055 1325 demovet
1075 1267 1401 1326 Pallantem
1426 1293 1565 1328 cura
1589 1293 1812 1345 rerum,
1851 1279 1985 1355 quis

135 1380 168 1416 a
189 1357 438 1416 Claudio
466 1354 773 1428 impositus
796 1354 959 1410 velut
985 1355 1272 1411 arbitrum
1294 1357 1461 1428 regni
1484 1360 1715 1432 agebat:
1758 1361 1989 1420 fereba-

134 1455 346 1521 turque
371 1439 743 1516 degrediente
770 1460 835 1495 eo
863 1458 1071 1514 magna
1092 1443 1574 1517 prosequentium
1607 1445 1987 1506 multitudine

221 274 447 311 .A.1J.809.

221 320 339 356 A.tz
390 316 476 353 56.-

190 1685 370 1715 cavere.
448 1668 526 1714 Sic
556 1668 689 1713 MSS.
725 1669 850 1713 Flor.
894 1670 1022 1722 (test.

135 1729 255 1772 vict.
281 1726 485 1793 c.Pieh.)
506 1727 619 1769 Bud.
648 1727 746 1769 edd.
764 1728 880 1785 Spir.
898 1727 1022 1771 Pich.

135 1803 245 1903 3¹25.
279 1785 444 1900 affligi>
471 1785 811 1897 Lnfissfcemiffifi.
834 1784 1025 1888 {5513}

137 1919 190 1945 co
215 1898 451 1956 adscripta.
511 1897 612 1940 MS.
631 1897 783 1941 Guelf.
810 1899 1023 1942 edd.Put.

1095 1669 1214 1726 Spir.
1241 1668 1344 1713 Put.
1373 1670 1440 1713 M.
1474 1678 1515 1713 et
1538 1668 1594 1714 V.
1619 1671 1825 1717 Beroald.
1860 1676 1984 1731 (cum

1095 1727 1164 1770 sil.
1193 1726 1328 1779 Vim.)
1358 1729 1454 1770 Ale.
1479 1727 1621 1771 Rhen.
1655 1745 1706 1788 sq
1741 1764 1751 1774 .
1791 1731 1983 1787 ferocia

1096 1786 1305 1828 mulieris
1345 1785 1479 1828 MSS.
1522 1784 1674 1831 Guelf.
1710 1746 1846 1833 (harh
1899 1790 1983 1834 Ies-

1094 1841 1212 1884 Hinc
1257 1857 1356 1898 sup.
1401 1843 1609 1885 mulieris
1639 1843 1742 1888 edd.
1779 1844 1986 1892 oberlin.

1096 1899 1310 1957 aliaeque.
1358 1899 1671 1945 Recentissimi
1695 1902 1889 1946 editores
1910 1906 1985 1947 be-

134 1954 205 2004 M.
227 1965 269 2000 et
289 1957 344 1999 V.
372 1954 580 1999 Beroald.
606 1957 702 1998 Alc.
730 1955 871 1998 Rhen.
900 1955 1022 2013 Lips.

135 2016 317 2060 Gruter.
348 2013 522 2064 caveri,
564 2010 699 2069 idque
732 2012 778 2054 in
811 2013 885 2056 tali
916 2029 1023 2056 con-

133 2079 252 2117 textu
295 2086 389 2112 non
423 2069 670 2114 absurdum
704 2086 796 2112 esse
830 2070 1023 2113 vidimus

133 2131 187 2175 ad
222 2131 288 2180 11,
317 2130 360 2171 1.
438 2125 526 2170 Sed
560 2126 634 2169 hie
674 2142 834 2169 cavere
866 2129 1023 2170 nititur

133 2188 413 2245 optimorum
470 2183 691 2227 librorum
745 2186 1021 2228 auctoritate.

133 2244 216 2289 Ed.
241 2242 346 2287 Ald.
381 2249 586 2291 caueret,
626 2241 689 2283 uti
717 2243 927 2286 volebant
952 2242 1022 2285 Pi·

133 2303 272 2346 ebena
300 2309 342 2343 et
366 2299 606 2343 Rhenanus
631 2299 691 2351 (in
714 2300 946 2357 castigatt.)

190 2368 290 2402 tum
323 2366 366 2399 et
385 2358 564 2412 falsae.
626 2356 696 2399 De
728 2356 893 2402 vocula
925 2364 1024 2400 tum

133 2416 193 2461 cf.
220 2425 314 2459 not.
337 2414 390 2457 ad
413 2414 546 2463 226.

190 2476 405 2522 inspecto.
473 2470 555 2529 Ep.
587 2470 701 2528 Spir.
741 2472 1021 2525 inspenecto.

133 2531 301 2574 Eadem
342 2545 445 2571 mox
488 2530 801 2582 effulxerant‚
850 2529 1023 2587 vulgari

134 2588 387 2632 litterarum
405 2602 444 2628 x
465 2595 508 2627 et
528 2601 552 2627 S
607 2586 919 2628 ermutatione.

190 2645 363 2698 deligit.
425 2642 529 2686 MS.
564 2601 712 2686 guelf.
751 2645 941 2697 delegit,
982 2651 1024 2686 et

132 2702 199 2750 sic
216 2702 394 2759 Bipont.
415 2710 458 2744 et
480 2700 763 2744 Lt’memann.
823 2700 911 2743 Sed
934 2701 1023 2743 vul·

119 2757 286 2819 'gatum
310 2758 570 2802 melion-ibus
596 2758 719 2800 libris
747 2757 907 2800 nititur
939 2773 1024 2801 nec

134 2827 198 2866 est
229 2832 311 2860 cur
346 2823 562 2862 mutetur.
604 2815 676 2860 cf.
711 2825 806 2858 not.
833 2815 889 2858 ad
912 2815 954 2863 2,
977 2815 1020 2858 7.

133 2876 214 2918 sub
242 2890 284 2918 v.
308 2875 464 2916 duxit.

186 2948 379 2986 donum.
449 2940 525 2986 Sic
562 2942 696 2987 MSS.
730 2943 853 2985 Flor.
892 2947 1022 2995 (test.

134 3003 270 3054 Vict.)
298 2999 409 3043 ssnd.
438 3001 539 3043 edd.
563 3000 705 3043 Rhen.
732 3016 830 3057 sqq.
851 3025 901 3033 —
935 3003 1023 3041 do-

133 3073 263 3100 murn
297 3057 398 3099 MS.
435 3054 587 3101 Guelf.
630 3057 732 3100 edd.
767 3058 884 3115 Spir.
917 3057 1021 3100 Put.

135 3116 201 3159 M.
229 3124 271 3157 et
295 3115 350 3156 V.
378 3115 476 3157 Ber.
500 3114 600 3158 Alc.

185 3184 498 3240 parcimonia.
562 3183 636 3227 Sic
655 3184 756 3228 edd.
771 3183 913 3243 Ryek.
927 3199 1024 3242 sqq.

127 3243 420 3295 parsimonia
445 3240 545 3284 MS.
563 3240 712 3284 Guelf.
738 3251 779 3284 et
803 3242 901 3285 edd.
921 3251 1022 3285 vett.

132 3316 233 3343 cum
257 3297 434 3340 silentio
458 3297 665 3341 Victorii.

188 3357 430 3411 referrent.

132 3421 254 3456 rent.
647 3462 652 3469 ι

191 3483 301 3526 CAP.
330 3483 399 3526 14.
460 3484 514 3526 iis
549 3473 725 3539 qz'i'ibus.
785 3481 869 3524 Ed.
903 3482 1019 3540 Spir.

132 3541 206 3582 his
233 3541 405 3594 quibus.
465 3538 525 3583 cf.
556 3549 650 3582 not.
679 3540 731 3582 ad
760 3542 797 3591 1,
817 3540 888 3582 22.

189 3598 404 3650 superbia
456 3597 709 3640 muliebris.
792 3596 869 3641 Sic
917 3596 1020 3642 edd.

133 3662 376 3714 TAcrrus
418 3661 483 3715 Il.

521 3355 603 3397 Ed.
649 3355 769 3413 Spir.
805 3370 881 3399 res
910 3357 1019 3412 fier-

1096 1971 1151 1998 ne
1177 1965 1452 2000 revocarunt
1479 1958 1738 2008 muliebris,
1771 1960 1895 2017 quod
1918 1978 1988 2004 ex-

1095 2011 1301 2080 quisitius
1329 2013 1501 2057 dictum
1525 2023 1614 2066 est,
1653 2030 1787 2072 quam
1817 2019 1988 2061 mulie-

1094 2084 1180 2113 rzs.

1150 2187 1380 2228 demovet.
1452 2183 1539 2228 Ed.
1570 2186 1691 2244 Spir.
1721 2189 1983 2235 demolliet.

1094 2242 1196 2286 MS.
1211 2243 1320 2300 Agr.
1342 2245 1566 2286 demoliri.
1625 2244 1717 2286 Pro
1737 2238 1874 2300 regni
1884 2249 1985 2292 MS.

1095 2298 1248 2342 Guelf.
1283 2302 1366 2342 rei.
1427 2299 1519 2342 Pro
1555 2304 1723 2356 agebat
1754 2299 1854 2347 edd.
1881 2304 1985 2349 Put.

1095 2357 1162 2399 M.
1188 2365 1232 2399 et
1253 2355 1305 2398 V.
1338 2359 1556 2411 agrebat3
1597 2359 1733 2402 MSS.
1757 2354 1876 2403 Harl.
1905 2362 1986 2407 les.

1095 2412 1248 2457 Guelf.
1267 2416 1460 2470 gerebat
1480 2415 1622 2469 (Harl.
1642 2416 1688 2457 in
1710 2432 1849 2475 marg.
1875 2434 1983 2473 age-

1094 2473 1207 2527 bat).
1279 2471 1370 2514 Pro
1394 2475 1526 2520 vvelut
1562 2471 1665 2519 MS.
1695 2472 1821 2516 Flor.
1861 2472 1983 2532 (test.
2048 2522 2056 2534 .

1096 2526 1235 2581 vict.)
1260 2531 1413 2572 vetud.
1524 2564 1527 2568 .
1615 2546 1619 2550 ·
1775 2528 1781 2533 ’
1924 2557 1926 2559 >

1152 2641 1402 2684 arbitrum.
1492 2641 1567 2686 Sic
1618 2642 1754 2687 MSS.
1808 2644 1982 2692 Vaticc.

1095 2698 1218 2743 1863.
1250 2705 1292 2739 et
1315 2697 1440 2742 1864.
1464 2699 1694 2757 edd.Spir.
1723 2700 1986 2750 Rhen.A¹d.

1094 2756 1207 2814 Lips.
1242 2770 1336 2812 sqq.
1419 2756 1671 2798 arbitrium
1699 2756 1833 2803 MSS.
1861 2761 1984 2806 Flor.

1095 2815 1211 2867 (test.
1238 2812 1322 2855 lac.
1350 2811 1570 2867 Gronov.)
1598 2812 1696 2857 Vat.
1724 2817 1982 2877 1958.'Reg.

1096 2869 1247 2913 Guelf.
1285 2870 1397 2913 Bud.
1432 2868 1555 2913 Harl.
1589 2870 1720 2915 Bodl.
1758 2874 1839 2916 les.
1880 2877 1999 2920 edd..

1094 2927 1196 2970 Put.
1229 2926 1295 2970 M.
1329 2935 1372 2970 et
1395 2925 1451 2969 V.
1486 2926 1690 2972 Beroald.
1712 2929 1813 2974 Ale.
1903 2933 1984 2978 Pa-

1094 3001 1195 3027 rum
1228 2984 1406 3027 videtur
1441 2985 1666 3029 interesse.
1738 2987 1797 3030 cs.
1837 2998 1984 3034 tamen

1092 3044 1134 3094 2,
1157 3041 1228 3086 73.
1256 3042 1297 3093 4,
1321 3042 1391 3085 41.
1449 3040 1620 3085 Eadem
1652 3044 1839 3088 varietas
1869 3046 1981 3092 Hist.
2060 3057 2062 3059 ’

1091 3102 1132 3151 4,
1152 3101 1222 3143 21.

1150 3195 1461 3250 degrediente.
1552 3194 1629 3238 Sic
1668 3196 1803 3241 MSS.
1827 3191 1831 3197 ¹
1858 3198 1982 3246 Flor.

1095 3254 1209 3307 (test.
1251 3251 1363 3293 Viet.
1401 3269 1441 3294 c.
1482 3251 1566 3294 [ae.
1604 3251 1770 3311 Gron.)
1806 3253 1981 3303 Vaticc.

1098 3309 1221 3353 1863.
1246 3316 1287 3350 et
1321 3309 1442 3351 1864.
1481 3308 1596 3350 Bud.
1631 3308 1739 3369 Reg.
1774 3313 1874 3356 edd.
1906 3315 1983 3358 Er·

1093 3375 1209 3410 nest.
1233 3380 1326 3422 sqq.
1395 3365 1560 3426 Recte3
1600 3382 1703 3411 nam
1729 3367 1873 3413 Pallas
1908 3373 1983 3414 ‘de-

1094 3423 1375 3481 grediebatur
1399 3422 1576 3479 palatio.
1635 3423 1691 3467 cf.
1713 3425 1823 3469 Hist.
1849 3427 1889 3479 3,
1913 3430 1982 3475 67.

1089 3483 1267 3533 palatio
1324 3482 1617 3533 degreditur.
1697 3481 1812 3527 Edd.
1861 3487 1981 3545 Spir.

1094 3538 1193 3579 Pul.
1219 3536 1284 3578 Μ.
1318 3545 1359 3577 et
1386 3538 1439 3581 V.
1471 3537 1679 3581 Beroald.
1713 3538 1855 3589 Rhen.
1882 3560 1980 3603 sqq.

1094 3611 1132 3638 c.
1170 3593 1269 3637 MS.
1298 3591 1451 3638 Guelf.
1485 3595 1786 3651 digrediente.
1871 3600 1982 3643 Mox

1470 3657 1522 3713 1.
