2164 3990
205 212 259 251 A.
276 212 328 248 U.
349 210 433 245 813.

199 258 254 292 A.
277 255 322 290 C.
369 255 433 292 60·

658 210 833 272 LIB.
865 211 1026 273 XIV.
1105 211 1300 272 CAP.
1347 214 1398 272 1.
1436 214 1495 272 2.
1842 213 1964 273 231

112 368 241 404 ram
277 365 516 424 quoquo
550 352 871 410 terrarum,
933 341 1039 398 ubi
1076 342 1307 398 audiret
1342 342 1540 416 potius
1580 343 1963 399 contumelias

111 431 481 507 imperatoris
507 448 684 505 quam
717 428 931 482 viseret
961 427 1238 500 periculis
1275 427 1398 483 eius
1432 424 1718 486 immixta.
1800 426 1961 484 Haec

110 528 285 593 atque
326 516 466 572 talia
504 510 762 570 lacrimis
797 522 855 568 et
895 522 1018 567 arte
1049 513 1347 569 adulterae
1376 513 1752 587 ”penetrantia
1789 532 1962 578 nemo

44 603 46 614 '
108 597 489 677 prohibebat,
544 595 917 673 cupientibus
956 597 1183 653 cunctis
1215 597 1461 670 infringi
1487 597 1810 672 potentiam
1835 618 1962 652 ma-

109 686 219 744 tris
252 696 310 750 et
342 686 614 742 credente
648 682 817 739 nullo
835 701 1021 758 usque
1044 682 1118 738 ad
1141 684 1377 738 caedem
1401 682 1524 738 eius
1548 684 1829 740 duratura
1851 682 1961 740 filii

111 771 268 831 odia.

278 878 359 940 ΙΙ.
403 877 616 936 Tradit
647 875 899 935 Cluvius
940 878 1150 935 ardore
1188 878 1532 934 retinendae
1569 873 1960 954 Agrippinam

110 966 408 1044 potentiae
447 984 514 1021 eo
551 984 740 1040 usque
776 974 1143 1039 provectam,
1195 974 1264 1019 ut
1300 963 1498 1020 medio
1535 964 1686 1033 diei,
1729 985 1862 1021 cum
1899 964 1961 1021 id

111 1051 392 1128 temporis
414 1048 572 1107 Nero
603 1069 709 1124 per
733 1048 941 1104 vinum
966 1059 1023 1104 et
1047 1048 1249 1122 epulas
1274 1047 1679 1130 incalesceret,
1723 1050 1962 1107 offerret

112 1157 172 1196 se
197 1137 425 1212 saepius
448 1135 772 1191 temulento
799 1144 1090 1208 comptam
1118 1143 1174 1189 et
1196 1133 1415 1190 incesto
1443 1145 1724 1209 paratam.
1810 1135 1961 1191 iam-

107 1243 222 1300 que
250 1221 466 1278 lasciva
493 1219 692 1275 oscula
720 1229 776 1274 et
796 1216 1177 1293 praenuntias
1199 1218 1410 1291 flagitii
1431 1219 1748 1275 blanditias
1773 1221 1930 1276 adno
1957 1263 1963 1266 -

104 1308 366 1366 tantibus
399 1303 683 1381 proximis
718 1302 1003 1361 Senecam
1043 1314 1247 1360 contra
1281 1303 1600 1360 muliebres
1635 1304 1961 1362 inlecebras

160 1539 342 1582 quoquo
364 1530 620 1566 terrarum.
652 1518 736 1564 Ed.
750 1518 868 1579 Spir.
891 1535 999 1576 quo·

107 1598 195 1641 que
230 1590 492 1628 terrarum,
533 1587 576 1621 et
605 1578 665 1621 ita
700 1594 726 1621 a
754 1578 900 1636 prima
934 1594 998 1620 m.

103 1642 191 1686 fuit
209 1640 255 1683 in
276 1638 379 1682 MS.
394 1635 542 1680 Guelf.
559 1667 572 1691 ‚
601 1635 737 1680 altera
759 1651 916 1678 manus
938 1634 1001 1678 fe-

107 1699 170 1743 cit
190 1711 389 1754 quoquo.

161 1797 382 1841 lacrimis.
461 1793 538 1837 Sic
579 1791 682 1836 MS.
728 1790 850 1835 Flor.
898 1798 999 1834 test.

104 1857 223 1901 Vict.
249 1853 498 1909 lachrymis
526 1849 626 1894 edd.
650 1857 755 1893 vett.
816 1849 887 1891 De
920 1850 995 1890 la-

103 1914 261 1957 crimis
293 1919 336 1954 et
368 1919 472 1953 arte
504 1907 562 1950 cf.
583 1905 718 1950 Roth.
743 1922 772 1965 p
812 1906 885 1952 45.
919 1906 995 1962 qui

106 1972 239 2014 docet
271 1969 343 2012 hic
376 1983 469 2010 esse
502 1981 598 2009 eam
630 1963 796 2029 figurae
833 1963 882 2006 ἓν
920 1962 996 2006 διὰ

104 2027 240 2072 δυοῖν
266 2025 459 2083 speeiem
476 2056 488 2073 ,
531 2038 643 2079 quae
667 2037 714 2064 m
739 2019 890 2064 locum
913 2021 994 2063 ad-

105 2083 342 2145 positionis
375 2080 589 2137 succedit.
648 2080 737 2122 Ars
769 2078 995 2121 adulterae

102 2151 169 2190 est
190 2142 238 2186 in
261 2138 470 2184 lacrimis.

156 2241 422 2299 potentiam
465 2238 652 2281 matris.
740 2235 816 2282 Sic
856 2235 994 2279 MSS.

103 2301 231 2344 Flor.
268 2305 387 2351 (test.
414 2297 555 2345 Vict.)
589 2293 718 2339 Harl·
746 2294 878 2337 Bodl.
908 2296 992 2337 les.

103 2356 254 2402 Guelf.
279 2354 417 2399 Corb.
455 2353 523 2394 ed.
551 2353 668 2411 Spir.
710 2379 770 2387 --
827 2353 997 2394 matris

99 2414 358 2471 potentiam
389 2411 489 2454 edd.
516 2410 620 2454 Put.
646 2409 712 2459 Μ,
738 2418 782 2452 et
807 2411 861 2452 V.
889 2409 994 2452 Ber.

104 2472 206 2518 Alc.
224 2469 366 2512 Rhen.
389 2485 488 2526 sqq.

161 2572 274 2616 CAP.
296 2571 337 2613 Ξ.
384 2569 584 2612 Cluuius.
646 2567 723 2610 Sic
744 2564 846 2612 MS.
869 2566 992 2610 Fior.

102 2632 219 2684 (test.
262 2628 400 2683 Vict.)
449 2626 552 2668 edd.
594 2631 779 2668 recentt.
824 2624 928 2667 inde
971 2641 994 2667 a

100 2685 222 2748 Lips.
258 2685 419 2744 prima.
482 2682 539 2727 cf.
575 2684 642 2733 13,
670 2682 742 2724 20.
782 2705 840 2714 --
901 2681 996 2723 Cli-

101 2748 196 2787 vius
221 2743 322 2787 MS.
348 2741 498 2785 Guelf.
531 2741 631 2784 edd.
656 2738 755 2781 Put.
780 2739 848 2783 M.
874 2747 916 2781 et
941 2741 993 2781 V.

102 2802 204 2846 Ber.
240 2800 342 2843 Ale.
377 2799 520 2842 Rhen.
558 2797 660 2841 Ald.
710 2820 768 2830 -
839 2796 995 2840 Diuus

101 2860 168 2904 ed.
196 2859 315 2917 Spir.

159 2961 331 3005 ardore
372 2955 650 2998 retinendae
683 2954 994 3008 Agrippinam

56 3056 59 3062 s
97 3025 193 3071 pot.
253 3015 328 3059 Sic
350 3013 484 3057 MSS.
520 3020 561 3055 et
592 3010 691 3054 edd.
727 3019 829 3054 vett.
863 3027 992 3069 prae-

99 3084 167 3118 ter
188 3073 290 3117 cod.
309 3071 406 3114 MS.
425 3070 562 3113 Corb.
589 3068 663 3126 qui
686 3068 815 3111 habet
829 3070 992 3124 Agrip-

94 3133 258 3186 pinam
280 3132 454 3172 ardore
475 3128 753 3170 retinendae
772 3141 822 3180 p.
847 3141 990 3182 eoque

100 3188 259 3232 ordine
289 3186 422 3230 hodie
453 3185 584 3226 verba
622 3183 830 3228 eduntur.
903 3183 989 3226 Sed

101 3244 202 3290 satis
225 3243 393 3287 Nostro
426 3242 583 3284 usitata
617 3249 681 3284 est
713 3238 822 3284 haec
852 3256 990 3283 voca-

100 3301 312 3347 bulorum
338 3297 651 3357 transpositio,
689 3312 821 3354 quam
857 3314 989 3357 prae-

102 3357 250 3404 ferunt
280 3357 383 3401 libri
416 3355 589 3413 optimi.
634 3353 692 3398 cf.
726 3363 822 3397 not.
856 3355 910 3397 ad
946 3357 985 3410 1,

103 3415 173 3457 67.
235 3411 612 3458 Aecuratissimus
640 3411 832 3468 scriptor
856 3412 987 3455 verba

104 3471 230 3531 ponit
253 3487 304 3514 eo
329 3470 511 3523 ordine,
539 3476 589 3512 ut
618 3468 910 3533 praecedant,
940 3469 987 3512 in

104 3527 200 3589 quis
221 3527 361 3572 maior
377 3535 440 3572 est
462 3526 682 3573 sermonis
701 3541 783 3573 vis.
819 3525 880 3571 lta
901 3527 988 3575 hoc

1071 1519 1176 1564 loco
1227 1520 1410 1566 Tacitus
1468 1538 1560 1565 non
1613 1530 1707 1568 erat
1763 1521 1965 1566 dicturus

1071 1578 1380 1634 Agrippinam
1416 1596 1469 1623 eo
1506 1596 1645 1638 usque
1680 1587 1967 1637 provectam;

1072 1636 1150 1679 sed
1199 1641 1371 1680 ardore
1411 1639 1690 1680 retinendae
1726 1638 1966 1692 potentiae

1071 1693 1194 1736 illam
1231 1710 1284 1737 eo
1317 1710 1460 1753 usque
1492 1703 1773 1753 provectam.
1835 1692 1964 1738 Cete—

1071 1767 1174 1794 rum
1200 1751 1270 1794 ed.
1300 1750 1418 1810 Spir.
1445 1769 1528 1811 pro
1557 1755 1731 1795 ardore
1760 1751 1964 1810 suppedi-

1071 1817 1134 1852 tat
1163 1823 1347 1852 amore.
1406 1809 1573 1853 Eadem
1599 1825 1703 1852 mox
1729 1809 1893 1864 offerre
1913 1823 1964 1854 se

1071 1882 1153 1924 pro
1188 1866 1378 1920 offerret
1408 1882 1471 1910 se.
1530 1867 1630 1910 MS.
1657 1868 1741 1909 les.
1766 1867 1844 1908 die
1875 1880 1962 1926 pro

1068 1924 1173 1970 diei.
1234 1923 1338 1967 MS.
1361 1922 1509 1969 Guelf.
1523 1932 1815 1980 pervectum.

1125 2036 1316 2080 lasciva.
1388 2036 1503 2081 Edd.
1536 2037 1653 2095 Spir.
1690 2037 1787 2082 Alc.
1820 2037 1959 2081 lasci·-

1067 2094 1161 2135 via.
1234 2093 1332 2137 MS.
1367 2094 1506 2138 Corb.
1543 2096 1800 2139 lasciviam.
1874 2094 1963 2139 Sed

1069 2150 1170 2193 MS.
1188 2150 1339 2194 Guelf.
1364 2152 1463 2195 edd.
1486 2152 1590 2196 Put.
1617 2153 1683 2196 M.
1712 2161 1755 2197 et
1775 2155 1831 2196 V.
1854 2152 1959 2196 Ber.

1070 2212 1131 2265 (c.
1156 2209 1223 2252 sil.
1249 2209 1387 2266 vict.)
1410 2209 1613 2253 Rhenan.
1642 2226 1739 2269 sqq.
1765 2212 1958 2253 lasciva.

1124 2331 1169 2366 et
1193 2323 1518 2377 praenuntias.
1575 2323 1652 2368 Sic
1675 2322 1809 2367 MSS.
1835 2323 1960 2366 Flor-

1071 2381 1190 2433 (test.
1216 2379 1363 2435 Pieh.)
1393 2378 1530 2426 Corb.
1564 2381 1661 2450 edd.
1687 2379 1806 2447 Spir.
1831 2379 1958 2424 Pieh.
2003 2436 2009 2439 ι

1067 2453 1168 2494 sqq.
1199 2459 1260 2470 --
1312 2451 1650 2491 praenuncias,
1688 2454 1851 2481 omissa
1875 2453 1961 2481 co-

1067 2496 1171 2594 plula
1197 2501 1266 2545 et,
1290 2493 1392 2538 MS.
1410 2492 1560 2538 Guelf.
1589 2495 1687 2538 edd.
1703 2494 1806 2538 Put.
1822 2495 1890 2538 M.
1915 2503 1959 2538 et

1113 2583 1122 2594 .
1149 2567 1246 2609 sqq.

1110 2665 1298 2723 flagitii.
1347 2666 1422 2710 Sic
1442 2665 1542 2709 edd.
1557 2665 1760 2714 Rhen.-m.
1783 2684 1882 2726 sqq.
1904 2692 1960 2702 --

1051 2723 1248 2780 flagitiis
1288 2724 1422 2768 MSS.
1462 2724 1585 2767 Flor.
1631 2725 1747 2779 (test.
1783 2725 1956 2783 Ryckio

1066 2781 1314 2825 secundum
1376 2781 1464 2825 Iac.
1515 2779 1717 2825 Gronov.
1782 2783 1953 2839 collat.)

1066 2839 1177 2895 Agr.
1194 2837 1341 2880 Guelf.
1367 2839 1468 2880 edd.
1492 2838 1609 2895 Spir.
1634 2837 1736 2884 Put.
1762 2839 1830 2884 M.
1850 2848 1891 2882 et
1902 2843 1954 2883 V.

1066 2894 1274 2939 Beroald.
1302 2899 1359 2948 (e.
1379 2895 1523 2938 silent.
1545 2895 1673 2952 Viet.)
1696 2897 1797 2941 Alc.
1830 2896 1955 2940 Idem

1065 2954 1112 2996 in
1138 2951 1266 2996 MSS.
1292 2953 1459 2995 invenit
1482 2953 1730 2998 Broterius.
1792 2953 1969 2997 Defen·-

1065 3012 1217 3054 derem
1245 3011 1361 3054 hanc
1383 3009 1675 3067 scripturam,
1714 3011 1758 3055 ni
1791 3011 1953 3054 intole-

1063 3067 1216 3111 rabilis
1258 3075 1370 3109 esset
1410 3072 1681 3123 κακοφωνία
1724 3069 1771 3110 in
1808 3083 1956 3121 prae·—

1061 3123 1457 3180 nuntiasflagitiis
1480 3126 1752 3168 blanditias:
1784 3134 1827 3168 et
1847 3125 1953 3170 infr.

1064 3185 1131 3232 15,
1142 3179 1214 3224 23.
1240 3181 1428 3238 legimus
1446 3185 1780 3235 praenuntiam
1802 3185 1955 3226 immi-

1061 3240 1222 3282 nentis
1246 3240 1397 3282 caedis
1423 3240 1771 3282 contumeliam.

1118 3356 1392 3398 inlecebras.
1463 3356 1537 3398 Sic
1567 3354 1666 3398 MS.
1693 3353 1817 3398 Flor.
1853 3361 1952 3398 test.

1062 3413 1180 3455 Vict.
1233 3436 1301 3465 -‚
1359 3413 1600 3454 illecebras
1647 3411 1750 3456 MS.
1795 3410 1947 3457 Guetf.

1060 3469 1162 3513 edd.
1203 3476 1310 3516 vett.
1347 3477 1390 3512 et
1425 3467 1729 3515 recentiorum
1774 3469 1949 3529 plerae-

1059 3542 1160 3586 que.
