2164 3990
219 153 342 215 358
883 147 1395 211 ANNALNJM
1760 136 1988 228 225⁸&
2040 131 2043 134 ’
2115 0 2164 282 ἲ

222 279 482 339 evenisse
507 278 870 349 ‘documento
907 282 1186 339 adversus
1213 281 1576 357 superbiam:
1622 282 1865 357 perinde
1889 294 1946 340 et
1967 282 2076 351 Ti-
2151 291 2164 370 ,ζ

220 364 401 424 ridati
451 367 777 423 conducere
820 358 1106 422 intactum
1145 366 1570 424 vastationibus
1618 361 1876 440 regnum·
1917 369 2078 454 dono

223 449 514 526 accipere,
563 462 621 509 et
652 449 1004 523 Vologesem
1038 450 1250 507 melius
1284 451 1556 514 societate
1592 449 1864 510 Romana
1901 473 2078 529 quam

224 535 458 593 damnis
500 534 722 594 mutuis
774 535 934 608 genti
967 531 1326 592 Parthorum
1364 537 1787 596 consulturum.
1875 537 2081 606 Scire,

226 631 516 698 quantum
539 620 699 676 intus
726 619 1152 678 discordiarum
1175 611 1469 698 quamque
1493 621 1810 680 indomitas
1833 632 1889 678 et
1912 642 2086 697 prae,-

190 712 195 714 ”
223 705 446 764 feroces
479 704 750 762 nationes
785 717 1027 779 regeret.
1113 716 1318 762 contra
1354 704 1692 781 imperatori
1725 727 1829 764 suo
1868 707 2085 763 immo-

228 803 351 850 tam
383 790 605 866 ubique
628 787 843 864 'pacem
869 801 926 847 et
947 811 1135 847 unum
1161 790 1224 847 id
1248 790 1472 846 bellum
1500 811 1637 851 esse.
1723 790 1917 850 Simul
1941 812 2086 849 con-

228 870 363 933 silio
408 886 695 932 terrorem
742 875 1025 944 adiicere,
1089 887 1146 932 et
1186 875 1537 948 megistanas
1572 873 1916 947 ArmeniOS‚
1984 877 2085 954 qui

230 959 413 1038 primi
438 979 468 1015 a
495 960 670 1016 nobis
695 960 1056 1030 defecerant,
1099 961 1268 1036 pellit
1299 961 1569 1030 sedibm,
1611 962 2087 1031 castellafeorum

233 1044 547 1114 exscindit,
591 1045 798 1120 plana,
847 1046 1031 1115 edita,
1074 1046 1303 1102 validos
1342 1045 1750 1122 invalidosque
1775 1045 1906 1122 pari
1928 1058 2090 1104 metu

233 1130 503 1207 complet.

402 1237 690 1302 XXVIII.
762 1240 899 1300 Non
955 1244 1249 1300 infensum
1310 1263 1416 1300 nec
1477 1263 1612 1300 cum
1673 1231 1889 1300 hostili'
1950 1232 2089 1299 odio

231 1323 594 1384 Corbulonis
618 1347 838 1384 nomen
869 1328 1043 1386 etiam
1071 1327 1338 1386 bar-baris
1363 1325 1690 1385 habebatur
1727 1348 1912 1405 eoque
1952 1348 2095 1385 con-

236 1411 437 1469 silium
463 1411 588 1469 eius
613 1412 797 1469 fidum
821 1408 1154 1474 credebant.
1222 1433 1358 1487 ergo
1374 1414 1692 1487 Vologeses
1713 1433 1905 1490 neque
1929 1425 2095 1470 atrox

239 1497 303 1552 in
350 1517 640 1554 summam
683 1510 742 1556 et
790 1499 1144 1575 quibusdam
1195 1499 1574 1573 praefecturis
1619 1497 1886 1555 inducias
1931 1498 2095 1574 petit.

239 1579 536 1643 Tiridates
565 1583 760 1643 locum
792 1584 1066 1667 diemque
1096 1583 1392 1664 colloquio
1429 1583 1631 1660 poscit.
1704 1594 1934 1661 tempus
1958 1603 2098 1658 pro-

299 1831 595 1874 documenlo.
656 1829 731 1876 Sic
749 1833 846 1877 MS.
862 1832 1015 1877 Guelf.
1038 1834 1137 1879 edd.

243 1884 348 1930 Put.
375 1902 474 1945 sqq.
501 1910 557 1919 —-
597 1892 860 1933 doc'imento
885 1893 987 1936 MS.
1011 1893 1138 1936 Flor.

244 1950 345 1988 test.
368 1944 486 1987 vict.
508 1972 566 1981 -·
594 1950 878 1990 documenta
901 1950 968 1993 ed.
989 1951 1107 2008 Spir.

300 1990 514 2068 ptume.
574 2017 650 2060 sic
663 2017 765 2061 MS.
784 2019 909 2063 flor.
937 2026 985 2075 (t.
1002 2020 1139 2077 Vici..)

246 2070 318 2114 ed.
330 2071 444 2129 Spir.
458 2100 518 2108 —
544 2075 745 2127 proinde
755 2076 855 2119 MS·
871 2076 1023 2121 Guelf.
1041 2078 1138 2124 edd.

246 2126 352 2172 Put.
382 2129 444 2172 Μ.
465 2139 509 2174 et
535 2130 591 2177 V.
615 2131 716 2175 Ber.
741 2134 841 2176 Alc.
870 2134 1016 2179 Rben.
1044 2152 1140 2195 sqq.

247 2184 336 2228 Sed
357 2185 466 2229 illud
493 2204 642 2231 verum
674 2199 752 2233 est.
815 2191 873 2234 cf.
908 2192 972 2244 14,
992 2195 1064 2237 21.
1100 2203 1142 2236 et

249 2250 332 2285 not
374 2243 428 2286 ad
453 2242 496 2296 3,
520 2246 583 2291 17.
644 2248 754 2293 Mox
779 2249 847 2292 ed.
872 2250 902 2293 S
936 2250 990 2295 ir.
1017 2252 1140 2294 Tiri-

248 2302 395 2343 daten
425 2317 509 2361 pro
545 2303 772 2355 Tiridati,
821 2314 863 2349 et
944 2311 1144 2364 ologeses

247 2372 333 2415 pro
374 2359 667 2414 Vologesem.
750 2364 862 2408 Edd.
898 2365 1000 2409 Put.
1044 2375 1146 2424 post

251 2418 454 2471 accipere
481 2419 655 2477 signum
682 2420 1044 2483 interrogationis
1068 2441 1146 2483 po-

254 2482 383 2517 nunh

273 2599 284 2610 ·
308 2543 439 2587 scire.
500 2545 673 2604 Lipsius
696 2550 906 2597 adnotate
935 2560 1147 2605 „senten-

251 2607 360 2644 tnam
397 2602 638 2657 adiuveris,
679 2609 716 2652 si
749 2610 917 2654 scribas
951 2610 1148 2653 sciret.'’

253 2657 457 2726 Frustra.
548 2663 621 2707 Ad
667 2668 781 2709 scire
830 2668 1028 2729 intellige
1088 2682 1148 2712 se.

255 2714 586 2763 Fremshemius
610 2723 707 2766 vult
727 2725 852 2768 sciri.

313 2788 530 2835 adiicere.
589 2792 921 2839 Freinshemius
945 2796 1149 2842 emenda-

257 2845 357 2888 bat:
397 2848 560 2898 simul,
600 2858 652 2892 ut
687 2856 874 2896 consilio
915 2862 1152 2897 terrorem

259 2904 509 2956 adiiceret,
563 2907 855 2964 Megiscanas
903 2921 986 2955 ete.
1039 2927 1151 2968 quae

257 2960 465 3028 probavit
487 2961 800 3012 Lallemandus
815 3000 827 3016 ‚
856 2986 1067 3026 recepere
1080 2969 1154 3011 Bi-

258 3019 452 3075 ponuni.
523 3019 611 3068 Sed
644 3022 875 3070 Ernestius
911 3035 1030 3070 recte
1063 3027 1155 3069 ani·

259 3076 495 3126 madvertit
509 3077 668 3123 Tacito
694 3091 736 3125 et
758 3083 862 3126 alibi
884 3083 1154 3128 infinitivum

262 3141 307 3175 et
338 3135 522 3177 verbum
559 3136 734 3181 finitum
772 3141 819 3184 in
856 3143 1006 3185 eadem
1042 3141 1154 3184 serie

263 3190 492 3258 coniungi.
528 3194 588 3242 cf.
615 3197 682 3245 12,
706 3197 773 3242 51.
815 3199 1045 3242 Nimirum
1065 3197 1154 3256 pri·

263 3263 388 3314 munt
423 3266 467 3293 ln
502 3253 762 3297 universum
795 3257 1003 3307 adnotat,
1044 3255 1152 3314 quid

264 3306 395 3348 simul
426 3305 840 3368 feceritCorhu103
872 3314 1035 3358 deinde
1069 3313 1155 3356 sin·

266 3362 451 3469 ῗίΙΙρίίηι
474 3381 677 3426 quaeque
694 3372 846 3416 refert.
905 3372 1158 3428 Utramque

285 3436 356 3464 oen
389 3421 607 3467 rationem
638 3442 662 3468 e
695 3430 815 3486 regie
841 3430 1071 3487 distinguit
1097 3427 1159 3475 dl·

265 3479 405 3526 versis
427 3481 598 3526 formis.
664 3443 837 3545 {epula
865 3496 910 3531 ee
931 3495 1032 3532 ante
1057 3482 1156 3528 m‘e-

1209 1832 1420 1886 gistanas
1441 1829 1571 1874 babet
1594 1829 1685 1873 vim
1701 1827 1978 1888 explicandi,
2008 1829 2100 1870 sci-

1211 1891 1335 2005 ἕως.
1356 1889 1456 1990 gtlzg.
1477 1887 1747 1930 Ramshorn.
1773 1885 1854 1930 Gr.
1888 1890 1915 1942 §
1937 1886 2033 1930 179.
2050 1887 2102 1928 B.

1265 2017 1401 2073 pellit
1425 2017 1624 2059 sedibuS.
1681 2013 1758 2058 Sic
1785 2013 1883 2057 edd.
1896 2012 2103 2057 Beroald.

1214 2076 1272 2130 (c.
1297 2074 1441 2119 silent.
1476 2075 1495 2111 N
1514 2072 1605 2128 iet.)
1635 2072 1730 2115 Alo.
1755 2071 1896 2116 Rhen.
1923 2086 2020 2128 sqq.
2047 2096 2103 2105 -

1207 2132 1343 2188 pellit
1372 2147 1402 2172 a
1436 2131 1622 2173 sedibus
1652 2128 1789 2173 MSS.
1821 2127 1943 2172 Harl.
1971 2129 2101 2172 Bodl.

1216 2191 1294 2232 les.
1317 2188 1415 2230 Bud
1459 2185 1608 2230 Guelf.
1641 2185 1744 2229 edd.
1768 2185 1873 2230 Put.
1896 2187 1969 2228 M.
1992 2185 2100 2229 etv.

1212 2244 1493 2304 Praepositio
1509 2260 1559 2287 su
1596 2259 1834 2286 ervacanea
1853 2251 1935 2286 est.
1970 2242 2106 2287 MSS.

1215 2304 1325 2405 agg.
1353 2301 1490 2347 Corb.
1525 2317 1548 2344 e
1585 2332 1596 2344 .
1630 2300 1745 2358 Spir.
1774 2301 1952 2355 pepulit
1984 2303 2107 2344 sedi-

1276 2432 1388 2478 ΟΜ»,
1419 2431 1490 2481 28.
1549 2444 1632 2472 nec
1666 2443 1768 2471 cum
1799 2425 1969 2472 hostili.
2031 2427 2111 2475 Sir„

1219 2491 1319 2535 MS.
1343 2488 1493 2533 Guels.
1518 2487 1620 2532 edd.
1646 2486 1763 2544 Spir.
1786 2484 1888 2528 Put.
1907 2483 1975 2527 Μ.
1995 2493 2037 2529 et
2051 2486 2106 2537 V,

1222 2546 1411 2590 Beroald
1453 2547 1511 2601 (c.
1533 2543 1679 2589 silent.
1707 2542 1840 2598 vict.)
1868 2539 1970 2585 Ale.
2055 2542 2108 2587 ln

1222 2603 1426 2648 Rhenani
1453 2613 1495 2648 et
1526 2602 1630 2646 inde
1663 2601 1709 2643 in
1732 2598 1836 2645 Aldi
1869 2598 2110 2644 editionem

1221 2663 1344 2708 venit
1372 2676 1459 2704 nec
1483 2663 1623 2708 dum,
1653 2658 1874 2700 incertum
1905 2658 2111 2703 consulto

1222 2736 1279 2764 an
1304 2721 1426 2778 lapsu
1450 2731 1706 2776 operarum.
1755 2713 1817 2755 Ex
1839 2714 2110 2759 emendandi

1223 2777 1370 2821 studio
1397 2784 1518 2819 certe
1542 2790 1590 2817 ea
1613 2770 1801 2815 mutatio
1823 2786 1915 2813 non
1938 2770 2112 2815 videtur

1255 2834 1452 2884 roseata,
1511 2830 1586 2890 qui
1622 2846 1678 2896 pe
1726 2843 1751 2870 a
1804 2827 1907 2872 loco
1954 2828 2112 2872 aliena.

1222 2851 1341 2937 slim:
1365 2889 1560 2948 Lipsius,
1588 2846 1787 2931 ssnchena
1814 2901 1911 2944 sqq.
1947 2883 2114 2928 malue-

1224 2966 1295 3001 re,
1349 2947 1468 3006 quod
1506 2946 1559 2988 ad
1593 2945 1715 2989 hunc
1749 2943 1869 2989 diem
1901 2941 2116 2999 vulgatur

1223 3009 1396 3051 nedum
1437 3004 1604 3047 hostili.
1694 3001 1785 3047 Sed
1829 2998 1898 3067 nil
1934 2999 2114 3067 antiqua

1225 3065 1469 3120 scriptura,
1515 3076 1647 3118 quam
1693 3072 1926 3109 revocavl,
1967 3072 2115 3101 vernus

1227 3130 1305 3166 est.
1366 3120 1424 3164 cf.
1452 3119 1518 3169 12,
1536 3118 1607 3161 48.
1629 3129 1768 3159 omne
1789 3117 1935 3159 scelus
1953 3121 2114 3157 exter-

1225 3195 1338 3223 num
1360 3193 1467 3221 cum
1493 3176 1670 3219 laetitia
1691 3175 1968 3216 habendum.

1227 3251 1747 3358 Rss‘iz'ffgsss‘fi‘i-ffff‘.
1772 3241 2118 3359 ἕῗὲἒῗῗάᾑοιῗῖζ
2149 3282 2154 3287 ’

1226 3364 1373 3410 Tacit.
1400 3364 1487 3407 An.
1512 3363 1556 3410 2,
1576 3361 1647 3404 51.
1668 3360 1754 3401 sed
1780 3370 1927 3412 neque
1954 3358 2117 3400 statim

1230 3431 1274 3467 et
1304 3422 1468 3477 paucis
1501 3415 1755 3474 suffragii-3.
1831 3412 1903 3458 Ad
1942 3413 2114 3458 sorm’u-

1232 3482 1337 3527 lam-
1348 3480 1397 3524 ιἰι
1416 3490 1659 3522 summam
1686 3471 1744 3516 ef.
1771 3470 1882 3517 Hist.
1905 3470 1947 3523 Q,
1969 3471 2039 3517 16.
