2164 3990
181 226 319 287 150¹
837 224 1362 294 ANNALIUM,
1701 222 1943 317 '2223ng

175 357 408 431 biguus.
518 356 693 413 etiam
728 354 795 416 C.
828 353 1092 413 Caesaris
1113 342 1361 428 ,turbata
1411 377 1578 414 mens
1606 358 1744 427 ,vim
1779 404 1781 409 s
1795 359 2034 420 dicendi

177 462 304 499 non
344 441 621 517 corrupit.
683 509 685 511 ‚
720 462 828 503 nec
862 441 926 496 in
961 437 1247 512 Claudio,
1294 443 1566 518 quotiens
1597 444 1875 502 meditata
1908 445 2033 500 dis-

180 536 542 596 sererentu'r,
576 602 579 603 ⁷
615 525 962 600 elegantiam
1018 526 1360 601 requireres.
1479 527 1636 591 Nero
1701 530 2031 604 puerilibus

183 612 381 671 statim
412 612 584 668 annis
617 611 885 668 vividum
918 609 1184 666 animum
1218 611 1280 666 in
1318 612 1431 669 alia
1469 614 1755 687 detorsitq
1777 615 2032 684 caelare,

181 697 453 774 pingere,
497 708 701 768 cantus
741 705 843 751 aut
877 695 1141 768 regimen
1176 715 1462 771 equorum
1500 717 1788 768 exercere:
1816 711 1891 758 „et
1925 700 2036 773 ali7
2117 713 2121 715 ·
2163 694 2164 698 ’

184 783 423 860 quando
467 780 827 838 carminibus
868 780 1194 855 pangendis
1230 779 1417 838 inesse
1439 783 1568 840 sibi
1604 786 1889 842 elementa
1928 786 2038 861 doss-

186 867 409 925 ctrinae
443 865 802 924 ostendebat.

296 1011 298 1015 ,
356 965 462 1027 IV.
527 963 802 1023 Ceterum
827 963 1071 1039 peractis
1098 963 1370 1021 tristitiae
1405 964 1786 1023 imitamentis
1814 967 2040 1026 curiam

168 1052 481 1126 *in-gressus
515 1062 572 1107 et
610 1052 683 1105 de
721 1050 1065 1107 auctoritate
1099 1061 1336 1124 patrum
1371 1060 1428 1107 et
1463 1053 2039 1111 consensumilimm

187 1139 484 1214 praefatus
522 1135 766 1192 consilia
800 1135 915 1191 sibi
948 1147 1004 1192 et
1026 1135 1288 1209 exempla
1315 1135 1653 1209 capessendi
1677 1136 1898 1208 egregie
1930 1137 2047 1197 im*

190 1223 343 1299 perii
388 1220 766 1289 memoravit,
819 1240 1009 1297 neque
1055 1220 1356 1276 iuventam
1402 1220 1579 1275 armis
1628 1220 1903 1277 civilibus
1946 1232 2049 1278 aut

194 1307 528 1364 domesticis
559 1305 870 1365 discordiis
902 1305 1215 1362 imbutam:
1260 1305 1425 1360 nulla
1450 1305 1613 1374 odia,
1657 1306 1851 1364 nullas
1889 1306 2051 1363 iniu—

191 1393 310 1452 rias
351 1412 459 1448 nec
491 1391 830 1466 cupidinem
865 1390 1110 1450 ultionis
1149 1390 1394 1448 adferre.
1483 1388 1643 1447 Tum
1669 1391 1922 1447 formam
1953 1391 2050 1447 fu-

193 1477 317 1535 turi
342 1476 707 1552 principatus
738 1475 1110 1551 praescripsit
1142 1496 1208 1531 ea
1240 1475 1490 1530 maxime
1525 1475 1857 1544 declinam,
1887 1497 2052 1551 ,quov-

194 1583 330 1619 rum
350 1581 557 1637 recens
574 1561 857 1635 flagrabat
883 1557 1134 1619 invidia.
1221 1579 1344 1616 non
1373 1560 1541 1625 'enim
1581 1579 1641 1616 se
1678 1561 2050 1634 negotiorum

197 1647 466 1706 omnium
510 1646 766 1708 iudicem
807 1647 968 1715 fore,
1021 1657 1091 1707 ut
1134 1644 1345 1706 clausis
1386 1665 1569 1702 unam
1613 1644 1770 1703 intra
1803 1647 2048 1704 domum

200 1890 307 1935 Put.
329 1889 400 1933 M.
423 1896 466 1933 et
488 1888 546 1934 V.
570 1887 676 1931 Ber.
707 1890 766 1942 (e.
793 1888 938 1932 silent.
958 1887 1096 1943 Vici.)

201 1948 302 1992 Alc.
334 1975 394 1983 —-
451 1955 551 1988 tum
579 1947 749 1988 validis
784 1948 991 1989 sensibus
1031 1960 1096 1987 ac

201 2021 239 2049 c.
275 2021 319 2048 a.
357 2004 427 2047 ed.
461 2004 578 2061 Spir.
621 2027 679 2036 —
760 2012 858 2045 tum
912 2004 1098 2045 validus

202 2064 415 2106 sensibus
444 2068 548 2103 aut
583 2077 618 2104 c.
645 2075 693 2102 a.
715 2062 816 2104 MS.
841 2060 956 2103 Bud.
992 2059 1095 2102 edd.

203 2121 350 2165 Rhen.
385 2134 483 2177 sqq.
546 2118 716 2163 Verum
751 2119 860 2161 haec
887 2116 970 2161 sibi
1001 2132 1095 2162 non

205 2194 234 2222 o
270 2186 530 2236 ponuntur,
583 2174 669 2220 'sed
721 2174 914 2220 alterum
970 2173 1095 2218 alteri

204 2195 462 2283 agnectitur
497 2231 581 2279 hae
612 2233 851 2292 sententia:
903 2232 947 2276 id
986 2246 1094 2290 quo·

205 2308 294 2352 que
324 2290 510 2336 Tiberio
548 2292 785 2342 accesisse,
845 2298 893 2334 ut
925 2288 1096 2332 validus

206 2357 320 2394 esset
351 2349 580 2402 sensibus,
616 2347 739 2404 quod
772 2347 1019 2405 requiritur
1051 2344 1100 2390 in

207 2416 409 2460 oratore,
439 2422 493 2450 ac
513 2405 557 2450 si*
585 2405 871 2464 ambiguitate
899 2411 1101 2449 uteretur

208 2479 452 2523 sensusque
495 2471 747 2520 premeret,
805 2462 850 2506 id
891 2461 1100 2506 consutto

207 2537 302 2568 esse
325 2521 510 2568 factum.
572 2520 693 2563 Tum
715 2528 779 2563 est
804 2527 1047 2578 praeterea.

265 2579 624 2623 disset-crentur.
711 2575 786 2620 Sic
827 2577 928 2620 MS.
975 2575 1098 2618 Flor.

209 2638 324 2692 (test.
353 2634 471 2682 Vict.
504 2651 609 2679 cum
643 2633 730 2678 Iac.
766 2634 990 2690 Gronov.)
1030 2633 1100 2674 ed.

209 2693 327 2752 Spir.
354 2701 396 2735 et
415 2707 561 2750 nuper
580 2691 886 2748 Kiesslingius.
919 2716 978 2727 -w
1027 2693 1099 2732 di-

207 2758 450 2794 scer-entur
479 2750 579 2793 MS.
613 2749 830 2807 Eud-pr.
862 2766 949 2801 m.,
979 2746 1101 2806 quod

208 2810 358 2852 forma
390 2808 544 2851 saltem
581 2807 827 2864 scripturae
860 2806 987 2850 Flor.
1029 2820 1103 2862 pa-

209 2865 488 2909 troeinatur.
507 2893 568 2903 .-
610 2868 857 2907 dissereret
879 2864 982 2907 edd.
1000 2862 1102 2904 Put.

210 2923 278 2966 M.
305 2931 346 2966 et
364 2921 419 2967 V.
445 2923 650 2965 Beroald.
672 2922 770 2964 Ate.
798 2920 943 2963 Rhen.
971 2935 1068 2977 sqq-

269 2981 549 3037 requireres.
610 2977 825 3037 Ed.Spir.
849 2978 1104 3034 requirens.

212 3037 381 3082 Eadem
419 3053 522 3080 mox
552 3053 635 3097 pro
660 3037 792 3079 'Nero
819 3043 906 3077 etc.
945 3035 1018 3077 dat
1048 3047 1107 3074 ne

210 3111 299 3150 pro
315 3095 572 3151 puerilibus
597 3096 759 3137 statim
785 3105 954 3134 amens
986 3091 1105 3132 invi-

213 3156 328 3194 dum
351 3154 565 3199 animum
587 3160 673 3195 etc.

273 3210 485 3253 animum
505 3211 554 3252 in
578 3210 690 3253 alia.
747 3205 851 3252 MS.
867 3205 974 3263 Agr.
1002 3205 1109 3247 am·-

217 3281 346 3309 mum
371 3270 438 3308 ad
457 3268 673 3321 puerilia.

277 3326 460 3364 caelare
474 3358 486 3373 ‚
511 3325 723 3378 pingere.
786 3321 860 3365 Sic
870 3319 969 3364 MS.
984 3318 1108 3362 Flor.

218 3381 336 3436 (test.
368 3381 455 3422 lae.
489 3379 713 3437 Gronow)
746 3379 845 3423 edd.
879 3379 996 3436 Spir.
1029 3376 1107 3419 Er-

220 3444 334 3481 nest.
359 3451 458 3505 sqq.
508 3437 572 3479 Co
609 3438 728 3481 ulam
748 3445 793 3479 et
816 3435 1109 3492 interponunt

220 3492 356 3538 MSS.
385 3492 534 3536 (welf.
563 3454 679 3537 gud,
714 3493 816 3539 edd.
852 3493 954 3536 Put.
976 3491 1042 3534 M.
1066 3499 1110 3534 et

222 3550 282 3601 V.
318 3551 421 3599 Ber.
463 3551 585 3607 (eum
621 3550 795 3597 silentio
833 3549 969 3610 vict.)
1007 3548 1107 3597 Ate.

1169 1885 1312 1932 Rhen.
1337 1902 1432 1944 sqq.
1462 1884 1684 1943 usquead
1703 1884 1883 1931 Ernest.
1910 1894 1955 1935 et
1975 1903 2056 1931 nu·

1168 1961 1249 2002 per
1287 1945 1598 2000 Kiesslingius.
1691 1942 1897 1986 Ceterum
1957 1945 2055 1988 edd.

1168 2011 1269 2045 ante
1298 2001 1564 2044 Rhenauum
1595 2017 1635 2044 c.
1659 2000 1763 2043 MS.
1790 1999 1942 2044 Guets.
1973 2018 2055 2068 pro

1168 2062 1355 2102 caelare
1389 2059 1495 2101 dant
1519 2061 1699 2106 celare,
1740 2057 1867 2100 solita
1897 2067 2058 2102 utrius·

1168 2133 1255 2175 que
1278 2116 1450 2159 litterae
1473 2116 1755 2158 confusione.

1202 2185 1339 2230 .CAP.
1362 2186 1406 2228 4.
1466 2187 1750 2241 capessendi.
1808 2185 2057 2244 Edd.spir.

1169 2245 1274 2292 Atd.
1302 2261 1341 2288 c.
1365 2242 1465 2286 MS.
1492 2245 1639 2286 Guelf.
1666 2245 1962 2296 capescendi,
1994 2244 2060 2286 uti

1170 2301 1330 2346 solent.
1428 2300 1498 2344 De
1531 2300 1633 2344 MS.
1675 2301 1711 2344 F
1715 2301 1803 2344 tor.
1834 2299 2061 2346 Victorius

1170 2360 1245 2404 hic
1265 2356 1375 2403 nihil
1398 2358 1581 2402 notavit.

1229 2430 1423 2484 egregia.
1505 2429 1581 2474 Sic
1613 2428 1746 2473 MSS.
1780 2428 1905 2472 Ftor.
1943 2438 2062 2483 (test.

1173 2487 1445 2543 Viet.)13ud.
1470 2486 1762 2530 edd.Rhen.s
1797 2502 1840 2544 q.
1857 2511 1913 2519 —
1940 2503 2063 2542 egre·

1173 2547 1242 2602 gii
1276 2545 1376 2588 MS.
1419 2543 1571 2587 Guetf.
1615 2553 1657 2587 et
1686 2545 1770 2586 MS
1811 2576 1821 2586 .
1854 2545 2062 2596 Broterii,

1173 2603 1273 2645 edd.
1305 2602 1420 2659 Spir.
1460 2603 1562 2644 Put.
1598 2601 1665 2645 M.
1700 2610 1743 2643 et
1765 2601 1819 2644 V.
1856 2601 2062 2644 Beroald.

1173 2659 1277 2703 Alc.
1303 2684 1361 2692 —-
1420 2659 1655 2703 Ceterum·
1671 2657 1772 2701 MS.
1810 2656 1962 2701 Guelf.
2000 2658 2066 2702 sic

1174 2716 1368 2760 collocat
1421 2717 1584 2760 verba:
1645 2716 1833 2769 imperii
1881 2717 2063 2771 egregii.

1175 2775 1293 2817 Vett.
1318 2773 1419 2817 edd.
1442 2775 1615 2827 egregii
1634 2774 1665 2817 ι’.

1233 2858 1382 2911 neque
1403 2845 1661 2887 iuventam.
1714 2844 1790 2888 Sic
1801 2844 1934 2888 MSS.
1947 2844 2068 2889 Flor.

1175 2902 1293 2956 (test.
1314 2901 1446 2956 vict.)
1473 2900 1623 2943 Guetf.
1651 2901 1720 2946 ed.
1743 2902 1866 2962 Spir.
1887 2930 1944 2938 -
1985 2916 2070 2946 nec

1177 2961 1271 3002 iuv.
1305 2958 1404 3004 edd.
1439 2959 1538 3006 Put,
1573 2959 1640 3003 M.
1663 2967 1707 3003 et
1742 2961 1794 3002 V.
1827 2959 1929 3003 Ber.
1963 2959 2067 3004 Ate.

1178 3015 1325 3089 Rhen2
1348 3031 1446 3077 sqq.

1236 3080 1383 3130 unam
1407 3089 1536 3131 incra
1557 3091 1764 3130 domum.
1805 3086 1907 3132 MS.
1921 3085 2070 3132 Guelf.

1178 3146 1326 3187 imam
1356 3145 1486 3186 intra
1510 3148 1703 3187 domum
1714 3178 1726 3197 ,
1760 3144 1882 3203 quod
1916 3145 2070 3189 eximie

1179 3201 1668 3261 placetStrombeclziO.
1726 3203 1837 3245 Nam
1862 3200 2069 3244 iniuriam

1213 3258 1457 3320 rincipatus
1514 3259 1773 3308 Claudiani,
1833 3259 1917 3307 ait,
1977 3274 2070 3301 non

1179 3276 1315 3359 iiiisse
1343 3317 1388 3358 in
1423 3333 1502 3366 eo,
1536 3317 1658 3374 quod
1685 3331 1830 3359 unam
1853 3314 1968 3358 intra
1994 3316 2071 3358 do·

1180 3390 1331 3421 mum,
1375 3375 1451 3418 sed
1493 3373 1615 3430 quod
1651 3375 1800 3415 imam
1835 3370 1954 3415 intra
1993 3372 2071 3415 do·

1181 3446 1308 3474 mum
1331 3441 1612 3474 accusatores
1636 3435 1677 3473 et
1706 3431 1771 3474 rei
1800 3429 2073 3481 audirentur,

1181 3497 1231 3531 ut
1264 3504 1385 3546 supr.
1420 3490 1486 3540 11,
1518 3489 1560 3532 Ξ.
1640 3487 1844 3546 Speciem
1877 3486 2073 3530 veritatis

1181 3544 1290 3591 haec
1331 3551 1439 3606 p'rae
1481 3561 1527 3591 se
1556 3543 1735 3599 seruum
1785 3552 1830 3591 at
1866 3551 2071 3591 accurate

1983 3693 2004 3716 Α
