2164 3990
203 215 254 252 A.
272 213 326 248 U.
345 212 430 246 8202

201 262 254 294 A.
277 255 324 292 G.
367 256 431 292 ⁴57.

658 215 709 271 L
728 211 831 271 [B.
860 210 1020 272 XVI.

1093 209 1288 269 CAP.
1321 195 1424 269 521.
1843 210 1971 285 445

117 370 251 406 cum
288 349 362 404 de
399 341 726 419 Agrippina
775 342 1116 411 referretur,
1177 351 1244 396 ut'
1278 340 1628 409 memoravi,
1694 340 1972 416 quodque

116 433 479 491 iuvenalium
514 427 743 485 ludicro
778 447 988 501 parum
1025 424 1471 501 exspectabilem
1513 442 1752 499 operam
1798 419 1971 500 prae-

113 521 346 576 buerat:
414 534 595 590 eaque
653 503 899 568 offensio
959 511 1132 567 altius
1179 509 1554 585 penetrabat,
1623 510 1760 585 quia
1810 509 1987 592 :idem¹

114 599 377 677 Thrasea
399 597 657 666 Patavii,
700 599 859 654 unde
886 606 1048 652 ortus
1076 607 1224 664 erat,
1268 596 1424 651 ludis
1452 594 1672 675 cesticis
1698 615 1730 651 a
1755 594 1809 650 Τ
1811 594 1971 651 roia-

113 709 193 744 no
230 683 535 745 Antenore
583 683 867 739 institutis
916 677 1125 737 habitu
1170 681 1388 753 tragico
1440 681 1744 739 cecinerat.

1855 678 1970 735 Die

114 793 377 851 quoque,
442 791 558 846 quo
599 780 836 843 praetor
870 761 1164 822 Antistius
1202 766 1279 822 ob
1310 766 1528 839 probra
1565 765 1630 820 in
1668 763 1968 822 Neronem

113 848 432 932 composita
463 856 538 910 ad
574 864 821 909 mortem
859 852 1276 919 damnabatur,
1323 851 1558 907 mitiora
1598 850 1825 907 censuit
1859 850 1971 906 oh·-

112 942 437 1018 tinuitque:
483 951 539 996 et
563 959 698 995 cum
727 939 906 995 deum
932 932 1187 994 honores
1209 934 1514 1011 Poppaeae
1548 936 1968 1005 decernuntur,

112 1039 319 1104 sponte
362 1026 572 1083 absens
618 1023 814 1080 funeri
864 1041 989 1078 non
1032 1021 1314 1078 interfuit.

112 1271 252 1314 immo
285 1269 478 1312 Thrasea
513 1268 571 1310 ita
603 1284 647 1310 se
683 1273 898 1324 gesserat,
953 1273 1002 1308 ut

112 1345 272 1387 parum
296 1325 637 1383 exspectabilem
666 1340 848 1381 operam
872 1338 1003 1381 prae-

114 1389 262 1436 beret,
304 1387 375 1428 vel
406 1382 505 1426 talis
538 1389 652 1432 erat,
697 1381 776 1439 qui
805 1397 852 1438 p.
886 1396 925 1422 e.
957 1379 1005 1423 o.

111 1441 399 1501 praebuisset.
491 1438 640 1494 Quam
678 1439 882 1481 eximiam
917 1437 1001 1480 Ta-

113 1499 188 1542 riti
223 1499 269 1540 in
305 1496 544 1541 scribendo
578 1511 731 1538 curam
769 1511 1002 1553 perperam

110 1554 459 1599 inconstantiam
533 1552 742 1594 nonnulli
817 1562 999 1595 vocant.

111 1613 253 1655 Paulo
286 1621 386 1655 ante
420 1608 624 1652 ordinem
654 1611 1000 1652 vocabulorum:

110 1672 319 1712 Thrasea
360 1669 499 1709 Paeto
543 1675 587 1709 et
619 1667 785 1708 Barea
817 1666 1001 1709 Sorano

109 1726 305 1770 Pichena
331 1725 522 1770 restituit
545 1724 682 1766 eMS.
708 1725 827 1767 Flor.
880 1725 1001 1766 Con-

108 1785 240 1828 sentit
269 1783 497 1826 Victorius
533 1790 576 1824 et
604 1781 674 1823 ed.
698 1782 813 1839 Spir.
882 1780 998 1825 Con-

106 1845 173 1885 tra
201 1841 302 1884 MS.
327 1839 480 1892 Guelf.
516 1839 618 1881 edd.
652 1839 752 1881 Put.
787 1839 994 1882 Beroald.

107 1901 209 1944 Ale.
236 1899 380 1941 Rhen.
405 1914 505 1956 sqq.
537 1896 697 1939 Barea
735 1896 920 1938 Sorano
954 1905 998 1939 et

112 1958 329 2000 Thrasea
352 1955 514 1997 Paeto.

165 2027 432 2081 referretur.
507 2024 588 2066 Ed.
621 2023 738 2077 Spir.
765 2023 999 2077 ferretur.

107 2085 221 2127 Edd.
245 2084 348 2126 Put.
376 2098 481 2126 cum
508 2081 608 2123 MS.
636 2079 786 2123 Guelf.
813 2082 995 2136 refere-

107 2151 207 2193 tur,
236 2139 490 2198 pervulgari
515 2138 638 2180 vitio.

164 2221 216 2256 ιιι
235 2211 506 2256 memoravi.
563 2209 622 2253 cf.
652 2209 717 2260 14,
745 2210 813 2252 12.

158 2297 335 2340 parum
355 2279 728 2334 exspectabilem.
772 2279 847 2321 Sic
859 2278 994 2323 MSS.

106 2343 228 2387 Harl.
270 2336 398 2380 Bodl.
438 2337 520 2378 les.
558 2334 710 2378 Gnetf.
748 2337 849 2379 edd.
891 2336 994 2379 Put.

105 2402 171 2445 Μ,
201 2406 245 2441 et
265 2395 321 2438 V.
349 2392 559 2436 Beroald.
593 2391 692 2436 Ale.
720 2416 775 2425 —
824 2409 997 2445 parum

106 2467 149 2502 et
179 2453 532 2508 exspectabilem
559 2449 691 2492 MSS.
720 2449 842 2493 Flor.
879 2452 996 2506 (test.

110 2515 228 2558 Vict.
253 2526 358 2555 cum
371 2507 565 2567 Ryckio)
580 2505 720 2550 Corb.
740 2533 799 2544 --
823 2523 996 2561 parum

104 2570 397 2628 spectabilem
429 2564 531 2608 MS.
566 2564 676 2623 Agr.
707 2592 766 2600 —
818 2580 995 2619 param

104 2635 151 2675 in
172 2623 530 2681 exspectabilem
557 2622 628 2665 ed.
653 2621 770 2678 Spir.
799 2650 857 2658 —
900 2639 995 2676 pa-

104 2703 213 2733 rum
254 2681 548 2736 expetibilem
590 2678 693 2720 MS.
727 2679 842 2722 Bud.
889 2680 990 2723 edd.

105 2746 308 2789 Rhenan.
328 2754 426 2795 sqq.
506 2736 594 2780 Per
621 2735 874 2795 analogiam
902 2752 990 2779 ex-

105 2797 365 2856 spectabilis
398 2802 442 2837 et
470 2794 728 2848 expetibilis
761 2794 854 2851 pari
887 2802 992 2836 sunt

105 2859 216 2908 fide3
247 2861 453 2896 neutrum
481 2852 594 2907 apud
620 2850 859 2908 scriptores
888 2861 988 2894 ante

101 2913 247 2959 Taciti
292 2916 477 2953 aetatem
518 2907 701 2964 legitur3
750 2925 799 2951 ea
839 2919 987 2952 tamen

103 2988 196 3017 non
239 2976 303 3012 est
340 2964 578 3009 auctoritas
615 2963 709 3006 MS.
744 2965 884 3013 Bud..
941 2975 988 3008 ut

101 3040 355 3076 ceterorum
382 3021 603 3063 librorum
630 3022 846 3079 scriptura
871 3023 987 3065 illius

101 3085 249 3133 verbis
282 3081 422 3126 cedat.
487 3078 702 3120 Similiter
728 3079 771 3121 iu
798 3081 900 3123 dial.
931 3081 985 3122 de

104 3147 235 3189 Orat.
279 3156 319 3183 c.
351 3138 422 3179 29.
465 3144 774 3193 permutantur
814 3153 985 3192 exspe-

102 3207 291 3248 ctantur
314 3205 356 3237 et
378 3201 673 3245 expetuntur.

156 3255 351 3302 Patavii.
409 3251 488 3292 Ed.
516 3250 630 3306 Spir.
659 3250 836 3293 Patavi.

153 3317 274 3358 lactis
299 3309 480 3354 cesticis.
528 3307 602 3350 Sic
622 3308 719 3349 edd.
736 3307 833 3350 Put.
850 3308 915 3350 M.
941 3317 982 3351 et

101 3375 153 3416 V,
178 3374 277 3415 Ber.
294 3365 549 3413 Alc.Rhen.
576 3380 671 3421 sqq.
691 3393 747 3399 —-
792 3367 982 3407 cetastis

99 3428 374 3474 }·lSS.t⁴'101·.
401 3422 571 3478 (t.Vic.’.
598 3438 635 3463 c.
661 3422 699 3463 al
722 3425 735 3474 )
755 3423 851 3464 Vat.
870 3422 978 3479 Reg.

98 3489 236 3530 Corb.
271 3484 340 3526 ed.
373 3482 403 3525 S
437 3479 489 3522 ir.
521 3506 578 3514 -—
629 3482 812 3521 cestatis
842 3479 977 3522 MSS.

98 3545 210 3589 Bud.
235 3541 385 3583 Guelf.

1425 1018 1596 1093 Quae
1639 1019 1970 1093 oblitterari

1074 1265 1175 1309 MS.
1203 1266 1284 1310 les.
1315 1289 1361 1300 —
1415 1269 1610 1312 cerastis
1639 1265 1741 1309 MS.
1767 1265 1875 1324 Agr.
1909 1281 1966 1308 ...‚

1073 1323 1310 1366 Puteolani
1345 1323 1570 1382 scriptura
1607 1323 1787 1369 videtur
1820 1322 1968 1380 origi-

1075 1397 1180 1423 nem
1210 1381 1392 1424 traxisse
1422 1397 1445 1423 e
1475 1380 1634 1439 Virgil.
1670 1382 1784 1436 Aen.
1818 1379 1857 1431 5,
1891 1381 1963 1424 69.

1074 1495 1312 1553 Pignorius
1358 1496 1404 1538 in
1448 1495 1592 1553 origg.
1637 1495 1792 1541 Paiav.
1843 1511 1884 1538 c.
1919 1495 1962 1539 8.

1076 1555 1340 1596 lselasticz's.
1416 1554 1474 1596 cf.
1510 1543 1628 1596 Plin.
1666 1568 1738 1610 ep.
1780 1554 1846 1605 10,
1880 1554 1964 1609 MS

1072 1618 1114 1651 et
1143 1611 1236 1652 120.
1297 1611 1528 1654 Ernestius
1546 1610 1806 1666 Selasticis,
1838 1611 1963 1666 quod

1071 1668 1117 1708 in
1159 1677 1256 1710 vett.
1299 1667 1421 1710 libris
1462 1668 1687 1710 interdum
1732 1666 1965 1711 invenitur

1072 1741 1154 1782 pro
1189 1726 1441 1768 iselasticis.
1526 1725 1593 1768 Ne
1625 1726 1853 1783 vulgatum
1889 1733 1959 1768 te-

1072 1799 1194 1825 mere
1236 1790 1506 1832 imitaretur,
1566 1783 1702 1826 suasit
1748 1782 1960 1841 Ryckius.

1070 1841 1177 1881 Mox'
1217 1842 1525 1897 posttragico
1558 1840 1661 1884 MS.
1688 1839 1803 1883 Bud.
1839 1839 1940 1883 addi

1072 1905 1284 1940 ornatus.
1347 1898 1542 1941 Frustra.
1931 1912 1938 1930 ²

1128 1984 1267 2022 deum
1307 1984 1522 2023 honores.
1598 1980 1673 2023 Sic
1706 1980 1809 2024 MS.
1842 1982 1960 2025 Bud.

1071 2038 1171 2080 edd.
1200 2038 1400 2081 lilienan.
1427 2054 1528 2096 sqq.
1599 2037 1834 2081 Consentit
1857 2039 1962 2083 MS.

1071 2094 1192 2137 Flor.
1220 2103 1316 2137 test.
1342 2096 1486 2146 Viet.;
1528 2095 1587 2137 ibi
1617 2094 1736 2137 enim
1770 2104 1836 2138 est
1863 2098 1960 2139 drh.

1070 2174 1123 2183 -—-
1157 2154 1304 2193 divini
1320 2154 1520 2196 honores
1539 2152 1677 2195 MSS.
1693 2152 1812 2195 Harl.
1829 2154 1960 2198 Bodl.

1070 2209 1148 2252 Ies.
1172 2208 1327 2252 Guelf.
1357 2210 1460 2253 edd.
1487 2211 1586 2252 Put.
1616 2210 1682 2252 M·
1708 2218 1751 2252 et
1774 2209 1830 2253 V.
1854 2211 1960 2255 Ber.

1069 2266 1172 2309 Alc.
1199 2290 1250 2298 -·
1294 2269 1460 2309 deinde
1479 2270 1679 2310 honores
1698 2266 1833 2311 MSS.
1847 2267 1959 2327 Reg.

1070 2323 1207 2373 corb,
1240 2326 1347 2381 Agr.
1391 2324 1461 2367 ed.
1496 2324 1617 2382 Spir.
1708 2323 1780 2367 De
1822 2325 1958 2369 deum

1068 2379 1316 2423 honoribus
1367 2379 1602 2439 Poppaeae
1651 2379 1840 2426 decretis
1891 2383 1958 2428 cf.

1071 2437 1158 2479 Dio
1184 2438 1351 2489 63‚25.

1123 2511 1449 2550 decernuntur.
1536 2508 1613 2552 Sic
1655 2510 1789 2554 MSS.
1828 2510 1955 2556 Flor.

1067 2574 1183 2622 (test.
1215 2564 1331 2609 Viet.
1361 2565 1484 2610 Pich.
1507 2565 1850 2613 Iac.Gronovio
1878 2585 1956 2628 per

1064 2623 1307 2678 silentium)
1332 2622 1729 2667 Bud.Harl.Bodl.
1750 2624 1828 2669 les.
1852 2626 1954 2671 edd.

1065 2681 1181 2737 Spir.
1221 2680 1324 2723 Put.
1356 2681 1423 2723 M.
1457 2689 1499 2723 et
1524 2681 1576 2723 V.
1611 2681 1819 2726 Beroald.
1852 2683 1955 2727 Alc.

1062 2735 1202 2780 Rhen.
1225 2753 1318 2795 sqq.
1348 2761 1405 2770 -—
1447 2742 1806 2782 decernerentur
1819 2739 1954 2786 MSS.

1062 2796 1171 2853 Agr.
1196 2793 1345 2837 Guelf.
1372 2795 1470 2838 edd.
1492 2794 1632 2854 Ryck.
1648 2795 1824 2840 Ernest.
1852 2815 1952 2857 sqq.

1061 2853 1148 2895 Sed
1186 2851 1244 2895 cf.
1277 2851 1544 2895 Ramshorn.
1573 2851 1653 2897 Gr.
1685 2857 1713 2908 §
1738 2855 1832 2898 189.
1867 2857 1950 2900 ΠΙ.

1061 2912 1121 2962 1.)
1155 2926 1197 2966 p.
1216 2910 1297 2952 575
1330 2925 1396 2966 sq.
1458 2909 1534 2952 Sic
1558 2909 1653 2954 Cic.
1675 2911 1730 2954 ad
1762 2916 1852 2956 Ait.
1883 2917 1951 2965 10,

1063 2969 1128 3010 16.
1159 2967 1316 3025 Quum
1347 2970 1514 3015 redeo,
1556 2967 1840 3013 Hortensius
1872 2987 1948 3014 ve-

1059 3033 1198 3066 nerat
1230 3033 1276 3066 et
1303 3027 1367 3065 acl
1392 3024 1660 3066 Terentiam
1682 3030 1948 3071 salutatum

1058 3085 1340 3123 deverterat.
1436 3081 1578 3124 Video
1629 3083 1946 3143 Kiesslingium

1057 3139 1188 3182 etiam
1217 3153 1442 3181 revocasse
1477 3142 1805 3183 decernuntur.

1108 3230 1270 3276 sponte
1296 3223 1472 3265 absens.
1532 3221 1588 3264 H.
1613 3239 1652 3265 e.
1682 3224 1802 3267 nulla
1832 3226 1943 3270 iusta

1055 3280 1108 3321 (le
1140 3296 1292 3330 causa3
1325 3279 1463 3321 voluit
1488 3279 1655 3322 abesse.
1718 3282 1944 3326 Acidalius

1052 3337 1217 3378 frustra
1242 3336 1508 3379 coniiciebat
1525 3345 1691 3380 senatu
1711 3341 1893 3384 absens.

1107 3434 1205 3461 non
1241 3418 1465 3472 interfuit.
1544 3419 1620 3464 Sic
1657 3420 1792 3466 MSS.
1828 3423 1937 3483 Reg.

1050 3477 1184 3520 Cos-b.
1218 3476 1315 3518 edd.
1343 3476 1462 3531 Spir.
1493 3476 1590 3520 Put.
1615 3494 1711 3536 sqq.
1745 3505 1791 3514 -
1843 3497 1940 3525 non

453 3536 531 3579 arl.
558 3535 688 3579 Bodl.
708 3559 762 3568 -
796 3531 978 3580 testatis
1048 3534 1315 3589 interfuerit
1342 3534 1472 3577 MSS.
1491 3534 1523 3577 F
1527 3533 1608 3579 lor.
1631 3538 1676 3591 (t.
1696 3538 1808 3582 Viet.
1830 3555 1936 3583 cum

1266 1437 1452 1481 Grotius
1513 1439 1692 1483 volebat
1749 1438 1967 1493 xysticis3
2026 1479 2027 1482 ,
