2164 3990
211 258 239 290 A
249 254 324 291 [U.
339 253 423 286 8⁰1.

209 299 258 334 A,
278 297 323 332 Ο,
360 296 421 331 4⁸,
677 252 857 314 LIB.
890 251 997 312 xl.
1081 249 1277 312 CAP.
1318 251 1437 336 34.
1669 250 1671 252 “
1888 256 1971 317 55

283 381 564 444 XXXIV.
649 381 872 442 Crebra
902 392 1034 459 post
1058 377 1200 440 haec
1223 382 1379 439 fama
1399 382 1540 452 fuit,
1582 382 1738 440 inter
1771 387 1968 443 diver-

116 470 516 548 sasprincipis
546 487 749 537 voceS,
789 488 925 524 cum
955 468 1134 524 modo
1167 466 1462 526 incusaret
1493 467 1713 542 flagitia
1749 473 1966 542 uxoris,

115 554 531 635 aliquando‘ad
553 552 902 609 memoriam
927 552 1186 626 coniugii
1213 563 1269 609 et
1297 553 1610 609 infantiam
1640 553 1966 612 liberorum

114 643 540 710 revolveretur,
580 659 707 694 non
730 638 894 694 aliud
922 638 1297 712 prolocutum
1323 635 1631 694 Vitellium
1666 660 1845 715 quam
1878 663 1960 710 „o

113 726 413 798 „facinus!
458 747 494 782 o
518 722 782 781 scelus!’'
847 719 1110 780 Instabat
1142 723 1380 799 quidem
1397 719 1708 780 Narcissus
1735 726 1961 800 aperi-re

110 813 383 885 ambages
419 822 478 868 et
512 809 639 866 veri
673 808 902 884 copiam
939 809 1154 865 facere:
1209 809 1308 863 sed
1362 827 1486 863 non
1522 808 1654 865 ideo
1694 808 1960 884 pervicit,

111 897 258 973 quin
291 914 569 971 suspensa
603 906 685 972 et,
739 915 856 970 quo
893 894 1278 961 ducerentur,
1325 892 1681 951 inclinatura
1715 915 1961 970 respon-

109 983 273 1039 deret
296 981 676 1056 exemploque
698 979 822 1035 eius
848 976 1072 1051 Largus
1099 974 1349 1034 Caecina
1372 988 1653 1040 uteretur.
1737 977 1818 1038 Et
1841 981 1958 1038 iam

109 1078 229 1123 erat
261 1067 328 1123 in
362 1076 595 1140 aspectu
619 1063 962 1121 Messallina
996 1062 1478 1139 clamitabatque,
1518 1065 1750 1140 audiret
1774 1061 1960 1122 Octa-

107 1152 237 1208 viae
280 1162 336 1209 et
376 1149 709 1206 Britannici
749 1159 1026 1217 matrem,
1092 1168 1227 1204 cum
1261 1148 1621 1223 obstreperet
1659 1163 1959 1209 accusator

105 1235 323 1293 Silium
357 1245 415 1292 et
447 1233 683 1308 nuptias
719 1234 1005 1290 referens:
1060 1232 1238 1289 simul
1286 1233 1588 1290 codicillos
1633 1235 1957 1292 libidinum

104 1320 329 1384 indices
381 1319 655 1387 tradidit,
722 1318 854 1395 quis
898 1318 1060 1373 visus
1098 1313 1363 1374 Caesaris
1415 1330 1716 1380 averteret.
1832 1319 1955 1378 Nec

103 1406 292 1462 multo
335 1417 468 1480 post
513 1405 723 1460 urbem
769 1403 1126 1476 ingredienti
1170 1403 1572 1462 offerebantur
1614 1426 1955 1463 communes

102 1490 306 1559 liberi,
358 1490 475 1546 nisi
507 1487 812 1547 Narcissus
851 1488 1112 1545 amoveri
1152 1508 1250 1545 eos
1287 1488 1564 1551 iussisset.
1650 1488 1956 1547 Vibidiam

103 1576 393 1650 depellere
441 1574 732 1650 nequivit,
785 1573 933 1649 quin
973 1574 1161 1629 multa
1210 1594 1344 1630 cum
1388 1574 1616 1631 invidia
1650 1575 1954 1648 flagitaret,

103 1680 177 1715 ne
215 1661 517 1715 indefensa
553 1659 810 1714 coniunx
847 1657 1021 1712 exitio
1062 1658 1317 1719 daretur.
1402 1659 1583 1731 igitur
1611 1660 1953 1718 auditurum

101 1744 428 1819 principem
453 1754 509 1799 et
532 1743 658 1798 fore
679 1741 949 1798 diluendi
975 1742 1237 1798 criminis
1262 1743 1599 1802 facultatem
1624 1746 1950 1819 respondit:

104 1828 213 1885 iret
237 1828 474 1885 interim
498 1827 662 1900 virgo
692 1838 748 1885 et
775 1845 935 1883 sacra
958 1839 1294 1900 capesseret.

1057 2039 1310 2074 cusatorem
1341 2030 1665 2090 obstrepuisse,
1709 2033 1804 2078 sine
1839 2051 1950 2079 nexu

98 2035 140 2084 3,
174 2037 215 2078 1.
265 2033 378 2076 Mox
434 2032 688 2074 vehiculum
749 2031 983 2079 ascendit,

1055 2088 1235 2130 causali.
1316 2088 1488 2131 Verum
1532 2105 1635 2132 cum
1670 2092 1950 2147 obstreperet

97 2093 298 2136 assunn't
330 2105 528 2133 uxorem
561 2121 574 2132 .
593 2121 604 2131 .
632 2121 642 2131 .
676 2090 752 2130 vel
780 2090 983 2144 aliquem

97 2150 374 2192 amicorum.
434 2147 556 2190 Num
581 2147 665 2188 fuit
690 2148 982 2188 adsumitur-

97 2209 220 2263 que?
275 2204 467 2249 Pichena
515 2203 652 2246 edidit
694 2205 983 2260 assumitque

97 2263 278 2308 nemine
302 2264 653 2320 obtemperante.

153 2333 264 2376 CAP.
295 2331 364 2376 34.
418 2339 527 2386 post
558 2333 683 2373 haec.
742 2330 826 2373 Ed.
860 2330 980 2390 Spir.

91 2399 199 2446 post
221 2393 307 2433 hac
329 2406 431 2432 cum
452 2389 554 2431 MS.
578 2388 694 2431 Bud.

152 2463 489 2503 revolveretur.
574 2457 658 2501 Ed.
701 2457 819 2516 Spir.
865 2472 982 2513 pro-

96 2522 374 2561 volveretur.
867 2566 872 2574 ι

119 2598 122 2601 “
152 2603 181 2630 o
193 2587 420 2644 focinus!
458 2600 485 2626 o
508 2585 690 2628 scelus!
745 2584 829 2628 Ed.
860 2585 979 2642 Spir.

96 2654 258 2688 contra
285 2644 488 2698 facinus.
553 2641 593 2684 O
621 2645 782 2686 scelus.
871 2643 980 2686 Mox

97 2701 201 2745 MS.
251 2700 401 2744 Guelf.
459 2715 544 2758 pro
609 2701 792 2755 quidem
849 2700 981 2743 habet

95 2761 270 2814 quippe.
328 2757 416 2800 Sed
442 2756 674 2815 vulgatum
701 2757 816 2799 bene
840 2773 884 2799 se
911 2757 982 2801 ha-

96 2816 171 2859 bet
192 2816 248 2859 ob
271 2814 525 2873 sequentia:
563 2817 645 2856 sed
668 2828 766 2855 non
793 2823 879 2857 ete.

151 2875 449 2929 exemploque
470 2873 583 2914 eius.
643 2871 727 2914 Ed.
751 2871 868 2930 Spir.
886 2887 981 2914 non

97 2930 224 2973 habet
246 2931 360 2972 eius.

154 2987 350 3031 audiret.
405 2986 489 3030 Ed.
513 2985 630 3043 Spir.
653 2986 823 3029 audiri.

150 3071 253 3099 eum
280 3058 580 3111 obstreperet.
641 3055 716 3099 Sic
728 3056 860 3101 MSS.
876 3057 979 3100 edd.

97 3120 196 3156 vett.
216 3129 255 3157 c.
269 3112 443 3157 silentio
458 3111 664 3156 Victorii.
712 3113 774 3155 Ex
789 3113 978 3157 Acidalii

96 3178 139 3213 et
171 3170 459 3214 Freinshemii
499 3170 715 3213 sententia
747 3170 978 3214 Ernestius

88 3227 287 3271 mox-rexit
334 3230 619 3281 obstrepere,
668 3236 750 3279 „et
794 3236 978 3285 propter

95 3291 360 3328 structuram
404 3283 643 3334 orationis,
689 3293 732 3327 et
773 3286 897 3342 quia,
941 3285 977 3328 si

96 3339 220 3382 finite
278 3356 415 3385 onere
437 3339 659 3390 voluisset,
689 3341 880 3386 verbum
903 3344 979 3384 ob-

95 3402 244 3450 strepe
272 3405 323 3440 at
347 3397 588 3442 dicendum
620 3396 831 3441 fuisset.”
890 3397 978 3441 Mi-

98 3452 232 3497 nime.
287 3454 335 3498 Si
367 3454 523 3498 scribis
552 3470 657 3497 cum
691 3457 980 3510 obstrepebat

99 3507 167 3551 vel
183 3510 442 3567 obstrepere
459 3511 675 3555 sententia
687 3521 766 3564 est,
814 3513 978 3555 rimum

97 3565 399 3612 Messallinam
444 3568 716 3620 clamitasse,
800 3570 872 3613 ein
910 3586 979 3615 ac-

1054 2144 1281 2202 exprimit,
1315 2145 1576 2189 Messallina
1602 2147 1858 2193 clamitante
1879 2167 1948 2194 ac-

1054 2210 1310 2245 cusatorem
1346 2204 1671 2262 obstrepuisse‚
1703 2222 1765 2249 sc.
1794 2223 1851 2250 ne
1873 2224 1946 2250 au·

1053 2258 1241 2302 diretur.
1302 2259 1351 2302 Id
1380 2260 1461 2303 sibi
1484 2260 1633 2306 voluit
1654 2271 1828 2307 auctor.

1113 2318 1358 2362 codicillos.
1418 2317 1502 2360 Ed.
1516 2318 1634 2375 Spir.
1656 2321 1912 2365 codicellos.

1113 2375 1213 2430 quis
1233 2374 1378 2417 visus.
1439 2375 1515 2418 Sic
1537 2376 1636 2420 MS.
1662 2377 1789 2420 Flor.
1821 2382 1943 2434 (test.

1055 2428 1196 2487 Vici.)
1219 2430 1420 2497 ed.Spir.
1455 2431 1605 2490 Vulgo
1623 2434 1798 2490 quibm,
1820 2438 1958 2496 quod>

1055 2496 1120 2530 est
1144 2486 1191 2530 iu
1215 2496 1372 2531 eeterls
1395 2490 1537 2533 libris.

1052 2545 1428 2646 ..⁰ff⁸{{⁶}}²‘2'{
1450 2547 1668 2645 gsissfssf·

1108 2660 1331 2715 nequivit.
1390 2660 1493 2705 MS.
1519 2659 1670 2707 Guelf.
1694 2664 1874 2719 nequit.

1111 2719 1220 2772 quin
1262 2719 1429 2760 multa.
1519 2717 1597 2762 Sic
1635 2721 1770 2764 MSS.
1814 2722 1938 2765 Flor.

1053 2775 1167 2829 (test.
1183 2773 1378 2816 Pichena
1391 2791 1402 2824 ;
1415 2772 1644 2820 Victorius
1667 2776 1799 2821 habet
1812 2780 1940 2836 quid)

1054 2830 1205 2873 Guelf.
1245 2830 1376 2873 Bodt.
1416 2832 1491 2887 (in
1527 2834 1800 2892 margine),
1836 2836 1939 2879 edd.

1052 2889 1170 2945 Spir.
1215 2886 1402 2933 Piehen.
1447 2905 1544 2945 sqq.
1625 2907 1746 2947 quae
1787 2895 1940 2934 multa

1052 2947 1188 2989 MSS.
1212 2944 1327 2988 Bud.
1348 2945 1482 2989 Bodl.
1507 2946 1571 2999 (in
1593 2951 1826 3005 contextu)
1852 2949 1934 2992 les.

1052 3004 1157 3046 edd.
1189 3002 1291 3045 Put.
1323 3002 1392 3046 M.
1415 3012 1458 3047 et
1483 3002 1539 3045 V.
1592 3004 1802 3049 Beroald.
1835 3005 1936 3050 Alc.

1049 3060 1196 3128 Rhen.
1231 3075 1326 3116 sqq.

1050 3124 1308 3217 vileflft‘g’i.
1335 3172 1594 3239 oronovio)
1630 3175 1746 3221 Bud.
1782 3176 1933 3222 Guelf.

1049 3232 1152 3274 edd.
1177 3232 1207 3273 S
1242 3230 1297 3273 ir.
1319 3230 1495 3276 hrnest.
1519 3247 1569 3290 sq
1608 3264 1618 3277 .
1685 3248 1796 3288 ergo
1827 3235 1931 3279 edd.

1049 3289 1153 3331 Put.
1176 3289 1205 3330 B
1232 3318 1245 3331 .
1269 3295 1310 3329 et
1332 3286 1388 3330 V.
1412 3287 1512 3333 Ber.
1538 3291 1577 3332 A
1598 3305 1639 3333 c.
1664 3290 1812 3335 Rhen.
1834 3306 1932 3348 sqq.

1105 3351 1379 3397 capesseret.
1438 3345 1513 3389 Sic
1533 3346 1634 3390 edd.
1658 3347 1803 3391 Rhen.
1834 3345 1951 3415 sqq.x

1048 3408 1309 3455 capesceret
1348 3401 1451 3445 MS.
1484 3402 1635 3448 Guelf.
1673 3404 1775 3448 edd.
1809 3406 1928 3463 Spu·-

1048 3459 1154 3501 Put.
1179 3458 1248 3500 M.
1270 3465 1312 3500 et
1327 3457 1382 3502 V.
1407 3459 1511 3503 Ber.
1530 3460 1635 3504 Ale.
1652 3461 1754 3505 Ald.
1781 3463 1840 3516 (c.
1861 3463 1929 3506 sil.

1051 3514 1207 3571 Vict.).
1284 3515 1377 3558 Pro
1410 3517 1476 3560 ria
1521 3526 1586 3562 est
1620 3535 1669 3563 ea
1712 3519 1932 3578 scriptura

1050 3571 1176 3615 libris
1206 3574 1383 3620 nonnul
1405 3574 1457 3618 is.

1736 2547 1814 2601 Cf.
1846 2558 1941 2593 not.

1355 3115 1431 3160 Sic
1471 3117 1607 3162 MSS.
1645 3118 1766 3163 Flor.
1817 3120 1936 3175 (test.
