2164 3990
1729 230 1782 266 A.
1799 230 1852 266 u,
1870 218 1959 272 soi.

1727 276 1779 310 A.
1799 273 1846 311 c,
1888 277 1956 312 as.

183 221 275 288 46·
847 223 1366 288 AN‘NALIUM

181 356 523 416 insontibus
562 356 807 414 innoxia
857 356 1134 427 consilia,
1195 357 1431 432 flagitiis
1479 361 1826 422 manifestis
1849 366 2043 442 subsi-¹

183 440 352 502 dium
375 444 463 501 “ab
499 443 743 500 audacia
781 443 1130 518 petendum:
1183 445 1385 500 adesse
1423 446 1686 504 conscios
1713 442 1879 524 paria
1911 473 2040 510 me.

182 540 432 589 tuentes,
533 548 592 584 se
641 529 957 596 caelibem,
1022 528 1264 599 orbum,
1323 531 1549 606 nuptiis
1599 544 1656 590 et
1700 535 2038 612 adoptando

175 613 529 677 =Britannico
553 625 851 689 paratum:
894 631 1234 670 mansuram
1258 617 1506 672 eandem
1529 615 1908 678 Messallinae
1930 616 2041 698 po-

178 700 427 763 tentiam
465 700 665 756 addita
699 698 1036 768 securitate,
1089 697 1140 754 si
1176 701 1588 774 praevenirent
1618 702 1937 763 Claudium
1971 719 2042 766 ut

179 785 418 843 insidiis
441 784 745 842 incautum
769 783 850 841 ita
874 782 994 840 irae
1021 803 1360 859 properum.
1446 785 1716 862 segniter
1741 811 1840 848 eae
1863 813 2038 851 voces

179 882 474 947 acceptae,
517 889 642 927 non
679 889 880 926 amore
911 869 978 925 in
999 869 1279 927 maritum
1298 916 1315 940 ‚
1358 872 1460 927 sed
1492 893 1566 929 ne
1591 873 1774 933 Silius
1808 897 2039 936 summa

179 958 426 1033 adeptus
475 965 775 1032 sperneret
821 954 1150 1013 adulteram
1197 955 1502 1032 scelusque
1553 958 1708 1018 inter
1757 963 2039 1038 ancipitia

175 1043 495 1120 probatum
530 1040 684 1097 veris
717 1060 855 1096 mox
893 1040 1106 1116 pretiisv
1142 1042 1491 1102 aestimaret.
1577 1063 1799 1101 nomen
1839 1045 2070 1105 tamen‘*

154 1152 155 1157 ¹
175 1126 544 1187 matrimonii
567 1125 904 1202 concupivit
928 1126 1005 1183 ob
1029 1126 1501 1200 magnitudinem
1528 1128 1835 1201 infamiae,
1872 1133 2040 1190 cuius

175 1215 336 1290 apud
361 1212 642 1290 prodigos
667 1211 987 1268 novissima
1012 1212 1284 1287 voluptas
1312 1225 1415 1272 est.
1501 1234 1610 1270 nec
1644 1216 1801 1275 ultra
1835 1236 2040 1293 exspe-

173 1311 326 1363 ctato
364 1317 543 1375 quam
576 1297 721 1353 dum
755 1297 1024 1354 sacrificii
1061 1298 1245 1371 gratia
1277 1295 1562 1356 Claudius
1587 1295 1839 1371 Ostiam⁴
1857 1303 2040 1378 profi—

174 1386 514 1453 cisceretur,
559 1393 768 1439 cuncta
796 1382 1142 1459 nuptiarum
1167 1384 1454 1441 solemnia
1480 1385 1754 1447 celebrat.
1787 1460 1789 1462 Ι

167 1603 387 1669 principis
413 1603 581 1646 exitum
611 1601 819 1646 habitura
848 1602 919 1646 sit.
977 1601 1068 1646 Sed

168 1664 279 1726 quid
298 1663 410 1707 haec
430 1661 516 1705 sibi
539 1659 702 1708 volunt
724 1661 774 1703 in
796 1657 885 1703 hoc
907 1660 1067 1703 verbo-

164 1739 268 1769 rum
292 1718 536 1766 contextu?
595 1717 812 1762 Idoneam
837 1724 958 1760 certe
987 1734 1062 1761 ra-

166 1783 340 1826 tionem
387 1775 755 1835 praecedentium
804 1790 897 1818 non
953 1775 1065 1818 red-

167 1840 304 1888 dunt,
345 1835 394 1877 in
424 1834 587 1892 quibus
618 1847 769 1876 sermo
805 1839 871 1874 est
897 1832 951 1875 de
972 1833 1061 1876 im-
1093 1846 1096 1849 ⁴

165 1891 442 1945 minentibus
466 1889 680 1957 periculis
708 1906 790 1949 per
819 1889 915 1946 ipsa
945 1891 1066 1946 peri-

167 1953 267 1998 cula
291 1948 523 1993 evitandis.
559 1947 767 1990 Fortasse
789 1962 812 1988 e
834 1947 920 1990 fide
935 1948 1067 1991 MSS.

166 2012 297 2055 locus
327 2004 629 2051 restituendus
663 2004 746 2048 erit
775 2003 863 2048 sic:
905 2012 956 2046 ut
987 2019 1065 2048 se-

165 2072 304 2115 necta
332 2064 556 2120 princzjvis
587 2061 856 2116 operiretur
888 2062 1066 2118 (Silius)

165 2124 242 2175 vel
274 2122 573 2180 operirentur·
605 2118 761 2176 (Silius
792 2126 835 2163 et
868 2119 1062 2163 Messal-

165 2184 277 2236 lina)
327 2180 373 2224 h.
417 2195 458 2223 e.
500 2185 760 2235 tegerentur
813 2176 950 2234 (dass
997 2179 1065 2221 sie

162 2239 307 2286 durch
346 2239 432 2281 des
465 2236 670 2280 Fic'rsten
701 2236 842 2278 Alter
871 2236 1065 2288 gedeckt

163 2297 373 2353 waren).
434 2296 556 2339 Tum
589 2300 747 2336 monet
770 2291 928 2344 Silius,
965 2308 1060 2336 non

126 2376 130 2378 ’
163 2366 265 2402 eam
294 2369 390 2397 esse
423 2350 734 2400 securitatem,
775 2365 911 2407 quam
934 2358 1062 2408 putet

164 2416 223 2459 ob
254 2417 481 2458 senectam
502 2407 733 2469 principis,
793 2406 865 2451 Cf.
889 2407 1002 2452 Hist.
1028 2409 1065 2460 1,

162 2472 235 2517 53.
264 2468 443 2526 operiri
457 2468 653 2523 privata
673 2468 869 2508 vulnera
892 2466 967 2508 rei
978 2481 1064 2522 pu-

161 2524 306 2574 blicae
329 2527 484 2569 malis.
531 2525 625 2568 An.
645 2522 686 2575 3,
709 2524 777 2566 18.
807 2525 1065 2567 domestica

163 2583 298 2633 mala
324 2583 523 2626 tristitia
554 2583 827 2636 operienda.
887 2581 976 2625 Sed
998 2580 1063 2624 nil

165 2644 310 2690 ausim
332 2639 534 2684 definire.

219 2699 475 2746 insontibus
495 2698 698 2741 innoxia
719 2697 928 2740 consilia.
971 2695 1062 2739 No-

162 2767 320 2805 strates
334 2771 349 2800 t
383 2755 730 2808 Unschuldz'gen
751 2755 952 2798 ziemten
971 2770 1059 2797 un-

161 2815 426 2862 schddliohe
459 2814 782 2867 Rathsclzmge
817 2812 1062 2868 (Stromb.)

163 2875 232 2919 vel
243 2874 336 2932 sic‘r
347 2871 623 2921 Schuldlose
642 2875 812 2913 wc’z'ren
834 2871 1063 2913 unsohiid-

164 2933 284 2975 licke
296 2926 586 2987 Massregeln
603 2926 809 2984 (Riekl.).
837 2926 1063 2984 Languida

165 2999 208 3033 et
240 2990 433 3033 obscura
464 2986 710 3030 sententia.
784 2986 928 3028 Immo
954 2998 1061 3027 con-

163 3047 275 3090 silas
307 3061 366 3103 op
402 3053 602 3087 onuntur
621 3043 684 3086 vis
707 3051 748 3085 et
770 3040 980 3091 audacia,
1015 3049 1063 3084 ut

162 3103 224 3147 ita
240 3060 426 3146 consiiia
443 3100 696 3160 significent
711 3117 808 3144 eam
824 3098 982 3159 agendi
993 3114 1062 3141 ra-

163 3157 353 3210 tionem,
374 3175 461 3217 qua
480 3158 579 3216 quis
601 3159 849 3216 prudenter
863 3156 1001 3215 magis
1018 3164 1062 3197 et

165 3225 259 3262 arte
292 3232 426 3275 quam
457 3216 651 3259 adhibita
682 3215 722 3257 vi
756 3230 852 3258 sese
876 3213 1060 3272 expedit.

162 3275 376 3321 Innoxia
395 3281 497 3315 sunt
518 3271 661 3316 aliena
683 3289 706 3316 a
727 3273 910 3322 damno,
934 3286 1062 3314 noxa.

166 3330 422 3378 sententiat
464 3330 664 3372 insontes
690 3331 786 3372 sine
823 3330 987 3372 damno
1024 3336 1067 3371 et

164 3387 366 3450 periculo
382 3386 578 3431 consiliis
597 3401 725 3443 agere
749 3387 943 3445 indeque
964 3387 1065 3429 sub-

166 3446 334 3492 sidium
365 3451 517 3504 petere
544 3459 701 3501 posse;
743 3453 900 3487 contra
933 3443 1062 3503 flagi-

167 3505 240 3549 tiis
264 3519 328 3548 m.
352 3510 436 3547 etc.
470 3501 562 3544 Pro
582 3502 788 3544 conscios
800 3502 899 3546 MS.
914 3500 1065 3546 Guelf.

169 3563 417 3606 consocios.

1139 1603 1755 1719 ιήεεῑςτα·Μξέ-Ὲῗὲ;ΐ·(ἒὲἒς
1771 1604 1924 1720 533¹}
1940 1625 2039 1724 533:

1137 1720 1275 1761 t'am.

1135 1775 1276 1820 haesit
1321 1785 1365 1820 et
1417 1792 1554 1821 corru
1590 1778 1700 1823 telae
1749 1781 2037 1826 occasionem

1135 1833 1275 1877 dedit.
1334 1833 1418 1876 Ed.
1436 1833 1563 1877 Ober
1582 1835 1641 1879 iu.
1661 1835 1771 1881 vitio
1793 1853 2037 1896 operarum

1139 1891 1185 1933 si
1214 1892 1462 1941 caelibem,
1506 1893 1629 1949 quod
1652 1894 1701 1936 in
1723 1894 1830 1938 alias
1853 1912 2036 1956 quoque

1140 1947 1243 1992 edd.
1269 1948 1406 1992 venit.
1465 1947 1587 1993 Vett.
1615 1950 1718 1994 edd.
1742 1953 1947 1996 scribunt
1970 1969 2037 1998 ce·

1137 2006 1291 2049 libem.
1349 2005 1437 2048 Sed
1464 2006 1685 2065 scriptura
1713 2013 1892 2054 caelebs
1922 2010 2034 2056 niti-

1138 2071 1214 2105 tur
1249 2064 1513 2108 auctoritate
1545 2065 1911 2124 inscriptionum.
1946 2068 2034 2126 pf.

1139 2120 1254 2164 Gori
1289 2120 1432 2165 Inscri
1467 2129 1517 2165 tt.
1549 2122 1659 2167 Ant.
1697 2123 1749 2169 T.
1779 2125 1814 2169 I.
1856 2142 1900 2187 p.
1929 2122 2032 2171 257.

1137 2177 1321 2223 Gruter.
1346 2195 1392 2236 p.
1442 2179 1512 2223 73.
1545 2197 1616 2224 nr.
1641 2183 1700 2224 1.—

1190 2238 1235 2280 εἰ
1250 2237 1598 2289 ρναευεηιϊεηί.
1656 2238 1740 2284 Ed.
1760 2239 1880 2300 Spir.
1906 2242 2038 2287 omit-

1134 2293 1186 2339 tit
1208 2295 1270 2338 si.

1195 2366 1278 2394 eae
1312 2366 1456 2397 voces.
1525 2353 1602 2397 Sic
1626 2353 1728 2398 MS.
1749 2354 1875 2399 Flor.
1914 2358 2033 2412 (test.

1137 2407 1282 2464 Vict.)
1296 2438 1355 2445 --
1374 2411 1463 2453 hae
1483 2426 1617 2454 voces
1638 2412 1738 2455 edd.
1762 2420 1867 2458 vett.
1890 2423 1934 2458 et
1956 2433 2031 2460 re·-

1138 2474 1274 2511 centt.
1297 2467 1471 2534 vulgari
1498 2470 1831 2536 permutatione
1861 2473 2031 2517 utrius-

1135 2541 1224 2584 que
1251 2540 1553 2593 pronomims.

1134 2582 1882 2698 mitat-{3²331efftffo‘3d‘iguffffffl·
1906 2589 2036 2692 iffi?

1134 2710 1404 2741 consensum
1471 2701 1676 2756 testatur)
1747 2698 1860 2770 Alc..
1908 2702 2042 2761 Lips..

1130 2770 1348 2855 {ittet-<a
1370 2755 1816 2869 ἐζέῗηᾜῑίᾶέῑκῗ
1848 2758 2032 2876 ’.Γὶςῖἔίῧ

1134 2867 1246 2913 Ald.
1310 2869 1386 2914 Sic
1420 2878 1463 2913 et
1494 2870 1597 2916 MS.
1633 2870 1782 2918 Guelf.
1818 2882 1862 2918 et
1890 2874 2029 2922 MSS.

1134 2926 1366 3085 ngdggii.
1407 2984 1483 3084 1Svilc
1494 2984 1748 3087 Mtssloffi
1754 2990 1872 3042 (test.
1884 2985 2030 3044 Vict.)

1135 3057 1372 3085 e.u.
1468 3059 1537 3086 .e
1635 3075 1647 3087 .
1753 3060 2028 3093 enams.

1129 3099 1295 3156 preciis
1320 3098 1424 3142 edd.
1448 3100 1566 3158 Spir.
1591 3100 1800 3146 Beroald.
1821 3102 1927 3148 Ale.
1949 3063 2010 3108 qq

1189 3158 1479 3202 aestimaret.
1537 3158 1614 3202 Sic
1633 3157 1734 3203 edd.
1748 3160 1851 3205 Put.
1867 3159 1924 3205 V.
1938 3162 2028 3206 Be-

1133 3213 1278 3257 roald.
1307 3222 1367 3269 (c.
1391 3215 1457 3258 sil.
1472 3214 1614 3269 vict.)
1640 3215 1739 3260 Ale.
1758 3217 1901 3261 Rhen.
1926 3235 2027 3279 sqq.

1135 3271 1390 3314 extimaret
1404 3271 1664 3317 MS.Guelf.
1677 3273 1777 3317 edd.
1789 3274 1907 3333 Spir.
1920 3276 2027 3321 Put.

1135 3328 1205 3371 M.
1243 3344 1355 3386 quae
1392 3330 1613 3388 scriptura
1644 3346 1726 3388 pro
1768 3334 2028 3378 aestimare

1134 3385 1358 3443 frequens>
1374 3395 1438 3430 est
1458 3388 1576 3446 apud
1600 3396 1702 3430 vett.
1728 3389 1879 3433 libros.

1187 3442 1428 3499 prodigos.
1460 3441 1679 3501 ἀσώτους,
1698 3446 1852 3503 gallice
1865 3449 2001 3491 rouds
2011 3462 2027 3491 ι

1137 3499 1180 3543 h.
1201 3516 1239 3544 e.
1272 3501 1318 3543 in
1354 3518 1491 3545 omne
1512 3517 1653 3561 genus
1673 3502 1916 3562 flagitiosae
1940 3521 2026 3549 vo-

1138 3558 1318 3615 luptatis
1342 3559 1518 3605 effusos.

1344 1717 1511 1762 Littera
1544 1736 1592 1762 m
1621 1736 1645 1764 e
1676 1721 1818 1767 verbo
1838 1739 1930 1783 seq.
1955 1725 2037 1783 ad·-
2109 1726 2113 1728 ’
