2164 3990
178 243 232 279 A.
245 241 301 278 U.
312 237 406 280 813⁴.

178 290 230 322 A.
248 283 298 323 C.
339 282 401 318 61.

90 389 210 436 tem
242 374 544 452 populumv
558 366 939 449 spectavisse.

621 243 795 305 LIB.
829 243 994 305 XIV.

1073 243 1266 308 CAP.
1300 247 1404 311 20.
1812 254 1939 317 259

1039 373 1090 430 si
1136 375 1466 434 consideret
1497 372 1756 453 theatro,
1810 386 1935 444 dies

87 472 242 520 totos
254 459 490 534 ignavia
511 459 898 518 continuaret.
942 478 1018 517 ne
1032 461 1494 535 spectaculorum
1515 464 1755 540 quidem
1780 473 1938 529 anti.

89 546 280 623 quitas
315 554 675 614 servaretur,
718 544 992 620 quotiens
1028 557 1267 620 praetor
1297 547 1554 618 sederet,
1597 552 1767 608 nulla
1808 556 1936 612 cui-

89 650 266 708 quam
312 629 533 687 civium
580 629 920 687 necessitate
972 631 1254 691 certandi.

138 821 428 878 spectavisse.
487 819 532 863 si
554 819 819 862 consideret
841 822 974 864 thea-

82 887 193 930 tro,¹
217 881 317 925 dies
349 885 471 921 totos
501 878 695 933 ignavia
731 880 974 922 continua-

82 945 166 980 ret.
206 953 266 980 ne
287 939 652 991 spectaculorum
677 935 862 991 quidem
882 951 971 979 an-

80 997 266 1051 tiquitas
283 1001 572 1040 servaretur,
594 995 819 1048 quotiens
837 1009 975 1049 prae-

80 1062 157 1095 tor
185 1055 389 1099 sederet,
420 1053 555 1092 nulla
578 1051 788 1105 cuiquam
809 1052 975 1094 civium

79 1111 347 1152 necessitate
367 1109 586 1150 certandi.
647 1106 723 1151 Sic
747 1104 975 1167 edd.Spir.

82 1163 184 1210 Put.
211 1166 276 1209 M.
302 1175 343 1208 et
370 1166 422 1208 V.
455 1164 663 1208 Beroald.
690 1168 815 1218 (cum
841 1166 973 1207 silen-

81 1224 146 1267 tio
172 1222 397 1276 Victorii).
461 1222 574 1266 Cum
601 1230 710 1266 vett.
734 1222 832 1265 edd.
857 1239 974 1266 con-

79 1281 276 1324 sentiunt
297 1280 429 1324 MSS.
454 1279 537 1321 nisi
562 1279 681 1335 quod
719 1294 834 1321 unus
869 1279 972 1322 cod.

81 1338 188 1395 Agr.
238 1353 321 1394 pro
362 1338 406 1380 si
431 1337 690 1378 consideret
725 1336 799 1378 dat
834 1351 894 1378 ne
929 1337 975 1378 si

81 1397 350 1437 consideret.
421 1393 594 1436 Locum
635 1391 805 1434 mendo
848 1393 970 1435 laho-

75 1467 176 1495 rare
203 1466 414 1494 censuere
443 1466 601 1493 omnes
624 1450 720 1492 fere
752 1449 970 1508 interpre-

73 1519 154 1555 tes.
211 1508 530 1556 Et·Rhenanus
558 1506 740 1564 quidem
764 1509 970 1550 emenda·

76 1565 139 1609 vit
161 1566 411 1624 ediditque:
443 1566 752 1616 spectavisse:
790 1567 833 1607 si
855 1580 970 1607 con-

2 1629 9 1635 “
77 1622 276 1671 sideret,
321 1625 503 1665 theatro
540 1626 588 1663 tl.
615 1629 647 1663 t.
671 1623 699 1663 ι’.
723 1623 968 1663 continua-

78 1690 177 1723 retx
211 1682 284 1723 Ne
301 1695 367 1735 sp.
390 1694 501 1735 q..a.
523 1693 591 1733 s.‚
625 1680 800 1733 quoties
828 1679 967 1723 P.'R.

77 1743 284 1788 sederet,
321 1740 453 1779 nulla
485 1737 705 1791 cuiquam
728 1752 764 1778 c.
790 1752 835 1780 n.
859 1751 967 1790 spe-

80 1796 254 1838 ctandi.
325 1793 497 1851 Lipsius
531 1792 710 1835 maluit:
755 1797 965 1849 quotiens

74 1861 319 1907 praetores
359 1856 573 1900 ederent,
619 1850 916 1908 restituitque¹
942 1868 967 1895 e

78 1910 214 1953 MSS.
251 1909 475 1952 certandi.
555 1907 645 1949 lam
677 1907 811 1964 Lipsii
858 1925 966 1951 con-

74 1975 215 2011 textus
263 1965 401 2009 valuit
449 1980 588 2022 usque
630 1965 684 2007 ad
728 1964 968 2023 Ryckium,

72 2025 149 2085 qui
189 2023 474 2067 suadentibus
522 2022 746 2074 Danesio,
801 2021 965 2067 Grotio

75 2083 259 2139 aliisque
292 2097 315 2123 e
340 2080 442 2123 MS.
468 2079 579 2135 Agr.
615 2075 764 2128 dedit:
805 2095 907 2128 ne,-
927 2082 974 2123 si

76 2143 356 2187 consideret,
387 2137 552 2179 omisso
580 2151 638 2177 ne
662 2144 763 2179 ante
783 2147 970 2189 specta-

75 2201 302 2241 culorum.
363 2194 479 2237 Hinc
504 2193 630 2236 locus
654 2193 793 2252 vulgo
822 2195 969 2238 editur

77 2257 166 2299 sic:
208 2253 512 2308 spectavisse,
563 2266 642 2298 ne,
683 2253 729 2293 si
756 2254 965 2295 conside-

73 2321 167 2363 ret,
188 2314 375 2353 theatra
393 2312 489 2351 dies
509 2315 630 2350 totos
653 2310 843 2361 ignavia
860 2325 974 2352 con-1

75 2373 301 2414 tinuaret.
369 2366 744 2421 Spectaculorum
785 2369 966 2422 quidem

72 2426 334 2481 antiquitas
394 2429 688 2471 servaretur.
758 2426 974 2478 ‹quotiens›

0 2497 16 2506 “
69 2491 315 2542 praetores
343 2485 555 2532 ederent,
572 2500 574 2502 ·
591 2482 725 2521 nulla
752 2481 973 2536 cuiquam.

72 2544 238 2587 civium
260 2540 534 2581 necessitate
556 2538 784 2580 certandi.
801 2563 805 2571 ι
824 2549 825 2555 ’
848 2537 965 2581 Cori-

76 2601 186 2643 cedo
219 2597 328 2639 haec
359 2597 523 2639 bonam
559 2595 833 2637 sententiam·
853 2595 962 2638 fun-

75 2659 180 2701 dere
217 2670 354 2711 usque
380 2653 443 2696 ,ad
483 2653 807 2703 contimwret,·
826 2652 973 2710 ἠυἰιὶἸ

75 2714 157 2759 sibi
199 2710 345 2757 velint,
378 2709 636 2766 sequentia&
679 2713 962 2762 spectaculo-

76 2787 185 2815 rum
213 2801 224 2813 .
241 2799 257 2811 .
280 2800 293 2812 .
312 2799 324 2811 .
349 2799 357 2811 .
387 2768 627 2816 cer·tandi,³
659 2783 752 2809 non
774 2767 876 2809 satis
897 2767 962 2809 in-

73 2828 238 2886 telligo.
350 2826 705 2881 interpretantur
728 2839 739 2866 τ
829 2838 974 2868 zwar,

71 2889 232 2928 witrde
263 2886 348 2924 der
377 2880 526 2934 Spiele
562 2884 684 2922 alter
719 2881 966 2924 Gobrauch

69 2944 300 2995 benachtet,
330 2953 382 2982 so
406 2938 475 2993 ost
496 2939 559 2979 sie
583 2951 675 2981 von
707 2941 795 2980 den
811 2938 966 3001 ,Prae-

73 2992 207 3042 toren
244 2999 447 3053 gegeben
465 2998 687 3044 wib-den,
727 2998 836 3054 dajs
859 2999 962 3038 nie-

74 3060 220 3100 mand
242 3054 521 3110 verpflichtet
539 3051 844 3106 aufzutretcn.
887 3052 964 3096 Sic

72 3111 445 3161 Strombeckius;
513 3108 667 3151 eadem
731 3112 964 3159 sententia,

75 3172 220 3215 verbis
245 3168 426 3226 paulum
455 3167 721 3217 immutatis,
751 3166 963 3210 lticklefs.

74 3228 160 3272 Sed
183 3227 290 3269 haec
316 3241 410 3267 non
435 3225 601 3266 insunt.
665 3223 778 3266 Nam
807 3232 856 3266 ut
886 3225 965 3267 in-

75 3292 244 3331 essent,
277 3282 499 3325 debuisset
526 3281 687 3326 scribi:
719 3280 962 3334 Spectacu-

74 3343 223 3382 lorum
268 3341 452 3395 quidem
490 3338 818 3390 antiquitatem
842 3353 960 3404 ‘ser-

78 3400 179 3438 vari
197 3405 281 3439 etc.
338 3396 620 3438 servaretur
646 3404 791 3436 autem
819 3396 960 3451 signi-

75 3454 198 3496 ficat:
229 3467 358 3495 zwar
388 3456 565 3494 mo'clzle
588 3452 654 3494 vei
678 3456 843 3493 warde
869 3484 878 3495 .
895 3484 904 3494 .
921 3485 932 3494 .
948 3485 958 3495 .

74 3512 335 3553 beobachtet
366 3514 574 3553 werden.
650 3508 778 3564 Quae
810 3518 958 3552 tamen

73 3568 201 3625 plane
233 3575 406 3623 praeter
442 3573 696 3610 contextum
739 3575 866 3613 sunt,
917 3576 961 3609 et

1363 630 1637 691 Ceterum
1683 637 1935 698 abolitos

1046 834 1321 880 quocunque
1344 823 1587 869 dictionem
1606 832 1841 886 torqueas,
1868 831 1936 877 nit

1045 879 1142 936 sani
1164 879 1264 923 elici
1293 888 1454 938 potest.
1515 883 1619 927 Non
1645 886 1765 929 enim
1792 903 1816 941 a
1851 904 1934 946 pa-

1045 945 1135 988 ret,
1183 952 1272 995 quo
1313 938 1502 982 consilio
1537 950 1612 984 aut
1644 958 1734 1000 quo
1777 960 1799 987 e
1834 954 1936 990 ectu

1044 994 1119 1037 illa
1153 995 1289 1037 verba
1322 997 1541 1043 dicantur.
1603 998 1757 1055 Quare
1781 1001 1940 1046 locum

1047 1065 1078 1095 e
1102 1052 1206 1094 MS.
1233 1050 1348 1110 Agr.
1381 1070 1474 1097 non
1508 1057 1818 1111 emendatum,
1856 1061 1934 1104 sed

1046 1117 1312 1165 corruptum
1354 1126 1445 1154 esse
1478 1128 1740 1170 persuasum
1775 1116 1933 1160 habeo.

1043 1165 1187 1208 Malui
1207 1165 1342 1223 igitur
1366 1183 1582 1225 reponere
1604 1180 1797 1216 veterem
1821 1174 1932 1218 scri-

1042 1231 1251 1281 pturam,
1289 1240 1438 1266 veram
1482 1229 1811 1288 egregiamque.
1878 1232 1937 1275 Si

1043 1280 1300 1323 consideret
1320 1284 1504 1325 theatro
1518 1317 1529 1334 ,
1549 1287 1648 1328 dies
1667 1294 1791 1330 totos
1806 1289 1933 1341 igna-

1042 1338 1123 1378 via
1156 1339 1461 1382 continuaret.
1520 1341 1639 1386 Haec
1667 1353 1774 1388 sunt
1797 1347 1934 1389 verba

1042 1395 1271 1437 seniorum
1296 1395 1479 1439 illorum
1504 1398 1773 1458 Pompeium
1797 1403 1932 1446 incu-

1041 1452 1262 1500 santium,
1312 1453 1435 1510 quod
1473 1471 1730 1500 mansuram
1773 1459 1936 1506 theatri

1041 1509 1194 1551 sedem
1220 1511 1461 1568 posuisset,
1497 1520 1540 1555 et
1562 1514 1837 1558 laudantium
1859 1533 1934 1563 ve·

1039 1574 1182 1608 terem
1236 1569 1466 1625 spectandi
1522 1570 1770 1622 rationem,
1829 1590 1934 1617 cum

1040 1632 1159 1666 stans
1185 1625 1378 1682 populus
1405 1635 1636 1684 spectaret.
1698 1631 1936 1689 increpant

1040 1696 1202 1723 novam
1234 1681 1458 1725 rationem
1491 1693 1539 1726 ut
1572 1685 1824 1730 nocituram
1849 1704 1970 1746 pu-„.

1038 1736 1167 1780 blicis
1221 1739 1443 1782 moribus.
1520 1741 1663 1786 Iidem
1697 1754 1935 1803 pergunt:

1038 1810 1096 1836 ne
1118 1799 1491 1848 spectaculorum
1514 1806 1599 1843 etc.
1637 1800 1681 1844 h.
1705 1818 1743 1843 e.
1771 1818 1934 1849 novam

1037 1852 1262 1895 rationem
1293 1870 1386 1896 non
1409 1854 1558 1898 solum
1582 1857 1773 1914 publicis
1796 1861 1935 1906 mori-

1037 1908 1121 1952 bus
1149 1925 1340 1961 nocere,
1381 1912 1458 1954 sed
1483 1913 1613 1956 etiam
1647 1918 1935 1982 spectaculo-

1037 1981 1143 2008 rum
1169 1966 1418 2024 antiquitati
1445 1966 1510 2024 (h.
1533 1985 1572 2013 e.
1599 1980 1803 2029 antiquae
1823 1975 1936 2018 cari-

1038 2022 1147 2077 tati,
1166 2025 1503 2082 aestimationi),
1530 2043 1643 2084 quae
1664 2039 1797 2082 esset,
1823 2047 1935 2089 quo-

1035 2080 1150 2122 tiens
1191 2091 1372 2139 praetor
1415 2084 1601 2128 sederet.
1682 2088 1925 2145 Antiquam

1038 2152 1202 2196 nempe
1236 2139 1588 2184 aestimationem
1614 2137 1737 2202 illam
1764 2146 1932 2202 peritu-

1038 2210 1161 2246 ram,
1191 2197 1293 2254 quia
1323 2196 1434 2240 desit
1464 2199 1702 2258 necessitas
1732 2203 1934 2250 certandi

1038 2252 1175 2295 inter·
1201 2254 1495 2310 magistratus.
1565 2257 1679 2299 Nam
1721 2264 1940 2303 certandi

1038 2311 1229 2352 verbum
1251 2311 1323 2354 hic
1346 2321 1515 2369 spectat
1541 2313 1595 2356 ad
1617 2315 1811 2358 studium
1839 2333 1930 2360 ma-

1039 2366 1304 2422 gistratuum
1330 2368 1441 2410 iilud
1461 2371 1694 2427 antiquum
1752 2377 1842 2430 q‘uo
1866 2374 1931 2416 in-

1038 2431 1106 2464 ter
1132 2441 1176 2466 se
1200 2426 1529 2469 contendebant
1551 2427 1599 2469 in
1621 2431 1834 2473 ornandis
1853 2447 1932 2489 po·

1071 2480 1158 2522 ulo'
1179 2481 1294 2524 ludis
1311 2484 1696 2542 -exstruendisque
1734 2486 1935 2542 theatris.

1037 2495 1172 2580 {Iunc
1194 2553 1347 2581 verum
1373 2538 1460 2582 loci
1486 2556 1665 2584 sensum
1693 2558 1785 2586 esse
1809 2550 1933 2603 egre-¹

1037 2594 1107 2652 gie
1139 2595 1300 2640 docent
1333 2612 1405 2646 ea,
1430 2599 1561 2655 'quae
1595 2615 1634 2642 c.
1666 2601 1739 2643 21.
1773 2611 1930 2646 contra

1036 2650 1307 2708 antiquitatis
1333 2654 1623 2698 admiratores
1645 2658 1699 2699 ab
1726 2657 1825 2700 aliis
1846 2661 1941 2702 adn*

1037 2708 1263 2753 feruntur.
1345 2709 1410 2752 lbi
1460 2713 1607 2763 enim,
1657 2722 1707 2756 ut
1752 2715 1928 2775 singula
1963 2727 1989 2737 ”

1038 2780 1241 2824 quaeque
1281 2767 1337 2809 ad
1379 2770 1721 2825 praecedentem
1767 2769 1940 2835 oratio(

1038 2839 1140 2866 nem
1189 2824 1436 2882 respiciunt
1477 2841 1671 2884 eamque
1717 2828 1930 2888 refutant,

1035 2881 1093 2923 ita
1116 2889 1158 2922 et
1183 2884 1339 2925 verba:
1365 2897 1448 2924 nec
1463 2885 1664 2937 perinde¹
1681 2882 1928 2941 magistra:

1037 2946 1113 2980 tus
1149 2953 1250 2980 rem
1274 2939 1573 2993 familiarem
1610 2946 1930 2989 exhausturos

1035 3004 1121 3038 etc.
1148 3006 1294 3039 exacte
1315 2996 1590 3055 respondent
1605 2999 1679 3052 iis,
1699 3014 1831 3058 2quae
1854 3002 1928 3046 hic

1035 3052 1247 3095 dicuntur
1271 3053 1324 3094 de
1351 3054 1546 3111 peritura
1567 3058 1930 3112 spectaculorum

1036 3109 1293 3166 antiquitate
1353 3111 1605 3168 civiumque
1666 3116 1932 3160 certamine&

1035 3166 1209 3210 Verba:
1264 3169 1474 3222 quotiens
1506 3177 1705 3222 praetor
1739 3175 1926 3216 sederet

1034 3224 1319 3280 intelligenda
1370 3241 1461 3268 esse
1503 3226 1558 3268 de
1602 3236 1808 3284 praetore
1858 3239 1939 3272 sed¹¹

1035 3282 1167 3322 dente
1219 3281 1273 3322 ad
1329 3283 1579 3339 spectacula
1630 3285 1747 3327 satis<
1781 3288 1925 3344 patet;

1034 3353 1136 3380 nam
1162 3338 1218 3380 de
1243 3339 1506 3394 spectaculis
1527 3355 1650 3382 nunc
1670 3357 1820 3386 sermo
1842 3353 1924 3387 est.

1033 3394 1108 3437 Sic
1145 3397 1211 3443 11,
1247 3400 1310 3436 lt.
1354 3396 1554 3439 Sedente
1591 3398 1791 3441 Claudia
1818 3402 1921 3443 Cir-

1032 3455 1237 3493 censibus
1269 3455 1391 3494 Iudae's
1423 3461 1509 3496 etc.
1574 3455 1710 3498 uere
1741 3456 1801 3500 cf.
1823 3458 1920 3503 Liv.

1033 3510 1136 3567 epit.
1158 3510 1230 3550 48.
1267 3508 1413 3552 Valer.
1437 3509 1781 3560 Max.2,(l43.-
1811 3513 1923 3558 Mox

1032 3573 1232 3606 ceterum
1257 3574 1306 3607 ut
1331 3582 1459 3624 saepe
1484 3576 1664 3626 cupro
1695 3574 1800 3618 sed,
1842 3588 1920 3614 ve·-

1176 3626 1316 3682 ΗΞ
