2164 3990
1739 242 1791 280 A.
1812 241 1966 285 uem.

1742 286 1797 326 A.
1815 285 1863 324 C.
1903 285 1968 322 ⁴8.

194 247 278 308 50
865 242 1376 308 ANNAL‘IUM

193 376 372 433 minis
397 387 454 433 et
481 377 832 435 accusatoris
856 377 1096 434 faceret:
1141 375 1265 451 ipse
1306 377 1382 433 ad
1420 375 1769 449 occasiones„
1787 377 2055 450 intentus

194 463 372 536 longa
394 464 552 538 apud
577 459 813 520 Ostiam
835 460 1101 520 Caesaris
1125 481 1292 518 mora
1315 462 1462 517 duas
1486 461 1756 536 pellices,
1797 483 2052 539 quarum

196 549 246 605 is
274 547 620 623 corporibus
643 548 897 604 maxime
924 546 1287 616 insueverat,
1320 547 1633 620 largitione
1661 567 1726 604 ac
1749 549 2054 622 promissis

188 636 255 690 ‘et
279 653 460 689 uxore
490 633 714 690 deiecta
732 633 865 709 plus
890 630 1187 706 potentiae
1215 633 1565 689 ostentando
1601 631 1862 708 perpulit
1891 633 2053 690 dela-

197 719 420 776 tionem
445 718 661 778 subire.

364 858 558 920 XXX.
600 854 760 916 Exin
780 854 1106 932 Calpurnia
1135 853 1226 935 (id
1249 858 1447 934 pellici
1472 857 1750 939 nomen),
1807 859 1915 917 ubi
1949 859 2057 916 da-

195 958 325 1004 tum
351 957 666 1014 secretum,
708 941 974 1000 Caesaris
1001 944 1248 1018 genibus
1269 944 1584 1018 provoluta
1611 944 1878 1020 nupsisse
1890 943 2057 1001 Mes-

196 1031 471 1097 sallinam
495 1029 645 1088 Silio
673 1028 973 1088 exclamat.
1059 1029 1237 1086 simul
1270 1027 1675 1103 Cleopatram,
1717 1050 1866 1106 quae
1894 1030 2055 1086 idem

196 1116 508 1192 opperiens
544 1114 846 1183 adstabat,
899 1133 976 1170 an
1008 1114 1422 1190 comperisset?
1480 1114 1825 1187 interrogat:
1882 1125 2057 1190 atque

199 1202 310 1258 illa.
346 1203 641 1258 adnuente
679 1198 823 1255 cieri
859 1197 1200 1256 Narcissum
1235 1199 1512 1275 postulat.
1608 1196 1666 1255 Is
1712 1198 1949 1255 veniam
1993 1198 2060 1278 in

196 1285 579 1363 praeteritum
613 1295 851 1362 petenS,
907 1285 1068 1361 quod
1103 1284 1159 1342 ei
1196 1285 1278 1341 cis
1304 1282 1607 1354 Vettium,
1648 1283 1732 1340 cis
1755 1281 2058 1343 Plautium

189 1508 293 1551 Put.
307 1504 378 1549 M.
402 1513 448 1549 et
459 1502 518 1548 V.
538 1498 746 1548 Beroald.
768 1504 870 1548 Alc..
885 1504 1092 1549 Freinsh.

193 1564 344 1609 Gron.
383 1571 438 1605 at
467 1565 620 1606 solum
656 1562 727 1605 ed.
760 1562 849 1605 lac.
885 1561 1091 1607 Gronov.

190 1621 279 1667 Sed
323 1620 430 1663 edd.
470 1619 618 1663 Rhen.
658 1619 766 1663 Ald.
804 1619 930 1663 Pich.
968 1619 1089 1678 Lips.

189 1678 335 1738 Ryck.
370 1677 585 1720 omittunt
616 1677 830 1721 voculam
866 1685 912 1720 et
942 1677 1009 1720 vel
1040 1685 1092 1719 ut

191 1735 442 1781 secundum
471 1734 570 1778 MS.
594 1735 703 1791 Agr.
774 1734 911 1778 Vides
945 1733 1088 1792 pluri-

189 1810 317 1838 mum
349 1792 626 1836 auctoritatis
659 1808 752 1836 esse
785 1790 833 1834 in
867 1795 1089 1850 scriptura

191 1861 244 1894 ut
285 1852 465 1898 solum,
518 1864 667 1916 neque
703 1849 824 1892 deest
862 1858 1088 1894 venustas.

190 1910 267 1953 Sic
323 1907 445 1950 enim
499 1914 686 1963 ponitur
736 1913 789 1947 ut
842 1905 1089 1965 explicandi

190 1981 349 2017 causa,
417 1963 546 2022 quasi
599 1972 760 2007 auctor
812 1964 1087 2023 scripsisset:

184 2022 390 2078 perstitit
406 2022 495 2075 N.,
535 2023 658 2076 quod
688 2021 950 2074 intelligas,
981 2036 1090 2065 eum

188 2082 260 2123 ita
277 2078 568 2134 perstitisse,
601 2086 651 2120 ut
675 2081 831 2121 solum
856 2082 904 2122 id
924 2081 1089 2121 immu-

189 2145 329 2180 taret.
389 2134 452 2179 cf.
471 2135 514 2187 4,
532 2135 603 2179 33.
634 2144 686 2177 ut
714 2139 851 2180 m'mis
882 2151 947 2179 ex
974 2151 1103 2191 pro--

183 2198 358 2252 pinquo
378 2194 570 2235 diversa
592 2207 816 2247 arguens.

248 2259 294 2296 et
327 2251 631 2294 accusatoris.
691 2250 793 2294 MS.
815 2250 938 2298 Flor,
970 2251 1086 2306 (test.

190 2309 329 2365 Vict.)
353 2308 426 2351 ed.
442 2307 561 2366 Spir.
589 2315 635 2350 et
658 2316 971 2351 accusatores.
1005 2309 1086 2354 Ce-

188 2368 272 2412 teri
295 2365 399 2410 libri
421 2365 654 2423 vulgatum
678 2374 877 2409 tuentur.

245 2426 360 2479 ipse.
423 2422 617 2466 Minime
644 2421 800 2479 friget,
833 2431 882 2465 nt
908 2421 1090 2469 videtur

187 2479 416 2526 Ernestio.
477 2478 742 2538 Opponitur
760 2479 1060 2524 Messallinae.

245 2538 531 2592 corporibus.
617 2537 696 2581 Sic
747 2536 886 2580 MSS.
939 2535 1082 2580 Vatic.

187 2596 348 2654 (Lips.)
374 2595 491 2638 Bud.
515 2594 619 2638 edd.
639 2594 759 2653 Spir.
785 2595 961 2639 Ernest.
985 2610 1083 2653 sqq.

185 2653 506 2707 Μ
541 2651 691 2752 aa·
721 2655 835 2753 aa
872 2654 1084 2752 ζωῇ)

187 2771 312 2822 (cum
337 2766 520 2809 silentio
533 2765 672 2818 Vict.)
694 2768 954 2812 Alc.Rhen.
984 2783 1083 2824 sqq.

186 2826 289 2870 MS.
313 2823 429 2869 Bud.
450 2835 722 2868 assueverat
753 2842 836 2884 pro
870 2827 1085 2868 insueve-

187 2889 285 2926 rat.

207 2978 210 2982 .
245 2942 543 2983 ostentando.
602 2939 687 2983 Ed.
714 2939 835 2999 Spir.
859 2953 941 2984 eas
964 2947 1085 2982 tem-

182 3000 377 3052 ptando.
438 2996 538 3040 MS.
566 2995 719 3041 Guelf.
748 3001 855 3053 plus
873 2998 1086 3053 potentia

189 3068 272 3095 eas
293 3057 531 3097 tentando,

241 3112 461 3164 perpulit.
522 3111 769 3158 MS.‘Flor.
805 3112 920 3167 (lest.
941 3108 1085 3167 Vict.)

189 3168 262 3210 ed.
289 3168 406 3225 Spir.
428 3170 646 3223 perculit.

244 3224 356 3267 CAP.
382 3224 454 3267 30.
510 3227 784 3277 Calpurnia.
845 3226 920 3269 Sic
950 3225 1085 3270 MSS.

188 3281 310 3325 Flor.
334 3281 382 3335 (t.
398 3280 472 3337 V.)
488 3282 636 3326 Guelf.
657 3284 761 3326 edd.
779 3291 964 3328 recentt.
981 3284 1085 3326 inde

185 3354 211 3380 a
240 3337 375 3396 Lipsii
414 3341 575 3395 prima.
656 3340 948 3395 calphurnia
985 3341 1086 3384 edd.

188 3397 306 3452 Spir.
331 3396 433 3438 Put.
460 3396 528 3438 M.
553 3404 595 3439 et
624 3396 678 3440 V.
703 3397 917 3443 Ber-eald.
940 3398 1083 3442 Rhen.

128 3449 148 3465 “
187 3452 301 3496 Ald..

183 3568 224 3607 l·
241 3509 406 3578 (millai.
468 3509 566 3552 MS.
590 3510 713 3553 Flor.
740 3519 834 3554 test.
863 3511 1080 3567 vichpe-

204 3581 272 3610 ιω.
359 3597 362 3602 «

1219 1507 1381 1550 simul.
1439 1505 1523 1549 Ed.
1546 1504 1579 1548 S
1615 1504 1667 1548 ir.
1689 1506 1936 1562 simulque.

1219 1563 1474 1618 opperiens.
1534 1563 1570 1604 E
1606 1594 1616 1605 .
1640 1562 1762 1620 Spir.
1786 1563 2017 1617 operiens.

1219 1623 1347 1676 quod
1380 1621 1426 1662 ei
1452 1622 1515 1662 cis
1543 1620 1782 1670 Vettium,
1822 1620 1885 1664 cis
1909 1620 2048 1662 Plau-

1161 1680 1281 1721 tium
1313 1678 1717 1720 dissimulavssset.
1774 1677 1924 1720 Locus
1949 1693 2059 1721 cor-

1161 1743 1337 1794 ruptus.
1399 1734 1499 1777 MS.
1520 1733 1648 1780 Flor.
1685 1735 1804 1788 (test.
1826 1732 1966 1790 Vict.)
1997 1735 2060 1778 cis

1160 1793 1343 1837 uetticis
1361 1793 1542 1847 plautio
1565 1794 1747 1834 dimula
1767 1822 1780 1835 .
1803 1823 1816 1835 .
1838 1821 1855 1835 .
1877 1824 1890 1835 .
1900 1808 1920 1842 ,-
1954 1799 2058 1835 test.

1160 1850 1287 1905 Pich,
1315 1853 1380 1892 cis
1401 1850 1451 1891 V
1447 1849 1594 1892 etticzls
1619 1849 1808 1891 Plautio
1833 1850 2056 1892 dissimu-

1160 1909 1381 1958 lavisset3
1409 1913 1510 1950 test.
1533 1906 1565 1950 l.
1580 1906 1785 1950 Gronov.
1806 1909 1869 1953 cis
1887 1904 2056 1956 v&ct1⁰-

1161 1967 1228 2008 cis
1265 1964 1474 2006 Plancio.
1555 1964 1691 2007 MSS.
1714 1961 1973 2018 νεα-,1863
2013 1971 2057 2006 et

1164 2023 1298 2074 1864,
1325 2023 1397 2064 ed.
1420 2019 1540 2090 Spir.
1565 2022 1629 2064 cis
1641 2022 1692 2062 V
1686 2021 1835 2064 enticis
1853 2021 2054 2064 Plautio.

1160 2081 1261 2124 MS.
1282 2079 1399 2122 Bud.
1425 2094 1487 2122 czs
1511 2080 1672 2121 veticio
1692 2079 1892 2132 plautio.
1952 2076 2054 2122 MS.

1159 2138 1271 2197 Agr.
1308 2139 1432 2194 quod
1463 2137 1627 2187 Cicios,
1664 2137 1714 2179 V
1708 2135 1871 2188 estias,
1909 2136 2059 2180 Plau·-

1159 2199 1262 2239 tios.
1323 2194 1423 2238 MS.
1450 2194 1602 2237 Guelf.
1637 2197 1758 2250 quod
1790 2194 1839 2236 ei
1867 2196 1930 2237 cis
1961 2194 2058 2237 Ve-

1157 2254 1300 2295 ctium
1313 2252 1566 2294 Plautium.
1578 2279 1638 2286 --
1675 2249 1913 2295 MSS.Vat.
1930 2250 2056 2295 1958.

1160 2309 1286 2353 Harl.
1325 2309 1409 2352 les.
1452 2310 1515 2352 cis
1551 2308 1763 2351 Vectium
1789 2307 2054 2353 Plancium.

1161 2367 1262 2412 MS.
1308 2366 1443 2409 Bodl.
1505 2367 1604 2409 edd.
1655 2365 1836 2408 Puteol.
1891 2366 1960 2409 M.
2013 2375 2057 2410 et

1164 2424 1336 2468 Venan.
1385 2426 1486 2467 Alc.
1532 2423 1736 2475 Rhenan.
1781 2422 1889 2468 Ald.
1934 2426 2057 2479 quod

1163 2485 1209 2525 ei
1227 2483 1291 2525 cis
1315 2482 1526 2524 Vectium
1549 2480 1809 2524 Plancium.
1867 2479 1950 2523 Ed.
1971 2480 2054 2523 Be-

1159 2540 1302 2583 roald.
1347 2543 1468 2595 quod
1511 2540 1557 2581 ei
1596 2541 1658 2581 cis
1698 2538 1937 2586 Vectium,
1989 2539 2055 2581 cis

1156 2597 1411 2644 Plautium.
1473 2597 1539 2639 Ita
1558 2604 1600 2639 et
1619 2595 1792 2652 Lipsius
1812 2603 2055 2652 praeeunte

1156 2654 1257 2697 MS.
1284 2655 1382 2697 vat.
1417 2653 1698 2697 emendavit:
1735 2654 1796 2695 cis
1825 2652 2054 2704 Vectium,

1155 2713 1220 2754 cis
1249 2711 1516 2764 Plautium,
1559 2710 1679 2767 quod
1712 2708 1817 2754 dein
1849 2709 2053 2768 plerique

1157 2777 1199 2811 et
1231 2767 1364 2812 hodie
1398 2769 1551 2812 edunt.
1612 2768 1647 2810 Ι.
1681 2767 1757 2810 Fr.
1790 2766 2052 2814 Gronovius

1157 2826 1372 2868 malebat:
1422 2828 1547 2882 quod
1581 2826 1716 2868 eicis
1745 2825 1948 2876 Vectios,
1989 2826 2052 2867 cis

1156 2883 1371 2925 Plautios
1413 2888 1463 2926 d.
1507 2910 1566 2918 —-
1634 2882 1765 2926 Duce
1809 2881 1904 2926 MS.
1938 2881 2049 2940 Agr.

1156 2940 1366 2983 Heinsius
1388 2940 1684 2984 reformabat:
1713 2942 1836 2995 quod
1860 2940 2052 2990 Cincius,

1158 3000 1339 3041 Vectios
1370 3008 1455 3042 etc.
1513 2997 1745 3040 Broterius
1778 2996 1923 3040 dedit:
1970 2997 2049 3043 Ti-

1157 3057 1271 3103 tios,
1315 3056 1520 3104 Vedios,
1566 3055 1792 3096 Plautios.
1864 3053 2050 3112 Bipont.

1158 3113 1277 3156 coni.
1303 3118 1427 3169 quod
1449 3114 1648 3155 incestae
1674 3112 1839 3154 uxoris
1855 3109 2050 3167 flagitia

1157 3171 1266 3213 diss.
1324 3171 1412 3213 Sed
1447 3171 1490 3212 id
1522 3170 1624 3213 satis
1656 3177 1832 3211 eertum
1857 3177 1947 3218 est,
1976 3168 2051 3211 hie

1158 3244 1251 3270 esse
1283 3244 1537 3271 sermonem
1571 3228 1623 3269 de
1650 3227 1803 3268 Vettio
1832 3233 1873 3268 et
1898 3225 2050 3268 Plau-

1160 3289 1222 3326 tio
1239 3318 1249 3334 ,
1285 3285 1497 3328 adulteris
1520 3282 1818 3327 Messallinae.
1853 3282 1913 3326 ef.
1939 3299 1980 3326 c.
1993 3281 2050 3324 35

1159 3351 1200 3385 et
1226 3341 1296 3384 36.
1357 3341 1732 3385 Emendationem
1756 3338 1896 3397 Lipsii
1927 3341 2048 3398 quod

1157 3400 1335 3450 attinet,
1367 3408 1503 3442 restat
1523 3407 1570 3440 ut
1596 3396 1806 3454 exemplis
1830 3413 2045 3455 compro-

1157 3457 1288 3499 betur
1328 3458 1394 3499 cis
1435 3457 1492 3499 ita
1535 3455 1642 3512 poni
1682 3455 1848 3496 idoneo
1899 3469 2048 3503 sensu,

1157 3514 1278 3570 quod
1312 3514 1414 3555 satis
1448 3511 1628 3556 difficile
1664 3511 1758 3554 erit.
1829 3511 1899 3554 De
1932 3512 2048 3559 scri-

1156 3580 1285 3627 ptura
1307 3572 1492 3614 Vettius
1518 3569 1574 3612 cf.
1600 3578 1696 3613 not.
1722 3569 1775 3611 ad
1802 3568 1868 3620 15,
1889 3566 1930 3612 3.
