2164 3990
603 261 652 318 L
665 258 691 316 I
705 258 775 321 Β.
809 257 943 320 XV.

170 262 222 298 A,
238 259 295 296 U.
309 257 394 294 816.

169 309 219 343 Α,
240 303 285 339 C,
332 302 391 336 63.

1027 256 1222 320 CAP.
1263 259 1320 320 7.
1358 259 1414 319 8.

1811 255 1936 316 333

37 419 41 422 ’
83 391 354 450 Calavius
369 389 626 448 Sabinus
649 387 944 461 regebant,
965 383 1309 444 Armeniam
1334 387 1515 444 intrat
1540 387 1695 444 tristi
1718 389 1934 450 omine.

83 462 221 534 naim
247 477 311 533 in
339 489 698 549 transgressu
722 469 1070 547 Euphratis5
1108 493 1282 548 quem
1309 485 1486 548 ponte
1512 473 1936 544 tramittebant‚

83 562 248 619 nulla
282 563 478 638 palam
514 579 684 616 causa
728 558 996 614 turbatus
1042 575 1253 633 eunS‚
1309 558 1419 640 ,qni
1463 558 1794 636 consularia
1837 559 1936 614 in-

83 648 270 720 signia
306 646 592 721 gestabat,
647 655 802 699 retro
844 642 1040 699 evasit.

1142 638 1448 719 hostiaque
1503 662 1650 719 quae
1699 645 1935 699 munie-

21 792 30 803 s
81 734 300 789 bantur
332 729 731 787 hibernaculis
771 728 1054 783 adsistens
1091 728 1383 783 semifacta
1420 723 1596 803 opera
1628 728 1766 806 fuga
1797 749 1935 803 per-

81 817 242 891 rupit
277 807 451 892 se'que
486 815 643 870 vallo
682 813 902 870 extulit.

990 824 1047 867 et
1081 813 1197 886 pila
1231 813 1485 868 militum
1525 831 1714 869 arsere
1750 814 1935 886 magis

82 901 300 974 insigni
325 900 595 977 prodigio
610 946 626 969 ‚
671 898 807 976 quia
830 893 1083 954 Parthus
1110 893 1292 954 hostis
1321 898 1643 955 missilibus
1663 884 1803 955 telis!
1828 899 1935 958 (le-

83 997 278 1044 certat.

251 1069 418 1129 VIII.
482 1067 756 1126 Ceterum
791 1067 1002 1124 Paetus
1040 1067 1248 1142 spretis
1294 1068 1626 1138 ominibus,
1679 1068 1934 1124 necdum

83 1156 218 1212 satis
254 1155 498 1211 firmatis
540 1151 966 1222 hibernaculiS‚
1019 1152 1184 1208 nullo
1224 1152 1312 1207 rei
1348 1153 1765 1211 frumentariae
1792 1174 1934 1229 pro-

83 1241 213 1298 visu
235 1241 389 1316 rapit
414 1240 729 1296 exercitum
751 1250 913 1295 trans
936 1249 1200 1294 montem
1225 1234 1491 1294 Taurum
1517 1238 1932 1314 reciperandi8‚
1958 1310 1961 1317 ι

80 1474 515 1535 Spir.fun1‘solunus
531 1478 791 1520 vetoianus.
837 1476 971 1520 MSS.

79 1537 200 1578 Harl.
239 1536 370 1578 Bodl.
403 1537 486 1579 les.
515 1536 627 1578 Bud.
651 1534 800 1578 Guelf.
819 1536 969 1577 Fimt'-

79 1597 279 1636 sulanus
301 1594 349 1633 V
347 1594 635 1635 ectoniunus.
709 1592 805 1635 MS.
832 1591 968 1635 Corb.

81 1651 419 1692 Fumisulanus
451 1651 781 1692 Vecmmanus.
852 1649 967 1693 Edd.

81 1707 255 1750 Puteol.
291 1707 596 1750 Famis-alanus
626 1708 967 1749 Vectoniarius.

79 1764 193 1807 Edd.
225 1764 325 1806 Ber.
361 1763 462 1807 Ale.
496 1765 844 1807 Famisulanas
874 1765 966 1805 Ve-

80 1822 345 1864 ctoniarius.
418 1821 530 1863 Edd.
565 1821 708 1863 Rhen.
743 1838 842 1879 sqq.
867 1822 970 1864 Fa-

80 1880 339 1922 misulaemus
373 1879 702 1922 Vectom'anas.
774 1879 966 1921 Hodier-

81 1953 183 1979 nam
216 1936 482 1993 scripturam
517 1937 692 1994 primus
719 1936 857 1979 edidit
876 1936 965 1978 Er-

79 1994 263 2038 nestius.

138 2065 374 2107 Calavius.
434 2062 511 2107 Sic
543 2063 645 2106 MS.
681 2062 832 2106 Guelf.
864 2063 964 2111 edd.

79 2130 180 2164 vett.
217 2130 258 2163 et
286 2130 474 2164 reeentt.
505 2123 629 2175 (eum
655 2120 801 2163 silent.
827 2120 964 2176 Vict.)

78 2203 132 2213 —
166 2178 389 2223 Calauius
421 2176 555 2221 MSS.
587 2177 695 2236 Reg.
730 2178 869 2222 Corb.
891 2195 968 2214 ‘—

81 2238 262 2281 Calvius·
284 2234 385 2278 MS.
412 2235 534 2278 Harl.
613 2234 808 2279 Ursinus
842 2237 965 2279 vole-

77 2295 152 2338 bat
180 2293 401 2343 Flavius;
438 2291 772 2336 Freinshemius
811 2292 967 2338 Calvi—

78 2352 207 2396 sius,
259 2356 309 2391 ut
344 2349 560 2406 cogitares
593 2349 646 2392 de
681 2348 772 2391 filio
812 2349 965 2393 Sabini

80 2406 279 2457 Calvisii,
319 2405 395 2462 qui
429 2415 493 2450 est
526 2407 566 2458 6,
588 2406 631 2448 9.
692 2406 751 2449 cf.
788 2406 900 2449 Hist.
927 2409 965 2458 1,

77 2466 147 2508 48.
219 2464 303 2507 Sed
341 2463 387 2505 in
422 2463 496 2507 tali
533 2479 580 2506 re
618 2463 687 2506 vix
719 2463 965 2521 quidquam

78 2538 161 2581 pro
186 2531 309 2565 certo
340 2519 567 2564 adfirmari
607 2529 774 2578 potest,
817 2537 967 2578 quan-

77 2596 211 2637 quam
249 2577 539 2621 Freinshemii
583 2578 840 2621 coniectura
880 2595 965 2621 ve-

76 2637 170 2679 rior
206 2652 339 2696 quam
370 2636 545 2693 vulgata
578 2635 798 2693 scriptura
834 2636 962 2680 vide-

77 2703 150 2737 tur
175 2710 284 2737 esse.

131 2765 365 2818 regebant.
427 2763 503 2807 sie
527 2762 598 2805 ecl.
623 2762 739 2820 Spir.
763 2772 805 2806 et
825 2763 960 2806 eMS.

76 2821 192 2862 Bud.
229 2821 328 2862 edd.
362 2820 504 2863 Rhen.
540 2835 636 2877 sqq.
666 2848 714 2855 -
773 2823 961 2874 regebat

77 2878 176 2921 MS.
202 2877 351 2919 Guelf.
385 2876 484 2919 edd.
511 2877 609 2919 Put.
640 2877 702 2919 M.
726 2887 768 2921 et
791 2877 846 2922 V.
872 2879 957 2920 Be-

76 2935 217 2978 roald.
244 2934 340 2976 Alc.
362 2936 482 2987 (eum
509 2934 651 2976 silent.
680 2934 829 2991 Vict.).
895 2935 955 2980 cf.

76 3001 168 3034 not.
193 2993 245 3035 ad
277 2992 341 3039 13,
369 2990 433 3032 12.
475 2992 591 3032 unde
623 2993 788 3048 patebit
821 3008 956 3048 rege-

74 3052 153 3091 bat
175 3065 266 3091 non
292 3065 384 3091 esse
406 3047 619 3104 ineptum.

130 3120 469 3161 tramittebant.
514 3119 591 3161 Sic
609 3118 706 3162 MS.
721 3120 844 3164 Flor.
861 3130 956 3167 test.

75 3177 191 3219 Viet.
261 3175 348 3218 Alii
371 3176 472 3217 inde
497 3175 701 3218 adserunt
725 3180 957 3222 tramitte·

74 3237 168 3277 but.
199 3234 246 3275 In
262 3233 478 3288 scriptura
495 3235 752 3275 tramittere
768 3250 959 3279 consen-

75 3293 189 3334 tiunt
218 3291 303 3333 loci
344 3294 380 3340 1,
407 3289 469 3333 13.
493 3291 562 3332 49.
585 3291 653 3332 55.
687 3291 876 3349 aliique,
914 3305 956 3337 et

75 3348 208 3391 MSS.
234 3344 358 3390 Flor.
391 3346 657 3404 plerumque
693 3347 733 3389 id
764 3351 953 3393 verbnm

75 3406 134 3447 ita
167 3405 382 3448 exhibent.
453 3404 541 3445 Pro
568 3420 758 3446 munero
793 3406 953 3460 plurali

76 3471 189 3505 stant
218 3462 346 3512 MSS.
370 3460 488 3503 Harl.
520 3462 647 3503 Hodl.
669 3461 821 3505 Guelf.
854 3465 954 3507 edd.

77 3520 194 3576 Spir.
219 3518 320 3561 Pul.
342 3519 407 3560 M.
435 3527 475 3560 et
496 3516 554 3561 V.
576 3519 675 3560 Ber.
694 3519 816 3567 Ale..
849 3522 951 3578 qui-

77 3578 159 3619 bus
212 3576 332 3618 libris
384 3576 496 3619 inest
554 3578 948 3621 transmittebant.

1041 1475 1159 1519 Edd.
1199 1475 1342 1520 Rhen.
1372 1494 1468 1536 sqq.
1510 1480 1865 1523 transmittebat
1907 1495 1933 1524 e

1045 1535 1146 1578 MS.
1176 1535 1290 1577 Bud.

1100 1607 1264 1647 equus,
1314 1594 1395 1647 qui
1429 1596 1697 1636 consularia
1729 1595 1933 1650 insignia

1040 1652 1270 1702 gestabat.
1319 1650 1387 1692 De
1407 1650 1494 1693 hoc
1517 1667 1641 1694 more
1663 1652 1722 1695 cf.
1739 1653 1930 1710 Dionys.

1040 1706 1136 1748 Hal.
1176 1710 1236 1757 10,
1268 1707 1338 1750 24.
1419 1708 1644 1752 Plutarch.
1689 1710 1735 1752 in
1768 1709 1929 1764 Crasso

1042 1779 1080 1806 e.
1112 1763 1182 1806 36.
1239 1764 1515 1822 Obsequens
1551 1767 1643 1810 129.
1681 1776 1722 1810 et
1755 1767 1930 1824 Lipsius

1039 1821 1092 1863 ad
1116 1821 1156 1863 h.
1183 1820 1213 1864 l.
1277 1821 1366 1864 Pro
1395 1825 1661 1866 consularia
1681 1824 1780 1867 MS.
1804 1824 1930 1868 Flor.

1039 1878 1155 1932 (test.
1181 1878 1316 1930 Vict.)
1341 1879 1471 1922 habet
1497 1883 1785 1931 consiliaria,
1814 1898 1930 1940 ‚quae

1045 1934 1256 1993 frequens
1283 1946 1346 1979 cst
1372 1936 1593 1981 confusio.

1094 1995 1338 2048 hostiaque
1401 2008 1521 2049 quae
1581 1995 1929 2041 muniebantur.

1035 2048 1121 2094 Ed.
1157 2049 1276 2107 Spir.
1322 2052 1530 2093 hostiam
1576 2067 1695 2106 quae
1737 2054 1930 2096 munie-

1038 2109 1223 2150 bantur.
1306 2108 1472 2151 Eadem
1521 2125 1623 2151 mox
1664 2112 1930 2164 perrumpit

1038 2179 1123 2221 pro
1159 2168 1388 2220 perrupit.
1480 2166 1585 2210 MS.
1623 2166 1774 2211 Guelf.
1810 2172 1929 2224 Dru-

1030 2223 1102 2276 pit
1141 2222 1186 2266 h.
1223 2239 1262 2266 e.
1290 2224 1554 2278 praerupit.
1650 2226 1774 2268 idem
1814 2227 1928 2270 liber

1037 2277 1204 2322 omittit
1226 2295 1346 2336 quae
1369 2289 1468 2324 ante
1490 2284 1838 2328 muniebantur.

1095 2348 1300 2393 Parthus
1324 2351 1488 2393 hostis.
1546 2351 1622 2396 Sic
1643 2350 1777 2396 MSS.
1803 2352 1926 2398 Flor.

1038 2413 1154 2459 (test.
1180 2405 1319 2463 Vict.)
1353 2407 1508 2451 Guelf.
1545 2410 1646 2452 edd.
1670 2410 1787 2467 Spir.
1815 2411 1923 2454 Put.

1036 2463 1104 2506 M.
1126 2472 1167 2505 et
1192 2464 1249 2506 V.
1278 2464 1379 2508 Alc.
1406 2465 1548 2509 Rhen.
1572 2483 1622 2524 sq
1659 2499 1667 2508 .
1692 2490 1750 2499 -—
1797 2468 1924 2510 Por-

1034 2522 1143 2563 thus
1166 2521 1350 2563 hostilis
1369 2523 1438 2565 ed.
1463 2522 1622 2566 Beroal
1660 2555 1672 2566 .
1695 2547 1755 2557 —
1797 2525 1924 2568 Par-

1036 2580 1140 2619 thus·
1161 2580 1312 2621 hostes
1338 2580 1438 2622 MS.
1467 2579 1606 2623 corb.

1094 2648 1208 2691 CAP.
1245 2649 1286 2692 8.
1380 2650 1638 2700 ominibus,
1706 2655 1920 2702 necdum.

1033 2705 1117 2748 Ed.
1150 2706 1266 2763 Spir.
1298 2722 1401 2750 eum
1433 2707 1535 2750 MS.
1572 2707 1725 2752 Guelf.
1761 2715 1918 2754 omni-

1033 2765 1116 2805 bus·
1167 2767 1366 2812 nedum,
1420 2764 1589 2821 vulgari
1634 2766 1919 2814 confusione.

1033 2820 1174 2862 Etiam
1201 2821 1426 2865 Ms.ssud.
1452 2821 1614 2879 aliique
1643 2824 1777 2867 codd.
1801 2827 1918 2880 (test.

1031 2878 1258 2934 Broterio)
1282 2878 1431 2921 ferunt
1457 2881 1686 2924 omnibus.
1718 2905 1776 2914 —-
1815 2883 1919 2930 MS.

1032 2934 1153 2978 llarl.
1186 2938 1416 2978 ominibus
1455 2935 1585 2979 habet
1619 2939 1664 2981 iu
1701 2941 1918 2998 margine.

1030 2991 1087 3035 cf.
1134 3003 1226 3035 not.
1271 2993 1325 3035 ad
1361 2993 1468 3036 Hist.
1507 2994 1547 3045 Ξ,
1584 2997 1622 3038 1.
1651 2995 1720 3039 78,
1771 2998 1813 3048 4,
1840 2998 1916 3043 49.

1028 3050 1140 3092 Edd.
1171 3050 1264 3092 Put.
1280 3050 1345 3092 M.
1372 3059 1413 3092 et
1430 3050 1478 3093 V.
1498 3052 1597 3095 lier.
1621 3054 1678 3105 (e.
1698 3054 1916 3113 sil.‚Viet.)

1028 3106 1126 3150 Alc.
1142 3107 1283 3149 Rhen.
1305 3124 1399 3164 sqq.
1425 3111 1671 3161 caninibus,
1696 3116 1914 3157 necdum.

1083 3179 1413 3227 reciperandi&
1502 3180 1578 3223 Sic
1612 3180 1716 3224 edd.
1753 3199 1911 3227 recen-

1028 3235 1161 3276 tiores
1183 3235 1286 3276 inde
1309 3253 1331 3277 a
1359 3236 1474 3293 Lips.
1500 3238 1666 3292 prima,
1698 3254 1912 3296 praeeun-

1027 3302 1068 3334 te
1103 3292 1170 3334 ed.
1203 3292 1319 3348 Spir.
1358 3309 1469 3350 quae
1504 3310 1606 3337 oum
1636 3296 1734 3339 MS.
1760 3296 1910 3342 Guelf.

1027 3350 1154 3391 habet
1175 3351 1517 3401 recuperandis.
1577 3352 1633 3395 cf.
1659 3362 1741 3396 not
1764 3355 1818 3398 ad
1846 3355 1911 3405 13,

1029 3408 1067 3448 9.
1101 3409 1166 3456 14,
1190 3408 1228 3448 5,
1264 3430 1320 3438 —
1379 3409 1647 3461 recipiendas·
1678 3411 1777 3454 edd.
1809 3414 1911 3458 Put.

1028 3464 1094 3506 M.
1117 3471 1158 3505 et
1184 3462 1236 3503 V.
1266 3463 1470 3507 Beroald.
1505 3466 1563 3520 (c.
1598 3467 1743 3511 silent.
1774 3470 1908 3527 Vict.)

1027 3521 1121 3562 Alc.
1151 3519 1289 3564 Rhen.
1317 3522 1416 3566 Ald.
1477 3523 1546 3565 De
1569 3524 1663 3569 aliis
1685 3526 1818 3573 MSS.
1844 3529 1904 3572 si-

1026 3577 1211 3620 lentium
1242 3587 1321 3622 est.
