2164 3990
750 78 774 91 ο

1874 105 1879 126 l

159 229 385 316 2:¹0³:2‘5z-'5
556 229 918 293 LIB.X111.
981 229 1431 293 CAP.12.13.
1803 193 1993 337 159&

76 366 276 439 ignara
307 373 520 431 matre,
563 361 703 417 dein
736 361 951 440 frustra
992 360 1292 418 obnitente
1326 358 1562 435 penitus
1598 359 1924 437 inrepserat

74 470 179 526 per
214 450 420 505 luxum
463 459 518 503 et
554 444 828 518 ambigua
866 456 1109 515 secreta,
1179 465 1254 500 ne
1302 445 1633 501 senioribus
1682 447 1922 522 quidem

71 533 355 609 principis
394 531 594 594 amieis
631 530 1100 607 adversantibtiS,
1140 529 1484 586 muliercula
1520 531 1688 587 nulla
1727 531 1923 603 cuius-

75 638 251 694 quam
273 617 491 692 iniuria
514 615 816 690 cupidines
838 615 1120 689 principis
1147 615 1409 689 explente
1424 660 1440 684 ,
1482 616 1720 691 quando
1740 636 1923 673 uxore

13 737 17 739 -
71 703 145 759 ab
161 699 408 760 Octavia
435 701 625 757 nobili
650 700 888 775 quidem
915 712 970 757 et
991 699 1297 773 probitatis
1323 710 1607 774 spectatae
1627 702 1745 757 fato
1772 722 1925 778 quo-

74 789 242 856 dam,
299 807 376 843 an
411 786 547 862 quia
585 785 924 860 praevalent
955 784 1207 853 inlicita,
1265 781 1640 841 abhorrebat:
1693 797 1922 851 metue—-

74 872 392 948 baturque,
434 891 508 926 ne
549 870 614 925 in
650 881 848 943 stupra
881 869 1236 925 feminarum
1273 869 1612 926 inlustrium
1645 890 1922 946 prorum-

77 969 267 1033 peret,
311 957 362 1012 si
384 956 486 1011 illa
514 955 762 1011 libidine
787 951 1217 1029 prohiberetur.

239 1065 410 1127 XIII.
483 1065 604 1123 Sed
640 1061 968 1140 Agrippina
1005 1066 1277 1121 libertam
1323 1065 1642 1136 aemulam,
1699 1071 1926 1124 nurum*

72 1153 379 1221 ancillam,
423 1151 652 1227 aliaque
689 1152 946 1207 eundem
966 1150 1026 1205 in
1053 1151 1298 1205 modum
1320 1150 1688 1208 muliebriter
1708 1151 1923 1208 freme-

74 1258 158 1297 re.
248 1256 470 1312 neque
506 1235 928 1309 poenitentiam
971 1235 1079 1290 filii
1126 1245 1227 1290 aut
1275 1235 1596 1291 satietatem
1645 1236 1922 1311 opperiri,

0 1320 8 1330 “
75 1332 410 1397 quantoque
473 1320 735 1376 foediora
805 1320 1229 1394 exprobrabat,
1313 1319 1505 1376 acrius
1573 1322 1922 1392 accendere,

76 1408 263 1482 donec
311 1405 374 1461 vi
426 1404 642 1460 amoris
697 1405 969 1462 subactus
1024 1416 1257 1461 exueret
1299 1405 1646 1480 obsequium
1689 1405 1756 1462 in
1795 1427 1924 1464 ma-

75 1502 255 1561 trem,
300 1509 474 1568 seque
510 1488 763 1547 Senecae
797 1490 1182 1566 permitteret:
1229 1509 1296 1546 ex
1330 1490 1496 1547 cuius
1530 1490 1922 1550 familiaribus

1087 1722 1361 1765 senioribus.
1406 1721 1484 1766 Sic
1504 1721 1635 1766 codd.
1646 1720 1780 1765 MSS.
1795 1721 1922 1766 Flor.

1031 1780 1081 1834 (t.
1103 1778 1220 1822 Vici.
1247 1797 1287 1823 c.
1309 1778 1449 1836 Pich.)
1483 1779 1602 1822 Bud.
1634 1782 1742 1836 Agr.
1772 1778 1922 1824 Guelf.

1033 1835 1210 1892 aliique,
1223 1838 1292 1879 ed.
1306 1835 1336 1878 S
1370 1837 1422 1880 ir.
1434 1865 1483 1873 -
1502 1836 1806 1880 severioribus
1818 1836 1923 1881 MS.

1033 1893 1164 1936 Bodl.
1193 1894 1292 1936 edd.
1363 1902 1423 1937 ut.
1449 1893 1518 1936 M.
1544 1901 1587 1936 et
1607 1891 1663 1935 V.
1688 1892 1793 1936 Ber.
1816 1894 1920 1938 Alc.

1033 1949 1175 1993 Rhen.
1216 1966 1315 2007 sqq.
1402 1950 1490 1994 Sed
1533 1950 1744 1993 seniores
1779 1951 1925 1994 amici

76 1729 256 1773 cantur,
316 1737 427 1779 quae
469 1737 548 1779 per
591 1737 730 1764 unum
777 1722 958 1765 vei-bum

74 1781 430 1837 coniunguntur.
501 1779 619 1821 Tum
644 1795 755 1825 vero
783 1779 827 1822 id
862 1796 960 1824 ver·

75 1838 184 1880 bum
218 1853 312 1879 non
337 1836 391 1878 ad
417 1836 504 1878 duo
528 1836 724 1880 subiecta
749 1837 963 1894 pertinet3

74 1895 150 1937 sed
182 1892 414 1950 suppletur
446 1894 500 1936 ad
536 1893 660 1950 prius
691 1894 960 1942 membrum,

73 1951 283 1994 scribitur
313 1950 368 1991 ad
398 1950 604 1993 alterum.
684 1949 760 1994 Sic
793 1951 859 2001 16,
890 1953 960 1994 20.

73 2023 192 2064 quae
207 2008 480 2048 eruciatibus
493 2015 835 2049 tormentorum
851 2010 961 2062 ipse,

67 2073 305 2120 patronus
333 2066 563 2116 eius—nece
587 2065 829 2107 immerita
858 2069 958 2108 lue-

73 2130 172 2165 ret:
204 2121 279 2163 ubi
303 2121 534 2164 cruciatus
557 2129 897 2165 tormentorum
919 2131 963 2166 et

71 2195 173 2221 nex
204 2179 443 2220 immerita
474 2179 556 2222 sibi
590 2178 785 2224 invicem
821 2195 960 2238 oppo-

74 2246 270 2287 nnntur3
323 2234 515 2278 alterum
560 2235 700 2294 priori
744 2237 961 2289 subiecto,

72 2293 258 2336 alterum
286 2292 527 2351 posteriori
553 2310 629 2352 per
651 2294 837 2336 verbum
859 2298 963 2337 lue-

71 2358 143 2393 ret
177 2349 368 2392 additur.
427 2349 592 2393 Eadem
627 2350 739 2393 ratio
778 2360 841 2394 est
871 2351 962 2395 loci

72 2407 251 2450 Sallust.
290 2406 386 2449 Cat.
422 2422 460 2450 c.
482 2407 549 2450 54.
585 2408 761 2451 Caesar
786 2411 960 2456 dando,

72 2467 389 2511 sublevando,
460 2465 769 2516 1'gnoscend0,·
846 2466 960 2507 Coto

71 2523 193 2563 nihil
237 2522 486 2575 largiundo
522 2521 727 2575 gloriam
764 2525 961 2576 adeptus

73 2583 199 2635 (nou
263 2579 463 2632 adepti).
556 2577 728 2621 Verum
798 2587 957 2621 nostro

70 2636 172 2680 loco
219 2650 360 2677 unum
402 2635 609 2693 idemque
655 2636 957 2692 praedicatum

70 2693 281 2743 habetur,
314 2693 436 2750 quod
470 2692 645 2744 serunt,
677 2694 956 2747 inrepserat,

70 2750 192 2809 quod
222 2758 271 2792 ut
295 2750 359 2793 sic
393 2750 440 2792 in
475 2766 600 2793 num.
631 2748 747 2807 sing.
779 2750 956 2793 duobus

0 2833 11 2847 2
68 2808 276 2850 subiectis
308 2808 535 2862 iungatur,
576 2807 756 2850 minime
789 2807 957 2864 patitur

67 2862 273 2908 latinitas.
334 2864 498 2906 Parum
521 2865 651 2906 etiam
679 2864 800 2909 iuvat
819 2863 956 2922 Lipsii

70 2920 322 2964 emendatio
345 2922 647 2973 irrepserant.
693 2921 806 2964 Nam
824 2937 955 2978 quae-

65 2980 193 3028 ritur,
222 2977 298 3035 qui
323 2976 411 3020 sint
431 2977 517 3027 illi,
549 2977 625 3036 qui
648 2994 740 3021 non
761 2978 955 3036 inrepse-

65 3036 184 3083 rint,
214 3043 263 3077 ut
287 3043 413 3077 antea
440 3034 645 3078 vidimus.
703 3035 855 3078 Valuit
890 3045 954 3078 ta-

66 3100 217 3135 tamen
249 3106 297 3134 ea
329 3090 547 3148 scriptura
581 3107 604 3134 a
627 3092 775 3149 Lipsio
811 3108 954 3150 usque

66 3149 120 3192 ad
152 3147 434 3200 Ernestium;
478 3148 644 3206 placuit
675 3149 808 3193 etiam
840 3150 953 3193 Bro-

66 3206 196 3249 terio.

123 3263 366 3304 obnitente.
447 3260 523 3304 Sic
556 3261 656 3304 MS.
688 3262 811 3306 Flor.
847 3263 949 3307 edd.

65 3320 186 3377 Spir.
219 3318 320 3361 Put.
354 3317 421 3359 M.
456 3327 498 3360 et
517 3317 572 3361 V.
597 3318 736 3361 Rhen.
763 3337 859 3379 sqq.
895 3343 951 3354 —

64 3378 294 3418 obtinente
325 3375 423 3419 edd.
458 3375 668 3419 Beroald.
707 3375 805 3421 Ale.
843 3394 947 3422 cuin

65 3434 165 3476 MS.
195 3431 343 3474 Guelf.

119 3490 393 3543 inrepserat.
454 3487 530 3532 Sic
553 3490 652 3532 MS.
680 3490 800 3535 Flor.
826 3493 942 3546 (test.

62 3545 210 3612 Vici).
263 3548 519 3600 irrepserat
544 3548 643 3592 edd.
669 3555 771 3593 vett.

1031 2007 1104 2050 hic
1127 2015 1419 2064 opponuntur
1430 2008 1792 2059 adulescentulis
1805 2010 1922 2051 omi·

1033 2065 1110 2108 cis.
1167 2068 1283 2107 Sunt
1307 2065 1438 2124 etiam
1457 2064 1664 2108 seniores
1687 2066 1833 2109 amici
1854 2066 1920 2118 14,

1033 2123 1102 2165 54.
1194 2121 1285 2164 Pro
1322 2124 1485 2165 amicis
1514 2121 1618 2165 MS.
1653 2120 1804 2165 Guelf.
1845 2124 1920 2166 dat

1033 2179 1252 2222 admissis
1263 2195 1279 2229 ,·
1315 2195 1401 2236 pro
1430 2195 1488 2223 ne
1513 2210 1554 2224 ..
1577 2180 1768 2237 quidem
1800 2179 1921 2225 idem

1031 2251 1113 2278 nec
1136 2268 1145 2278 .
1168 2266 1180 2278 .
1207 2237 1409 2293 quidem.

1076 2294 1189 2349 fato
1222 2297 1442 2349 quodam.
1513 2293 1616 2338 MS.
1645 2295 1768 2339 Flor.
1803 2295 1923 2352 (test.

1033 2349 1174 2407 vict.)
1191 2351 1330 2406 facto
1355 2355 1584 2408 quodam,
1614 2351 1786 2396 vitiose.

1031 2412 1321 2507 Μὲᾝῖἷῗ·
1334 2408 1655 2522 0u2E22¹12121⁸P³“
1707 2418 1752 2452 ‘³‘
1792 2411 1918 2467 ‘'¹⁶²'’

1089 2522 1280 2564 inlicita.
1363 2523 1439 2566 Sic
1481 2523 1584 2566 MS.
1625 2521 1752 2569 Flor.
1802 2526 1920 2580 (test.

1031 2578 1173 2678 {icti}
1240 2579 1400 2623 illicita
1433 2580 1536 2625 edd.
1559 2587 1661 2624 vett.
1684 2597 1791 2627 eum
1814 2581 1917 2629 MS.

1078 2652 1128 2677 ue
1173 2668 1182 2679 .

1084 2694 1381 2737 abhorrebat.
1472 2692 1556 2740 Ed.
1589 2693 1780 2742 Bekkeri
1824 2700 1918 2741 od-

1028 2751 1261 2793 horrebat.

1084 2809 1483 2863 metuebaturque.
1540 2807 1625 2854 Ed.
1655 2809 1777 2869 Spir.
1809 2829 1917 2856 me-

1028 2866 1320 2920 tuebantque.

1084 2922 1193 2965 CAP.
1232 2921 1298 2964 13.
1378 2923 1594 2978 opperiri.
1671 2925 1752 2969 Ed.
1794 2926 1914 2984 spir.

1025 2980 1223 3078 ‘ge'ffl'
1279 2978 1343 3023 uti
1384 2982 1512 3025 solet.
1606 2980 1682 3028 Sic
1722 2991 1766 3027 et
1809 2985 1912 3031 MS.

1073 3051 1126 3077 ue
1171 3067 1182 3078 .

1081 3095 1340 3136 accendere.
1401 3092 1501 3138 MS.
1530 3095 1655 3141 Flor.
1678 3094 1739 3154 '(t.
1771 3098 1908 3158 Vici.)

1025 3149 1093 3191 ed.
1120 3149 1238 3207 Spir.
1261 3156 1550 3196 accenderet.

1081 3210 1130 3248 ω’
1149 3208 1338 3250 arnor-is.
1397 3209 1481 3251 Ed.
1507 3211 1622 3268 Spir.
1647 3212 1698 3254 in
1722 3214 1910 3268 amoris,

1024 3264 1196 3321 vulgari
1225 3265 1505 3309 confusione.

1078 3336 1214 3376 seque
1239 3321 1443 3365 Senecae
1459 3324 1761 3376 permitteret.
1802 3327 1904 3372 MS.
1935 3342 1938 3346 ⁴

1022 3377 1144 3420 Flor.
1167 3379 1280 3432 (test.
1297 3378 1439 3436 Pieh.)
1466 3395 1603 3437 seque
1625 3398 1745 3435 nece,
1776 3392 1908 3443 atque

1018 3529 1032 3534 -
1143 3523 1152 3533 .
1289 3524 1300 3534 .
1377 3511 1383 3516 ’
1445 3527 1455 3538 .
1563 3513 1575 3538 ‹
1610 3527 1622 3540 .
1671 3513 1727 3541 es.
1785 3514 1846 3540 un
1881 3515 1905 3542 e

1017 3548 1116 3594 edd.
1153 3547 1253 3593 Put.
1282 3549 1348 3595 M.
1383 3559 1424 3595 et
1449 3552 1502 3598 V.
1534 3552 1635 3598 Ber.
1668 3531 1930 3615 (efsilentr
