2164 3990
196 254 245 289 A.
261 253 311 289 u.
323 250 408 293 effi.

195 296 309 334 A..c.
344 293 406 328 63.

680 253 855 314 LIB.
889 253 1021 318 XV.
1097 250 1209 312 CA
1225 253 1289 315 P.
1327 257 1386 313 2.
1839 258 1966 319 327

111 379 360 459 „Boutta
423 395 620 441 ⁴vetera
687 383 936 438 fratrum
1000 383 1135 439 odia
1203 394 1259 440 et
1324 385 1642 441 certamina
1701 388 1958 445 familiae

107 478 655 545 „nostraepenates
679 467 788 524 rite
817 468 1227 542 composuisse.
1286 463 1605 542 prohibent
1616 467 1877 528 Romani
1903 486 1960 530 et

106 575 352 632 „pacem
367 572 679 629 nunquam
706 551 848 627 ipsis
872 572 1150 626 prospere
1174 553 1497 610 lacessitam
1518 560 1689 610 'nunc
1725 577 1959 634 quoque

105 643 218 712 „in
243 639 484 697 exitium
507 657 680 694 suum
707 637 1086 712 abrumpunt.
1170 635 1307 701 Non
1332 637 1431 695 ibo
1460 638 1711 709 inficiaS‚
1754 644 1958 718 aequi—

106 738 268 797 „tate
301 744 480 801 ‚quam
523 721 840 795 sanguine,
882 742 1051 778 causa
1079 741 1256 798 quam
1290 722 1469 779 armis
1502 725 1753 781 retinere
1789 740 1954 800 parta

104 809 470 882 „maioribus
504 809 848 869 malueram.
945 807 995 862 si
1031 806 1402 863 cunctatione
1438 808 1691 885 deliqui,
1736 808 1958 869 virtute

103 882 451 968 „corrigam.
538 891 747 949 Vestra
780 891 1021 968 quidem
1045 891 1134 948 vis
1171 902 1227 947 et
1260 892 1446 964 gloria
1483 893 1549 949 in
1583 894 1810 968 integro
1830 909 1951 967 .est‚

100 980 344 1051 „addita
373 979 691 1040 modestiae
715 978 901 1046 fama,
944 996 1092 1053 quae
1117 996 1309 1052 neque
1337 978 1581 1035 summis
1608 981 1950 1038 mortalium

31 1085 38 1097 ·
100 1065 473 1141 „spernenda
507 1074 591 1120 est
626 1074 683 1119 et
715 1052 890 1118 a-diis
922 1061 1278 1120 aestimatur.
1292 1060 1318 1123 ,”
1397 1061 1596 1120 Simul
1614 1065 1947 1124 'diademate
1974 1113 1978 1118 ,

101 1161 274 1226 caput
297 1147 602 1211 ‚Tiridatis
652 1146 901 1216 evinxit‚
977 1157 1313 1221 promptam
1371 1147 1948 1223 equitum·‹manum,

100 1256 249 1312 quae
285 1253 478 1307 regem
515 1254 583 1289 ex
618 1251 780 1289 more
815 1241 1096 1300 sectatur,
1149 1229 1390 1287 Monesi
1424 1233 1616 1289 nobili
1656 1236 1792 1296 viro
1822 1239 1946 1309 tra-7

97 1321 250 1377 didit
274 1319 512 1375 adiectis
524 1314 973 1374 Adiabenorum
1001 1315 1260 1385 auxilii5‚
1300 1319 1719 1396 mandavitque
1735 1319 1946 1395 Tigra-

96 1425 233 1460 nem
254 1399 538 1461 Armenia
563 1401 888 1470 exturbari,
932 1402 1075 1457 dum
1101 1401 1224 1475 ipse
1250 1402 1456 1476 positis
1482 1404 1760 1462 adversus
1783 1405 1945 1484 Hyr-

95 1508 270 1565 canos
304 1487 614 1545 discordiis
648 1487 801 1543 vires
837 1486 1075 1543 intimas
1113 1487 1446 1565 molemque
1478 1489 1623 1546 belli
1660 1490 1773 1548 ciet
1803 1512 1945 1567 pro-

94 1574 302 1630 vinciis
324 1570 616 1633 Romanis
650 1571 949 1630 minitanS.

149 1830 194 1864 et
244 1823 520 1866 certamina.
607 1822 671 1865 Ita
722 1821 978 1882 emendavit
1046 1831 1244 1876 ptumm
1265 1825 1455 1880 aequitii
1482 1832 1643 1867 mnut'c.
1702 1825 1804 1869 MS.
1830 1823 1939 1885 Reg.

90 1879 356 1931 Rhenanus,
416 1881 635 1923 incertum
674 1887 740 1922 est
773 1895 830 1922 an
863 1879 979 1922 duce

91 1937 192 1984 MS.
231 1937 349 1981 Bud.
436 1937 552 1980 Nam
598 1938 693 1994 ipse
741 1944 783 1980 et
825 1935 976 1979 Ober-

90 1993 209 2037 linus
240 2002 401 2039 tacent.
481 1994 566 2038 Ed.
593 1994 709 2052 Spir.
746 2003 792 2036 et
821 2001 978 2036 certa-

89 2065 199 2093 men
236 2053 284 2094 in
315 2060 528 2110 corrupte
563 2068 646 2109 pro
681 2059 725 2093 et
755 2050 974 2093 certami-

85 2123 166 2150 na.
245 2107 382 2152 MSS.
404 2108 524 2152 Harl.
548 2108 679 2152 Bodl.
710 2107 788 2150 les.
820 2106 974 2150 Guelf.

88 2164 189 2209 edd.
222 2165 323 2209 Put.
357 2165 424 2208 M.
459 2174 502 2208 et
525 2167 579 2210 V.
607 2165 812 2208 Beroald.
850 2167 972 2219 (eum

86 2222 231 2268 silent.
250 2223 388 2280 Vict.)
409 2225 509 2284 Alc.
535 2231 579 2266 et
600 2231 857 2286 certamen.

138 2303 350 2361 penates.
409 2296 552 2350 'Edd.
589 2304 693 2349 Put.
729 2311 971 2360 poenates,

85 2363 158 2416 hic
180 2372 224 2425 eft
247 2364 367 2428 3Ιίὴίἲ
388 2417 393 2421 s

136 2462 377 2502 nunquam
400 2447 528 2499 ipsis.
591 2446 665 2490 Sic
688 2446 822 2490 MSS.
845 2448 881 2490 F
886 2447 969 2489 lor.

86 2506 199 2557 (test.
230 2503 365 2561 Viet.)
399 2503 553 2548 Guelf.
584 2531 643 2540 —-
700 2505 812 2556 ipsis
844 2518 970 2546 nun-

85 2577 226 2617 quam
246 2561 348 2604 edd.
370 2561 489 2619 Spir.
516 2560 621 2604 Put.
645 2560 711 2604 Μ.
733 2569 775 2604 et
797 2560 853 2603 V.
881 2561 970 2604 Be-

84 2618 226 2663 roald.
250 2617 352 2665 Alc.
372 2618 523 2662 Rhen-
549 2634 644 2676 sqq.
734 2618 822 2661 Sed
859 2618 971 2661 illud

83 2677 275 2720 rectius=
325 2693 430 2720 nam
478 2677 680 2734 opposita
712 2685 816 2719 sunt
844 2691 972 2719 nun-

85 2748 229 2787 quam
255 2741 299 2777 et
317 2748 441 2776 nunc
467 2749 659 2790 quoque.

140 2816 188 2856 in
241 2817 439 2858 exitium
488 2831 643 2859 suum.
743 2816 820 2859 Sic
864 2815 967 2860 MS.

86 2871 235 2914 Guelf.
268 2873 370 2915 edd.
396 2872 496 2916 Put.
521 2874 588 2917 M.
614 2881 655 2916 et
681 2871 734 2917 V.
759 2873 965 2916 Beroald.

83 2929 184 2972 Alc.
217 2929 358 2971 Rben.
394 2945 492 2988 sqq.
533 2958 592 2966 --
662 2932 710 2971 in
740 2931 967 2973 absitium

84 3000 224 3028 suum
247 2986 347 3029 MS.
377 2986 498 3029 Flor.
529 2991 649 3042 (test.
676 2987 812 3043 Vici.)
835 2997 877 3030 et
900 2987 967 3030 ed.

86 3043 201 3157 {fg-u
235 3069 290 3076 —
343 3059 430 3098 per
455 3046 677 3087 obsidium
704 3059 843 3087 suum
866 3044 968 3088 MS.

144 3183 192 3224 in
216 3183 397 3238 integro
420 3191 503 3226 est.
564 3183 665 3227 MS.
693 3184 807 3227 Bud.
846 3202 868 3230 a
898 3201 967 3244 pr.

82 3255 142 3281 m.
170 3241 353 3294 integra
374 3248 455 3283 est.
517 3240 604 3283 Sed
636 3241 696 3286 cf.
722 3241 763 3291 3,
787 3244 855 3286 50.

141 3324 437 3365 aestimatur.
517 3324 600 3368 Ed.
635 3325 753 3383 Spir.
793 3335 835 3369 et
866 3327 970 3370 MS.

87 3377 234 3421 Guels.
274 3381 550 3424 extimatur.
611 3382 672 3426 cf.
699 3391 791 3426 not.
822 3384 874 3426 ad
906 3383 972 3434 13,

88 3434 154 3476 17.

142 3527 278 3572 caput
306 3520 527 3564 Tiridatis
549 3523 726 3565 evinxie
749 3530 836 3565 etc.
889 3521 972 3565 Ed.

87 3575 199 3631 Spir.
219 3585 352 3630 caput
368 3579 551 3621 evinxit
569 3579 802 3622 Tiridates
816 3594 972 3633 prom-

1049 1895 1132 1938 pro
1168 1882 1350 1924 evinxit
1377 1881 1508 1925 habet
1549 1883 1723 1934 einxitJ
1785 1882 1939 1928 Guelf.

1048 1942 1201 1991 capud
1218 1955 1301 1996 pro
1325 1946 1479 1993 caput.

1102 2030 1324 2066 sectatur.
1352 2074 1354 2076 Ι
1384 2021 1459 2064 Sic
1484 2021 1619 2066 MSS.
1651 2021 1779 2067 Flor.
1818 2025 1946 2079 (tesu

1048 2078 1164 2122 Vict.
1200 2095 1241 2122 c.
1275 2076 1610 2132 lam-Gronov.)
1644 2077 1756 2138 Reg.
1793 2080 1932 2127 Corb.

1045 2136 1146 2179 edd.
1172 2137 1298 2194 Spir-
1316 2136 1402 2180 Iac.
1421 2134 1622 2187 Gronov,
1642 2136 1815 2182 Ernest.
1836 2156 1935 2198 sqq.

1044 2219 1100 2227 —-
1127 2197 1392 2237 sectabatur
1408 2193 1541 2236 MSS.
1556 2193 1680 2238 Harl.
1703 2195 1834 2239 Bodl.
1848 2193 1935 2242 les.

1043 2251 1159 2294 Bud.
1184 2249 1336 2294 Guelf.
1364 2250 1466 2294 edd.
1494 2251 1594 2294 Put¹
1619 2252 1686 2296 M.
1709 2262 1752 2296 et
1778 2253 1834 2296 V.
1855 2254 1932 2303 Be·

1043 2308 1187 2352 roald.
1213 2309 1314 2352 Alc.
1337 2307 1481 2370 Rhegi.
1509 2325 1607 2367 sqq.

1100 2392 1465 2436 Adiabenorum.
1520 2391 1605 2436 Ed.
1639 2393 1758 2452 Spir.
1790 2397 1937 2439 Adie-

1043 2451 1284 2491 benorum.
1619 2466 1623 2471 ·

1099 2533 1358 2590 exturbari.
1421 2527 1496 2577 Sic
1515 2533 1650 2578 MSS.
1662 2534 1789 2580 Harl.
1803 2535 1932 2583 Bodl.

1042 2587 1126 2631 les.
1151 2588 1436 2632 Guelf.‘ed'd.
1456 2590 1572 2652 pus.
1603 2593 1738 2646 M.„et
1761 2592 1818 2636 V.
1845 2593 1939 2638 Be·'

1042 2644 1184 2689 roald.
1210 2646 1330 2700 (cum
1352 2646 1499 2700 silent.
1526 2647 1661 2706 vict.)
1690 2650 1792 2694 Alc.
1809 2649 1937 2695 Rhe--¹

1043 2718 1148 2745 nan.
1173 2719 1222 2760 sq
1262 2734 1271 2745 .
1302 2731 1362 2740 --
1421 2707 1642 2749 exturbat
1666 2707 1803 2753 MSS.
1818 2700 1934 2776 Bag-t

1042 2760 1179 2804 Corb.
1204 2718 1273 2802 ed.
1296 2761 1414 2819 Spir.
1442 2763 1562 2805 unde
1578 2762 1784 2808 Ernestio
1807 2775 1933 2815 vemt

1040 2815 1469 2918 {uspiciotTatlztitum
1503 2819 1733 2921 s<t3ripbsisse
1759 2831 1928 2924 exssur-

1069 2889 1091 2915 e
1125 2906 1149 2923 ,,
1178 2889 1233 2917 au
1284 2891 1328 2918 sa
1368 2891 1436 2918 em
1467 2891 1532 2918 ex
1553 2893 1610 2921 ur
1640 2893 1742 2924 are.
1855 2898 1927 2925 er-

1039 2947 1206 2990 peram.
1930 2940 1934 2945 ’

1095 3027 1281 3081 positis.
1370 3028 1445 3072 Sic
1482 3028 1586 3072 MS.
1631 3029 1781 3076 Guelf.
1823 3034 1934 3078 edd.-

1043 3085 1073 3128 S
1107 3084 1158 3128 ir.
1183 3084 1287 3128 Put.
1316 3085 1387 3129 M.
1413 3093 1455 3127 et
1479 3084 1536 3131 V.
1565 3086 1774 3144 Beroald.
1803 3091 1925 3147 (cum

1042 3102 1185 3185 siient.
1210 3141 1348 3196 Vict.)
1383 3143 1483 3185 Alc.
1513 3172 1571 3180 -
1628 3146 1730 3189 MS.
1756 3148 1870 3192 Bud.
1905 3167 1927 3193 a

1043 3216 1112 3256 pr.
1137 3215 1197 3241 n».
1224 3201 1473 3253 depositis,
1501 3216 1525 3244 a
1547 3217 1633 3245 sec.
1655 3219 1714 3246 m.
1739 3219 1933 3260 compo-

1041 3257 1165 3304 sitis,
1197 3257 1317 3312 quod
1340 3257 1579 3300 Rhenanus
1603 3259 1800 3307 ediderat
1823 3275 1929 3308 cum

1044 3329 1168 3369 seqq.
1233 3313 1444 3357 Veterem
1471 3316 1740 3374 scripturam
1756 3319 1933 3379 Lipsius

1044 3370 1206 3423 (1574.)
1233 3371 1448 3428 reposuit.
1524 3373 1599 3416 Sic
1625 3389 1801 3428 ponere
1832 3379 1927 3422 bel-

1044 3430 1142 3468 lum
1165 3426 1276 3470 Hist.
1300 3430 1342 3476 2,
1365 3429 1434 3472 52.
1462 3436 1506 3471 et
1528 3430 1648 3474 alibi.

1098 3524 1364 3575 provinciis.

1046 3581 1138 3623 liis.
1447 3525 1530 3575 Ed.
1573 3527 1690 3586 Spir.
1730 3515 1928 3583 provia-
