2164 3990
1122 59 1144 86 <p

1798 227 1922 265 Λευ.
1947 230 2031 265 818.

1800 275 1853 307 Α.
1879 271 1926 308 C.
1971 273 2032 309 6⁵.

260 230 383 291 372
927 226 1443 289 ANNALIUM
1548 251 1553 260 “

262 360 505 437 quidam
569 359 798 415 amissis
861 355 1140 413 omnibus
1193 357 1466 415 fortunis
1489 404 1507 429 ,
1600 360 1803 417 diurni
1883 382 2120 440 quoque

262 444 485 514 victus,
526 443 631 500 alii
675 443 915 500 caritate
953 458 1235 511 suorum,
1289 462 1436 518 quos
1469 444 1694 520 eripere
1717 447 2124 523 nequiverant,

262 529 531 606 quamvis
576 538 814 604 patente
854 525 1073 600 effugio
1115 525 1411 588 interiere.
1506 527 1628 588 Nec
1664 527 1978 608 quisquam
2013 534 2120 589 de—

257 615 498 694 fendere
555 613 837 679 audebat,
900 610 1119 668 crebris
1165 611 1492 670 multorum
1535 615 1717 674 minis
1760 616 2120 690 restinguere¹

257 696 738 780 prohibentium,
791 707 866 753 et·
890 696 1031 773 quia
1065 696 1170 752 alii
1201 696 1400 771 palam
1428 699 1581 756 faces
1617 700 1908 759 iaciebant
1945 714 2119 779 atque

261 804 384 842 esse
411 785 526 842 sibi
559 794 858 840 auctorem
889 781 1394 851 vociferabantur,
1436 782 1561 840 sive
1597 796 1665 842 ut
1697 799 1898 861 raptus
1933 787 2120 844 licen-

259 871 377 928 tius
412 878 772 938 exercerent,
802 886 917 923 >seu
948 866 1131 926 iussu·
1912 896 1915 901 ·

423 950 709 1012 XXXIX.
796 949 888 1008 Eo
936 951 1001 1007 in
1047 963 1310 1026 tempore
1355 950 1512 1011 Nero
1560 947 1729 1010 Antii
1775 973 1950 1029 agens
1992 979 2118 1015 non

257 1052 391 1098 ante
427 1040 493 1095 in
524 1039 737 1096 urbem
772 1057 1077 1111 regressus
1106 1049 1190 1093 est
1218 1057 1397 1114 quam
1433 1038 1639 1095 domui
1666 1039 1818 1108 eiuS,
1865 1062 1980 1117 qua
2009 1065 2118 1118 pa-

256 1126 467 1183 latium
514 1135 570 1180 et
597 1122 959 1181 Maecenatis
1008 1119 1211 1180 hortos
1256 1123 1730 1193 continuaverat,
1787 1125 1942 1199 ignis
1975 1147 2118 1201 pro-

253 1212 588 1287 pinquaret.
646 1228 867 1286 ‚neque
895 1220 1094 1265 tamen
1131 1207 1257 1265 sisti
1291 1209 1515 1282 potuit,
1559 1208 1707 1285 quin
1743 1220 1799 1266 et
1832 1211 2117 1286 palatium

257 1308 313 1353 et
351 1297 563 1352 domus
599 1305 655 1350 et
694 1306 901 1352 cuncta
942 1294 1163 1350 circum
1198 1290 1596 1353 haurirentur.
1684 1293 1802 1351 Sed
1842 1296 2115 1354 solatium

252 1381 474 1457 populo
517 1380 821 1436 exturbato
867 1391 922 1435 et
966 1380 1214 1454 profugo
1259 1399 1530 1454 campum
1569 1378 1782 1437 Martis
1815 1401 1879 1436 ac
1919 1383 2117 1438 moni-

252 1477 453 1525 menta
495 1461 827 1539 Agrippae,
884 1460 1090 1520 hortos
1128 1464 1275 1540 quin
1310 1464 1486 1521 etiam
1520 1484 1656 1521 suos
1703 1465 2000 1539 patefecit,
2054 1481 2111 1524 et

253 1551 539 1610 subitaria
574 1550 836 1617 aedificia
867 1548 1177 1617 exstruxit,
1221 1569 1371 1625 quae
1397 1550 1842 1607 multitudinem
1874 1551 2113 1627 inopem

252 1637 608 1712 acciperent:
653 1635 1044 1712 subvectaque
1067 1634 1346 1690 utensilia
1373 1635 1446 1689 ab
1475 1630 1646 1691 Ostia
1676 1645 1731 1691 et
1761 1635 2113 1714 propinquis

250 1722 626 1797 municipiiS,
693 1721 1068 1796 pretiumque
1127 1720 1411 1776 frumenti
1458 1720 1759 1777 minutum
1806 1739 1992 1797 usque
2039 1725 2113 1778 ad.

248 1821 450 1866 ternos
485 1826 780 1865 nummos,
869 1803 1037 1878 Quae
1064 1825 1405 1882 quanquam
1435 1806 1745 1881 popularia
1771 1805 1835 1860 in
1863 1805 2111 1864 inritum

251 1895 564 1967 cadebant,
614 1891 754 1969 quia
787 1903 1120 1966 pervaserat
1158 1911 1364 1948 rumor
1398 1891 1525 1965 ipso
1563 1902 1828 1968 tempore
1859 1891 2114 1966 flagran-

306 2125 474 2169 diurm'
490 2137 671 2182 quoque
694 2125 853 2167 victus.
914 2123 1146 2167 Ernestius
1220 2124 1322 2171 Ber.
1348 2123 1406 2176 (c.
1430 2121 1499 2163 sil.
1527 2124 1559 2159 V
1568 2123 1662 2178 iet.)
1698 2124 1795 2167 Alc.
1832 2122 1978 2169 Rhen.
2007 2142 2105 2183 sqq.

251 2183 352 2228 vult
393 2184 556 2226 diurni
587 2182 747 2236 inopia
782 2184 957 2233 victus;
1019 2182 1143 2223 Bro-

249 2240 388 2284 teriu's
418 2243 590 2282 diurno
625 2254 805 2295 quoque
837 2242 974 2282 victu.
1056 2239 1142 2281 Sed

248 2297 359 2342 nihil
379 2298 647 2341 mutandum
672 2299 764 2339 eSse
785 2297 899 2340 bene
921 2297 1030 2340 vidit
1044 2296 1142 2339 Hil-

250 2355 385 2399 lerus.
464 2354 516 2396 In
535 2353 747 2409 fortunis
785 2354 887 2397 latet
918 2353 1044 2397 notio
1074 2353 1145 2395 fa-

249 2412 467 2456 cultatum
492 2411 643 2454 omnis
662 2411 861 2469 generis,
899 2427 1012 2468 quae
1032 2427 1140 2469 sup-

178 2483 180 2485 ·
248 2469 410 2527 plenda
431 2477 496 2512 est
514 2469 569 2512 ad
591 2468 836 2526 genitivum
851 2469 1013 2512 diurni
1029 2485 1144 2525 quo-

250 2543 334 2583 que
358 2529 519 2570 victus.

304 2599 628 2654 nequiverant.
698 2596 834 2641 MSS.
865 2597 981 2640 Bud.
1010 2596 1143 2640 Bodl.

247 2657 514 2712 nequirant.
575 2654 713 2700 MSS.
738 2654 864 2700 Harl.
882 2654 966 2699 les.
986 2653 1142 2698 Guelf.

247 2714 542 2770 nequierant.

306 2785 544 2827 interiere.
608 2783 742 2827 MSS.
763 2783 874 2843 Reg.
902 2783 1141 2828 Corb.1es.

247 2842 455 2885 interire.

299 2912 671 2968 prohibentium.
729 2912 832 2957 MS.
847 2905 1001 2956 Guelf.
1020 2925 1138 2966 pro-

247 2968 457 3013 bibitum.

306 3054 402 3084 esse
432 3041 532 3084 sibi.
598 3038 735 3085 MSS.
758 3040 872 3099 Reg.
901 3039 1040 3084 Corb.
1073 3040 1142 3084 ed.

249 3095 369 3156 Spir.
391 3098 479 3140 sibi
497 3111 613 3142 esse.

303 3155 694 3212 vocfferabantur.
774 3153 854 3200 ‘Sic
896 3154 998 3198 edd.
1033 3152 1138 3200 Put.

247 3211 318 3257 M.
342 3220 387 3257 et
408 3211 463 3257 V.
485 3212 590 3256 Ber.
621 3215 680 3269 (c.
705 3212 856 3258 silent.
877 3212 1015 3268 Vict.)
1037 3212 1137 3256 Alc.

246 3269 390 3314 Rhen.
412 3286 514 3329 sqq.
542 3298 617 3306 --
657 3271 978 3328 vociferabant
1000 3269 1136 3318 MSS.

246 3325 358 3384 Reg.
373 3326 512 3371 Con-b.
537 3328 608 3371 ed.
631 3327 751 3385 spir.
775 3356 834 3364 --
874 3327 1137 3384 voctferan-

248 3390 325 3425 tur
345 3384 450 3428 MS.
476 3385 592 3430 Bud.
623 3401 648 3428 a
679 3401 748 3453 pr.
780 3401 934 3428 manu.
964 3408 1025 3418 -—
1082 3385 1139 3428 In

249 3438 406 3484 Guelf.
444 3453 569 3485 nunc
610 3442 774 3501 legttur
817 3442 1139 3497 meisa-ebant,

246 3497 384 3565 erasis
425 3498 545 3556 siglis
568 3514 629 3542 w·
649 3502 684 3544 si
717 3499 1020 3545 nifieantibus.

299 3566 449 3600 mssa.
519 3555 596 3601 Sic
621 3557 678 3601 ed
713 3589 725 3602 .
761 3556 867 3603 Put.
900 3557 970 3603 M.
1003 3565 1045 3602 et
1076 3557 1134 3602 V.

1216 2209 1274 2216 --
1315 2182 1494 2222 iussum
1526 2180 1660 2234 MSS.
1697 2180 1809 2238 Reg.
1846 2180 2000 2231 Guelf.
2037 2185 2106 2226 ed.

1217 2238 1333 2296 Spir.
1403 2235 1592 2279 Huetius
1617 2237 1798 2283 volebat
1825 2239 1949 2283 iussi.
2018 2240 2107 2284 Pa·

1217 2311 1318 2338 rum
1371 2293 1571 2337 interest.
1660 2294 1904 2352 Vulgatum
1957 2306 2105 2342 tamen

1219 2352 1385 2410 optime
1411 2350 1569 2395 Tacito
1595 2353 1820 2396 convenit.

1275 2410 1387 2454 CAP.
1418 2407 1488 2452 39.
1555 2409 1627 2452 Eo
1656 2410 1705 2451 in
1738 2418 1963 2464 tempore.
2034 2412 2108 2456 Sic

1222 2466 1288 2516 13,
1307 2467 1377 2510 47.
1402 2466 1451 2508 in
1481 2481 1536 2508 eo
1562 2473 1770 2522 tempore
1783 2484 1800 2519 ,·
1838 2468 1905 2516 16,
1923 2468 1997 2512 26.
2021 2471 2111 2510 tali

1217 2526 1266 2566 in
1309 2533 1532 2578 tempore.
1609 2523 1790 2567 Frustra
1825 2524 1960 2582 igitur
1991 2524 2106 2570 Gro-

1215 2582 1330 2626 tius:
1362 2581 1431 2623 Eo
1455 2582 1581 2624 enim
1607 2589 1832 2636 tempore.

1270 2652 1509 2694 regressus
1532 2646 1616 2682 est.
1674 2638 1727 2682 Iu
1748 2639 1817 2683 ed.
1831 2639 1950 2697 Spir.
1975 2641 2102 2683 omit-

1212 2697 1323 2740 titur
1353 2704 1437 2739 est.
1519 2695 1688 2740 Eadem
1729 2713 1832 2740 mox
1869 2704 1914 2738 et
1941 2700 2104 2740 domos

1212 2761 1363 2854 Pfoset
1383 2757 1560 2853 tdomuffiz
1633 2749 1878 2855 De3d1⁰mo
1902 2756 2103 2798 Nermu's

1213 2828 1238 2855 c
1260 2842 1272 2855 .
1330 2826 1383 2854 ue
1410 2825 1484 2853 on.
1555 2826 1617 2854 er.
1650 2827 1692 2854 c.
1773 2844 1784 2856 .

1268 2882 1415 2925 neque
1434 2875 1595 2911 tamen
1616 2869 1718 2910 sisti
1729 2885 1778 2924 p.
1838 2869 1925 2914 MS
1951 2869 2101 2915 Gueu'.

1213 2940 1361 2982 neque
1382 2926 1485 2968 sisti
1503 2932 1662 2968 tamen
1677 2941 1726 2980 ρ.

1269 2991 1314 3026 et
1331 2977 1548 3038 profugo.
1610 2983 1688 3026 Sic
1712 2983 1813 3030 edd.
1832 2982 1978 3030 Rhen.
2002 3003 2022 3030 s
2057 3003 2101 3043 q.

1214 3065 1267 3075 —
1296 3039 1415 3083 Edd.
1451 3039 1570 3100 Spir.
1606 3039 1706 3084 Put.
1733 3058 1832 3100 sqq.
1862 3058 1966 3086 cum
2051 3047 2100 3088 S.

1215 3097 1365 3142 Guelf.
1382 3113 1438 3140 ac
1446 3097 1667 3155 profuga.
1698 3096 1770 3142 De
1788 3101 1978 3151 monim.
1994 3103 2098 3160 Agr.

1213 3155 1275 3200 cf.
1298 3155 1388 3199 Dio
1414 3154 1482 3204 54,
1503 3155 1576 3200 28.

1266 3212 1513 3257 subitaria.
1575 3213 1657 3258 Ed.
1676 3211 1796 3271 Spir-
1819 3217 1987 3259 subita.

1267 3271 1538 3325 municipale.
1597 3269 1697 3314 MS.
1717 3269 1834 3314 Bud.
1859 3273 2096 3331 beneficiis.

1267 3329 1479 3371 inritum.
1557 3326 1633 3373 ste
1662 3326 1764 3373 MS.
1807 3325 1932 3373 Flor.
1979 3331 2096 3386 (test.

1209 3384 1250 3424 V
1254 3385 1366 3442 iet.).
1381 3409 1439 3420 --
1469 3386 1656 3429 irritum
1678 3385 1778 3429 edd.
1801 3393 1903 3431 vett.
1928 3403 1969 3438 e.
1990 3389 2096 3433 cod.

1211 3438 1366 3488 Guelf.

1262 3509 1537 3554 pervaserat
1584 3515 1765 3557 rumor.
1862 3501 1941 3547 Sic
1992 3505 2095 3549 MS.

1207 3558 1327 3604 Bud.
1363 3557 1463 3603 edd.
1498 3557 1601 3603 Pus,
1636 3558 1704 3601 M.
1737 3566 1777 3602 et
1801 3556 1856 3604 V.
1890 3560 2094 3608 Beroatd.
