2164 3990
1794 178 1843 215 Α.
1861 178 1914 215 u.
1930 177 2019 216 ιω.

1797 221 1927 274 ωε,κ
1954 221 2017 260 so.

199 179 323 259 ‘82
910 166 1425 236 ANNALmM

243 327 358 385 que
388 305 563 364 altius
591 305 1030 362 turres-facibus
1051 313 1226 380 atque
1250 300 1434 363 hastis
1467 307 1788 370 turbabant
1818 314 2106 378 obsessos.
2146 303 2150 305 ’

243 413 310 450 ac
343 392 408 447 ni
441 391 737 467 proelium
783 410 902 447 nox
947 389 1304 460 diremisset,
1368 403 1572 468 coepta
1617 405 1960 476 patrataque
2004 419 2106 458 ex—

246 477 527 554 pugnatio
553 477 808 533 eundem
832 475 987 530 intra
1014 473 1173 530 diem
1199 474 1371 549 foret.
1740 500 1742 506 ’

413 585 609 647 XVII.
670 585 914 644 Postero
963 583 1175 640 misere
1206 585 1425 660 legatos
1463 590 1698 647 veniam
1736 591 1942 651 liberis
1970 617 2107 654 cor-

242 674 489 750 poribus
519 683 777 729 orantes:
822 669 1046 726 servitii
1068 670 1268 726 decem
1290 673 1481 731 millia
1510 670 1862 738 offerebant.
1942 684 2105 757 quod

245 758 542 836 aspernati
577 768 716 814 sunt
750 756 1035 825 victores,
1079 755 1218 831 quia
1253 758 1549 816 trucidare
1585 761 1814 820 deditos
1850 783 2106 836 saevum,

242 856 468 901 tantam
490 841 938 900 multitudinem
959 840 1226 897 custodia
1267 841 1497 916 cingere
1535 847 1816 918 arduum,
1856 861 1925 907 ut
1958 851 2105 907 belli

241 930 440 1006 potius
488 928 616 984 iure
665 927 956 984 caderent.
1054 925 1375 1002 datumque
1418 929 1738 1001 militibus,
1793 935 1898 1010 qui
1934 936 2105 993 scalis

240 1023 579 1082 evaserant,
635 1011 870 1085 signum
920 1011 1131 1072 caedis,
1230 1007 1480 1069 Excidio
1518 1012 1876 1090 Uspensium
1913 1033 2106 1078 metus

245 1100 449 1158 ceteris
474 1098 724 1154 iniectus
745 1092 902 1152 nihil
935 1107 1130 1152 tutum
1157 1097 1329 1167 ratiS‚
1370 1118 1506 1155 cum
1533 1120 1723 1171 arma,
1764 1104 2108 1162 munimen.

243 1199 334 1255 ta,
374 1177 645 1259 impediti
670 1182 763 1238 vel
787 1182 1109 1238 eminentes
1133 1181 1249 1237 loci
1285 1203 1603 1260 amnesque
1642 1198 1698 1243 et
1733 1189 1910 1245 urbes
1943 1189 2105 1249 iuxta

241 1278 786 1347 perrumperentur.
897 1263 1085 1340 Igitur
1131 1265 1408 1324 Zorsines
1454 1269 1559 1327 diu
1599 1272 1918 1348 pensitato,
1981 1274 2108 1332 Mi-

242 1352 595 1414 thridatisne
638 1353 814 1410 rebus
866 1352 1137 1409 extremis
1183 1372 1259 1408 an
1306 1354 1496 1428 patrio
1531 1374 1712 1428 regno
1755 1360 2108 1431 consuleret,

240 1451 553 1517 postquam
600 1438 929 1514 praevaluit
978 1437 1215 1511 gentilis
1260 1438 1516 1510 utilitas,
1589 1442 1740 1499 datis
1796 1444 2107 1503 obsidibus

242 1526 402 1602 apud
429 1524 679 1598 effigiem
703 1521 968 1581 Caesaris
998 1523 1555 1604 procubuitbmagna
1591 1527 1785 1600 gloria
1819 1530 2107 1588 exercitus

240 1609 534 1680 Romani,
602 1624 780 1686 quem
814 1608 1194 1666 incruentum
1229 1618 1286 1664 et
1327 1609 1612 1668 victorem
1662 1612 1847 1671 tridui
1891 1614 2104 1675 itinere

235 1843 444 1889 correxit
467 1843 513 1886 in
549 1844 754 1886 cratibus
785 1843 944 1885 vinctis
980 1857 1035 1885 ac
1069 1842 1141 1884 vi-

241 1899 426 1945 mentis.
499 1901 731 1943 Broterius
766 1900 903 1943 edidit
935 1901 1141 1942 cratibus

241 1959 490 2007 revinctis,
525 1959 647 2015 quod
670 1955 755 2016 ipsi
779 1956 983 2015 praebuit
1010 1955 1137 2000 Caes.

240 2018 295 2061 B.
332 2016 392 2062 G.
425 2019 467 2066 4,
495 2015 560 2060 17.
606 2015 643 2066 7,
666 2014 741 2058 23.
833 2012 922 2056 Sed
955 2014 1138 2070 vulgata

240 2075 305 2119 nil
338 2074 527 2123 habent,
571 2073 691 2131 quod
726 2072 857 2115 nobis
894 2070 1139 2128 displiceat.

239 2132 508 2175 Vimentum
529 2130 698 2174 factum
734 2138 798 2172 est
823 2145 846 2171 a
873 2130 1056 2177 vimen,
1090 2137 1139 2171 ut

238 2196 554 2234 stramentum
570 2204 592 2230 a
613 2195 846 2235 stramen,
876 2187 1138 2241 spiramen-

240 2255 340 2290 tum
363 2263 387 2289 a
407 2249 665 2299 spiramen.
710 2245 771 2287 cf.
796 2243 835 2286 R
855 2243 941 2287 'clm
966 2243 1020 2287 ad
1045 2242 1087 2286 b.
1108 2243 1137 2286 Ι.

239 2305 442 2348 cratibus
463 2311 508 2346 et
521 2302 738 2345 vimentis
750 2309 814 2345 est
830 2301 881 2344 ἐν
892 2301 922 2344 ὃ
924 2299 970 2344 ιὰ
987 2301 1135 2344 δυοῖν.

237 2362 332 2405 Pro
356 2361 516 2404 media
539 2359 640 2403 MS.
657 2358 807 2402 Guelf.
834 2358 1005 2402 exhibet
1026 2374 1133 2401 mo-

237 2422 359 2463 dica.

297 2491 411 2535 CAP.
445 2489 511 2537 17.
572 2487 781 2539 Postero.
840 2485 920 2531 Sic
940 2487 1038 2531 edd.
1068 2503 1135 2530 re·

235 2556 378 2592 centt.
415 2547 518 2589 inde
549 2563 571 2590 a
607 2545 739 2604 Lipsii
773 2546 935 2603 prima.
1013 2544 1134 2588 Vett.

239 2605 342 2648 libri
366 2620 523 2647 omnes
544 2607 803 2661 postremo.
864 2601 940 2647 Sic
961 2611 1003 2645 et
1031 2602 1133 2645 MS.

238 2661 397 2706 Guelf.

298 2741 510 2777 orantes.
602 2732 683 2775 Ed.
719 2730 838 2790 Spir.
882 2738 1135 2773 exorantes

239 2809 346 2837 cum
369 2790 507 2834 MSS.
533 2789 703 2834 Vatiec.
731 2789 841 2833 1863
868 2799 911 2833 et
936 2789 1058 2832 1864.

295 2863 488 2907 servitii.
546 2861 630 2903 Ed.
654 2859 772 2919 Spir.
795 2860 995 2902 servitia.

295 2934 530 2979 trucidare
564 2931 747 2974 deditos
772 2945 982 2973 saevum.
1043 2928 1129 2971 Ed.

239 2995 356 3052 Spir.
393 2992 678 3034 trucidarent
708 2990 887 3030 deditos
902 3001 917 3028 .·
962 3001 1129 3052 senum

240 3059 427 3093 tantam
449 3051 583 3090 mult.
604 3055 690 3090 etc.
716 3045 828 3087 mira
852 3043 1135 3087 confusione.

239 3108 338 3151 MS.
364 3104 513 3150 Guelf.
538 3119 780 3151 scaevum,
804 3100 868 3143 uti
888 3099 1025 3151 solet,
1050 3117 1132 3158 pro

238 3181 447 3208 saevum.

297 3230 346 3266 ut
378 3222 489 3263 belli
522 3252 530 3261 .
553 3249 565 3261 .
586 3250 596 3262 .
625 3220 856 3260 caderent.
935 3213 1132 3272 Reposui

238 3278 502 3340 particulam
541 3283 591 3317 ut
628 3276 682 3318 ab
718 3273 926 3316 Ernestio
965 3271 1131 3327 relega·

237 3349 327 3382 tam
345 3334 548 3393 quamvis
566 3340 667 3374 vett.
685 3330 907 3374 librorum
920 3328 1129 3372 omnium

237 3393 499 3439 auctoritate
541 3398 693 3430 tutam.
787 3387 890 3430 Non
922 3386 994 3430 hic
1025 3393 1131 3429 sunt

239 3451 376 3497 verba
410 3441 740 3504 aspernantium
777 3445 971 3501 legatos,
1003 3443 1128 3501 quasi

235 3509 312 3556 iili.
330 3503 683 3564 respondissent:
726 3505 833 3544 belli
849 3505 1009 3555 potius
1030 3502 1129 3544 iure

1211 1843 1435 1884 caderent
1446 1860 1462 1894 ;
1501 1842 1578 1887 sed
1600 1844 1787 1902 explicat
1809 1853 1992 1898 auctor,
2022 1860 2106 1891 cm·

1211 1898 1404 1941 victores
1435 1903 1654 1958 aspernati
1684 1902 1775 1945 sint
1812 1902 2106 1953 deditionem.

1210 1971 1397 2022 nempe,
1429 1958 1542 2012 quia
1562 1989 1622 2002 ...
1645 1963 1866 2004 arduum.
1915 1961 1979 2004 Ut
2002 1961 2105 2006 sub·

1209 2012 1355 2071 iungit
1397 2029 1575 2057 comma
1618 2025 1665 2060 ut
1707 2016 1965 2076 saepissime
2003 2019 2105 2062 effe·

1211 2078 1426 2129 ctumque
1449 2071 1690 2130 significat,
1720 2074 1779 2118 ita
1803 2084 1877 2124 ut,
1905 2076 2017 2119 adeo
2036 2084 2106 2120 ut.

1208 2125 1464 2171 Sententia:
1506 2129 1651 2173 visum
1686 2148 1778 2176 esse
1813 2133 2103 2177 consultanti·

1207 2185 1316 2235 bus,
1358 2193 1408 2227 ut
1438 2186 1546 2228 belli
1577 2189 1725 2244 potius
1753 2190 1851 2233 iure
1875 2189 2103 2234 caderent.

1207 2242 1502 2298 Kiesslingius
1521 2261 1698 2288 mecum
1715 2247 1952 2290 consentit.
1995 2249 2104 2291 Mox

1206 2297 1309 2342 MS.
1345 2297 1496 2343 Guelf.
1537 2303 1718 2346 excidio
1755 2305 1804 2346 in
1839 2318 1970 2359 spem
2003 2306 2103 2348 sive

1207 2364 1371 2408 metus,
1396 2373 1419 2399 a
1443 2359 1639 2402 secunda
1663 2377 1815 2404 manu.
1870 2361 2000 2406 Prius
2015 2361 2104 2406 suit

1207 2410 1328 2468 ἄερὲ
1369 2415 1466 2457 sive
1514 2426 1682 2460 metus.
1787 2417 1969 2462 Primus
2022 2419 2103 2463 du·

1209 2480 1308 2514 ctus
1330 2470 1500 2515 litterae
1524 2489 1556 2514 u
1577 2473 1625 2517 in
1651 2472 1768 2529 ιῖερέ
1798 2474 2000 2533 nigriore
2027 2492 2102 2520 co-

1208 2527 1305 2571 lore
1329 2537 1376 2571 ut
1400 2545 1422 2572 a
1449 2531 1643 2575 secunda
1670 2549 1806 2576 manu
1827 2542 2096 2580 renovatus:

1206 2585 1342 2628 altera
1367 2602 1468 2643 pars
1494 2587 1668 2644 pallida.

1257 2652 1697 2698 perrumperentur.
1755 2644 1832 2690 Sic
1861 2647 1965 2691 edd.
1985 2646 2101 2692 Rhe-

1205 2714 1311 2742 nan.
1335 2715 1433 2757 sqq.
1460 2716 1508 2742 ex
1522 2699 1725 2746 Rhenani
1740 2704 1940 2762 ingenio.
1980 2705 2100 2750 Vett.

1202 2755 1307 2799 libri
1327 2769 1772 2813 prorumpet-entur.
1803 2797 1808 2802 .

1260 2815 1498 2857 Zorsines.
1567 2814 1642 2860 Sic
1672 2818 1772 2863 MS.
1809 2819 1845 2862 F
1848 2818 1936 2863 lor.
1977 2821 2096 2875 (test.

1203 2869 1339 2927 Vict.)
1371 2871 1470 2917 edd.
1496 2871 1613 2931 Spir.
1637 2874 1781 2920 Rhen.
1809 2892 1860 2935 sq
1896 2907 1908 2919 .
1972 2877 2096 2921 Gor-

1201 2928 1330 3028 X'pes
1359 2929 1460 2973 edd.
1486 2928 1590 2974 Put.
1623 2932 1694 2977 M.
1729 2941 1772 2986 et
1794 2933 1853 2978 V.
1865 2893 2096 2979 (heroald-

1264 3002 1303 3029 e.

1263 3046 1391 3095 opud
1410 3045 1610 3100 effigiem
1626 3046 1854 3092 Caesaris.
1904 3048 1955 3092 In
1969 3048 2098 3107 signo

1205 3099 1403 3145 militari.
1439 3101 1497 3146 cf.
1523 3104 1591 3157 15,
1610 3105 1681 3148 24.
1718 3106 1843 3150 suet.
1858 3105 1955 3150 Cal.
1972 3123 2012 3150 c.
2028 3107 2096 3150 14.

1206 3165 1316 3200 extr.

1259 3215 1487 3259 Romani.
1547 3217 1632 3260 Ed.
1657 3217 1779 3277 Spir.
1802 3235 2046 3266 romanus.

1259 3273 1552 3317 incruentum
1570 3284 1616 3318 et
1634 3279 1867 3320 victorem.
1905 3277 1982 3324 Sic
1991 3280 2094 3325 MS.

1203 3326 1353 3373 Guelf.
1372 3331 1474 3373 edd.
1490 3331 1593 3375 Pur.
1608 3333 1673 3376 M.
1693 3343 1734 3377 et
1749 3334 1801 3378 V.
1816 3335 1922 3378 Ber.
1942 3337 1999 3391 (c.
2022 3339 2090 3383 sil.

1203 3386 1337 3443 Vict.)
1366 3386 1464 3431 Alc.
1488 3388 1631 3436 Rhen.
1659 3408 1677 3432 s
1743 3422 1753 3433 .
1775 3418 1832 3427 -—
1874 3395 2091 3439 invictum

1199 3450 1243 3483 et
1276 3444 1492 3488 victorem
1529 3447 1661 3490 Mss.
1736 3449 1868 3495 atico.
1905 3451 2016 3495 1863
2048 3463 2092 3498 et

1203 3501 1328 3545 1864.
1355 3503 1425 3546 ed.
1452 3505 1569 3562 Spir.
