2164 3990
173 226 298 293 245
359 249 406 298 5.
487 265 495 277 ·
1712 229 1767 264 A.
1784 227 1838 264 υ.
1857 207 1944 269 ου’.

831 191 1349 292 ANNALIUM
1711 269 1831 308 ...a
1879 271 1942 305 ω.

176 362 444 437 tiumque
479 359 641 438 quod
678 358 995 417 discrimen
1030 358 1419 435 improvisum
1458 370 1515 417 et
1555 361 1757 419 matris
1800 362 2032 439 facinus

179 446 469 506 evasisset.
553 441 754 504 Amici
777 440 990 501 dehinc
1014 445 1179 501 ‘adire
1209 445 1423 520 templa
1452 457 1509 502 et
1535 459 1739 522 coepto
1766 447 2030 523 exemplo

179 522 445 608 proxima
478 528 834 605 Campaniae
876 526 1202 604 municipia
1240 531 1497 587 ‘victimis
1543 543 1598 588 et
1638 531 2036 607 legationibus

180 616 464 675 laetitiam
515 615 742 673 testari:
811 614 936 690 ipse
984 615 1215 671 diversa
1249 616 1641 674 ‘simulatione
1685 628 1949 674 maestus*
1981 627 2039 674 et

182 701 351 780 quasi
375 699 770 758 incolumitati
803 719 941 755 suae
973 699 1239 756 infensus
1273 721 1338 756 ac
1375 702 1555 758 morti
1587 703 1847 778 parentis
1883 702 2040 758 inla-
2119 738 2123 741 -

185 786 457 845 crimanS.
545 784 702 858 Quia
736 796 934 841 tamen
961 805 1082 841 non
1112 796 1180 842 ut
1205 782 1519 843 hominum
1543 789 1742 845 vultus
1770 788 1850 844 ita
1876 788 2042 844 loco-

184 893 322 930 rum
343 872 520 928 facies
544 881 853 927 mutantur
874 870 1411 946 obversabaturque
1437 872 1617 928 maris
1638 874 1803 930 illius
1828 884 1883 930 et
1901 873 2043 928 lito-

185 949 326 1016 rum⁴
363 957 555 1030 gravis
594 966 856 1030 aspectus
894 952 978 1034 (et
1016 968 1182 1013 erant
1207 956 1311 1033 qui
1336 956 1640 1013 crederent
1664 959 1924 1014 sonitum
1946 968 2046 1014 tu-

185 1044 296 1101 bae
322 1042 572 1099 collibus
599 1040 1014 1098 circtmreditis
1036 1042 1423 1117 planctusque
1452 1043 1682 1099 tumulo
1711 1043 1917 1099 matris
1941 1062 2049 1099 au-
2094 1076 2098 1080 ·

188 1125 366 1207 diri),
414 1125 733 1202 Neapolim
771 1127 1057 1199 concessit
1088 1127 1427 1204 litterasque
1459 1129 1533 1184 ad
1571 1139 1840 1185 senatum
1872 1125 2052 1197 misit,

191 1232 444 1292 quarum
470 1231 698 1268 summa
726 1222 878 1269 erat:

360 1304 468 1369 XI.
512 1306 840 1384 Repertum
868 1329 1003 1366 cum
1027 1310 1184 1366 ferro
1211 1328 1610 1384 percussorem
1627 1304 1956 1383 Agerinum
1986 1330 2054 1366 ex

196 1386 424 1453 intimis
459 1389 824 1470 Agrippinae
862 1394 1092 1451 libertis
1135 1406 1191 1452 et
1226 1394 1403 1451 luisse
1445 1415 1572 1451 eam
1608 1415 1863 1470 poenam
1911 1415 2055 1452 con-

196 1479 466 1548 scientia,
510 1501 626 1555 qua
653 1481 838 1537 scelus
862 1481 1200 1556 paravisset.
1286 1475 1625 1538 Adiiciebat
1648 1479 1899 1537 crimina
1919 1479 2058 1537 lon-

198 1564 327 1639 gius
359 1565 642 1641 repetita,
697 1566 857 1643 quod
892 1565 1257 1622 consortium
1293 1564 1530 1640 imperii
1558 1567 1969 1641 iuraturasque
1992 1564 2059 1621 in

195 1650 454 1708 feminae
478 1651 659 1707 verba
678 1651 1002 1727 praetorias
1028 1647 1295 1708 cohortes
1318 1650 1592 1727 idemque
1616 1647 2062 1724 dedecussena-

199 1746 400 1807 tus‘et-
416 1737 627 1812 populi
665 1737 1037 1815 speravisset:
1098 1757 1162 1793 ac
1200 1746 1580 1813 posteaquam
1613 1737 1831 1810 frustra
1866 1745 2065 1813 optata

205 1972 353 2000 manu
378 1967 442 2004 est
479 1961 567 2001 mit
592 1962 678 2002 der·
705 1957 851 2004 Hund
875 1962 1100 2018 erfassen.

202 2015 281 2060 Sic
312 2015 423 2059 Hist.
460 2019 495 2065 l,
524 2016 595 2060 36.
623 2032 858 2071 prensare
891 2035 1103 2071 manum,

195 2072 459 2127 jemanden
500 2076 577 2117 bei
613 2079 698 2118 der
737 2077 885 2120 Hand
913 2078 1102 2133 fassen.

179 2132 321 2174 nist.
375 2133 419 2180 ·1,
603 2148 759 2186 genua
814 2138 1101 2194 prensando.

206 2188 322 2232 nist.
338 2189 380 2240 2,
393 2190 464 2234 46.
475 2133 618 2241 6358.
670 2191 760 2235 An.
779 2195 816 2241 1,
830 2194 901 2237 21.
956 2193 1102 2236 Nemo

194 2247 302 2290 ‘non
358 2247 481 2314 ridet
539 2247 644 2293 huic
696 2248 800 2294 loeo
857 2251 1104 2298 convenire

210 2311 453 2362 posterius.

1175 1966 1239 2002 est
1274 1960 1444 2001 vultus.
1506 1958 1594 2001 Iac.
1618 1955 1881 2003 Gronovius
1913 1965 2069 2002 eontra

1174 2024 1359 2059 testatur
1382 2015 1427 2058 in
1457 2016 1556 2059 MS.
1586 2013 1734 2058 Oxon.
1756 2032 1837 2059 suo
1862 2031 1955 2058 non
1978 2031 2071 2058 esse

1165 2074 1343 2130 socies,
1379 2073 1511 2130 idque
1537 2073 1687 2115 abesse
1750 2089 1846 2116 osse
1869 2071 2071 2115 iudicant

1177 2131 1263 2175 viri
1298 2131 1435 2173 docti.
1494 2130 1640 2187 NegO.
1700 2087 1816 2172 §am
1843 2146 1901 2189 op
1938 2128 2070 2171 ositio

1176 2205 1273 2232 non
1295 2187 1440 2231 solum
1464 2197 1632 2246 spectat
1655 2187 1708 2230 ad
1731 2188 1906 2231 vocabu
1929 2204 1951 2230 a
1987 2188 2074 2228 ho-

1177 2249 1362 2290 minum
1394 2252 1437 2286 et
1470 2249 1703 2296 locorum,
1744 2244 1819 2288 sed
1853 2245 1984 2288 etiam
2018 2244 2074 2287 ad

1178 2307 1331 2346 vultus
1373 2310 1416 2344 et
1445 2303 1610 2357 facies.
1673 2302 1878 2359 Namque
1918 2305 2079 2345 vultus

1181 2371 1246 2405 est
1289 2359 1458 2418 aliquid
1492 2359 1736 2411 mutabile,v

1182 2428 1316 2463 stans.
1399 2417 1527 2460 Alius
1568 2425 1632 2460 est
1673 2417 1821 2460 vultus
1868 2417 2078 2460 locorum

1181 2491 1378 2577 vegnus,
1418 2474 1531 2519 alius
1558 2474 1798 2528 hibernus;
1838 2475 1915 2518 sed
1944 2474 2082 2518 facies

1185 2553 1233 2580 ea
1269 2550 1358 2576 em.

211 2442 243 2489 S
268 2388 416 2455 qdire.
478 2389 580 2434 Hoc
601 2392 790 2435 verbum
813 2393 936 2436 deest
963 2393 1011 2436 in
1037 2394 1107 2437 ed.

247 2461 332 2502 ριν.
1021 2462 1024 2464 ’

270 2533 326 2560 ac
347 2519 493 2561 morti
508 2523 742 2574 parentis.
784 2521 917 2568 MSS.
939 2531 980 2565 et
1003 2530 1112 2566 vett.

1767 2360 1925 2416 facies
1961 2375 2075 2403 con·
2141 2396 2153 2410 ,

213 2574 315 2619 edd.
340 2592 497 2619 omnes
521 2586 696 2631 morte3
722 2580 1000 2623 recentiores
1024 2579 1113 2623 edi-

213 2640 336 2676 tores
380 2632 504 2684 (inde
539 2650 561 2676 a
590 2636 709 2694 Lips.
748 2637 908 2696 prima)
947 2638 1115 2681 substi-

215 2697 400 2733 tuerunt
423 2694 589 2747 morti,
625 2703 666 2736 et
692 2695 756 2738 sie
779 2693 874 2738 Cic.
899 2696 953 2738 de
972 2695 1028 2739 N.
1054 2696 1111 2739 D.

216 2746 260 2795 8,
301 2747 371 2790 33.
432 2749 555 2806 Quid
594 2753 749 2794 dicam
789 2756 846 2794 de
889 2753 1118 2797 Socrate?

217 2810 344 2848 cuius
373 2807 521 2850 morti
539 2807 826 2852 illacrimari
847 2813 976 2852 soleo
1001 2810 1117 2853 Pla-

219 2869 380 2905 tonem
406 2866 576 2918 legens.
639 2867 793 2910 Potest
816 2877 968 2910 tamen
992 2869 1119 2911 abla-

221 2919 335 2963 tivus
364 2921 609 2977 exprimere
644 2941 850 2973 causam,
891 2927 948 2968 ob
983 2942 1117 2982 quam

219 2975 544 3032 illacrimabat,
563 2988 611 3022 ut
633 2981 691 3024 ita
713 2982 898 3026 verbum
921 2983 1122 3027 absolute

221 3036 482 3093 accipiatur.
545 3037 602 3080 cf.
628 3038 815 3094 Sueton,
845 3039 950 3084 Oct.
981 3057 1022 3084 c.
1048 3042 1121 3087 66.

221 3100 425 3136 ceterum
446 3101 491 3140 et
513 3094 816 3140 illacrimavit
846 3129 857 3142 .
884 3130 895 3144 .
920 3131 929 3141 .
957 3129 967 3141 .
1001 3103 1124 3154 quod

223 3157 308 3192 etc.

282 3226 334 3260 ut
353 3211 595 3266 hominum
617 3228 794 3278 vultus,
824 3226 890 3268 ita
912 3229 1123 3270 locorum

209 3274 380 3341 sqcc'es.
443 3281 518 3322 Sic,
546 3282 646 3325 edd.
675 3283 793 3341 Spir.
817 3281 1033 3328 Ber'oald.
1064 3286 1122 3339 (e.

220 3331 374 3399 silent.
403 3336 545 3394 vict.)
587 3339 687 3383 Alc.
719 3341 863 3387 Rhen.
903 3358 1003 3398 sqq.
1065 3342 1126 3386 At

226 3405 273 3432 m
308 3389 440 3437 MSS.
470 3395 593 3439 Harl.
620 3397 749 3441 Bodl.
779 3399 856 3444 les.
891 3397 994 3444 edd.
1023 3399 1126 3442 Pnt.

228 3446 296 3489 M.
327 3457 369 3490 et
392 3450 447 3494 V.
478 3456 634 3496 vultus
671 3455 909 3500 omittitur.
978 3456 1127 3500 Codex

230 3502 380 3570 fiuelf.
416 3511 683 3553 vocabulum
718 3515 966 3556 hominum
998 3515 1129 3558 babet

231 3577 279 3606 tn
301 3562 389 3607 fine
414 3580 594 3617 versus,
625 3567 737 3613 ultra
765 3587 896 3629 quem
925 3572 1126 3617 additum

1242 2593 1684 2646 obversabaturque.
1744 2590 1821 2634 Sic
1839 2589 1939 2632 MS.
1954 2588 2080 2632 Flor.

1185 2654 1302 2706 (test.
1329 2648 1444 2691 Viet.
1472 2664 1513 2692 c.
1538 2648 1613 2704 al.)
1645 2647 1746 2691 edd.
1771 2646 1960 2690 Pichen.
1982 2660 2080 2703 sqq.

1186 2707 1405 2766 Copulam
1431 2705 1642 2749 omittunt
1662 2705 1798 2748 MSS.
1819 2705 1939 2747 Harl.
1953 2703 2084 2746 Bodl.

1188 2767 1270 2809 les.
1307 2763 1415 2820 Reg.
1459 2762 1576 2805 Bud.
1622 2761 1770 2805 Guelf.
1819 2762 1919 2805 edd.
1960 2760 2082 2818 Spir·

1187 2824 1289 2873 Put.
1318 2820 1384 2862 M.
1411 2828 1453 2861 et
1478 2817 1534 2863 V.
1559 2820 1662 2862 Ber.
1687 2819 1788 2863 Ale.
1813 2818 1958 2862 Rben'.
1983 2833 2082 2875 sqq.

1191 2889 1233 2927 et
1267 2879 1337 2921 ed.
1371 2877 1492 2934 Spir.
1526 2894 1608 2935 pro
1643 2879 1980 2920 obversabatur
2014 2875 2088 2919 dat

1193 2938 1542 2980 observabatur.
1604 2935 1769 2977 Eadem
1807 2951 1908 2977 mox
1942 2948 2090 2992 copu-

1194 2996 1280 3038 lam
1304 2994 1467 3035 iterum
1501 2992 1664 3035 omittit
1692 2992 1738 3034 in
1765 2994 2088 3047 planctusque.

1195 3052 1246 3097 ln
1283 3050 1383 3094 MS.
1419 3049 1570 3093 Guelf.
1614 3051 1785 3093 ct‘rcunz
1826 3050 1949 3092 deest
1990 3054 2090 3107 post

1193 3111 1403 3153 collibus.

1254 3162 1464 3210 CA1›.11.
1503 3164 1796 3208 conscientia.
1856 3161 2089 3207 MS.Bud.

1196 3233 1239 3267 et
1280 3224 1383 3267 inde
1427 3223 1529 3266 edd.
1563 3222 1706 3265 Rhen.
1744 3237 1842 3279 sqq.
1887 3236 1943 3263 ea
1985 3233 2090 3261 con-

1195 3284 1410 3326 scientia.
1468 3280 1663 3323 Pichena
1691 3294 1947 3336 pronomen
1977 3275 2092 3319 dele-

1198 3340 1258 3383 vit
1279 3339 1540 3382 auctoritate
1567 3337 1669 3381 MS.
1691 3335 1840 3384 Flor„
1873 3350 1977 3378 cum
2002 3350 2093 3390 quo

1199 3397 1486 3441 consentiunt
1515 3395 1614 3439 MS.
1642 3393 1792 3448 Guelf.
1817 3392 1916 3436 edd.
1939 3399 2045 3436 vett.

1257 3471 1311 3497 ac
1346 3462 1655 3508 posteaquam
1694 3453 1891 3507 frustra
1932 3457 2096 3504 optata

1199 3514 1309 3557 sint.
1375 3511 1451 3555 Sic
1473 3511 1610 3555 MSS.
1628 3506 1783 3552 Vatia·
1797 3508 1912 3562 (test.
1930 3506 2097 3566 Lipsio)

1199 3571 1307 3629 Agr.
1337 3569 1435 3613 edd.
1463 3568 1704 3626 Beruegg.,
1737 3564 2099 3617 Gronoviorum.
