2164 3990
184 233 238 270 A.
256 233 311 270 U.
329 231 412 268 816.

185 277 240 313 A.
259 277 308 314 C.
350 276 415 312 6³.

643 233 817 295 LIB.
854 225 986 294 XV.

1063 232 1259 313 CAP,
1300 231 1416 295 15..
1827 234 1955 296 343

100 363 486 445 praefluebat)
516 374 760 441 pontem
791 362 1076 438 imposuit
1100 363 1287 439 specie
1312 363 1428 420 sibi
1458 362 1609 420 illud
1638 361 1749 421 iter
1782 360 1956 441 expe-

104 453 348 511 diemis:
406 452 508 507 sed
543 444 751 506 Parthi
791 449 960 524 quasi
997 449 1417 505 documentum
1449 448 1729 507 victoriae
1769 450 1956 507 iusse-

102 549 256 596 rant.
339 554 595 612 namque
633 533 707 589 iis
739 533 877 590 usui
913 533 1052 590 fuit:
1111 533 1299 592 nostri
1336 547 1441 608 per
1478 534 1775 590 diversum
1814 535 1954 595 iere.

103 617 359 679 Addidit
381 640 590 678 rumor
614 618 725 674 sub
756 618 961 697 iugum
991 618 1199 675 missas
1224 618 1483 692 legiones
1517 629 1574 676 et
1612 618 1726 684 alia
1762 639 1829 676 ex
1862 640 1957 675 re·-

105 708 218 765 bus
243 705 541 775 infaustiS‚
596 724 850 780 quorum
875 703 1255 762 simulacrum
1283 704 1358 760 ab
1382 697 1685 761 Armeniis
1706 695 1958 779 usurpa4

104 931 264 977 Taciti.
321 930 380 975 cf.
405 928 526 972 Plin.
554 928 595 977 5,
619 926 693 970 24.
764 925 994 970 Plutarch.

103 988 283 1035 Lucull.
311 1004 349 1032 c.
370 987 444 1031 81.
506 985 676 1029 Vitium
703 993 911 1030 veterum
938 983 994 1025 li-

101 1049 290 1092 brorum
311 1053 514 1088 exortum
537 1060 587 1086 ex
603 1043 867 1087 confusione
889 1055 996 1098 qua-

103 1106 208 1156 dam
261 1102 592 1149 vocabulorum
651 1109 692 1143 et
754 1098 997 1157 genuinam

103 1162 370 1219 scripturam
399 1175 517 1202 esse:
551 1158 783 1200 Arsaniae
809 1155 998 1210 (etenim

103 1222 144 1263 is
176 1220 282 1275 etc.)
318 1217 490 1275 egregie
523 1215 736 1259 divinavit
767 1213 886 1255 idem
919 1211 994 1254 Li-

102 1277 239 1335 psius,
260 1276 386 1319 euius
407 1273 768 1316 emendationem
791 1278 912 1312 recte
928 1283 996 1310 re-

104 1341 283 1391 ceperat
308 1331 519 1374 Pichena.
600 1327 799 1385 Ryckius
840 1341 996 1369 rursus

104 1389 269 1448 expulit
305 1389 503 1439 etenim,
546 1385 799 1443 ediditque:
842 1386 994 1426 Arsa-

103 1450 210 1497 niae
230 1446 289 1500 (is
309 1449 451 1499 e.p.);
481 1442 707 1502 Ryckium
729 1441 871 1485 secuti
893 1447 998 1483 sunt

101 1505 276 1548 Ernest.
301 1502 462 1545 Oberl.
485 1516 586 1558 sqq.
645 1498 733 1542 Sed
765 1499 830 1541 nil
857 1496 997 1554 Lipsii

102 1561 366 1606 coniectura
387 1557 677 1606 verisimilius
698 1565 787 1609 est3
828 1556 998 1598 etenim

102 1635 183 1678 per
242 1616 564 1675 compendium
618 1614 837 1672 scriptum
893 1628 996 1655 cum

103 1675 396 1735 praecedente
415 1671 640 1717 vocabulo
666 1671 852 1721 coaluit,
875 1671 998 1712 unde

107 1731 329 1791 originem
349 1730 480 1773 traxit
492 1729 746 1784 Arsam'eti,
775 1737 817 1771 et
835 1726 999 1770 deinde

107 1790 362 1834 Arsameti.
430 1788 519 1831 lac.
553 1785 816 1829 Gronovius
852 1782 1000 1826 male-

104 1849 201 1891 bat:
235 1846 468 1889 Arsaniae
489 1846 568 1900 (cis
588 1851 744 1886 castra
760 1840 997 1898 praeflue-

104 1907 227 1963 bat),
274 1911 324 1946 ut
355 1910 549 1960 pateret,
574 1916 676 1958 *qua
707 1909 834 1958 parte
867 1915 1000 1957 prae-

104 1961 279 2005 flueret.
350 1960 436 2004 Sed
472 1959 562 2002 hoc
595 1958 697 2001 satis
733 1974 756 2001 e
792 1963 1000 2003 contextu

105 2027 467 2132 paia‘ssfbffluebat.
526 2071 603 2114 sic
614 2071 699 2114 Ms
728 2071 854 2115 rior.
876 2074 997 2126 (test.

105 2133 244 2188 Vici.)
291 2131 394 2174 edd.
434 2129 555 2186 Spir.
600 2129 746 2171 Rhen.
792 2143 888 2185 sqq.
941 2150 999 2159 —-

102 2190 360 2247 perfluebat
392 2187 529 2231 MSS.
559 2185 675 2229 Bud.
707 2185 861 2228 Guelf.
894 2184 995 2228 edd.

105 2249 209 2292 Put.
232 2247 304 2290 M.
327 2254 370 2289 et
390 2246 446 2289 V.
468 2244 677 2287 Beroald.
705 2242 809 2286 Alc.
844 2258 867 2285 e
894 2241 995 2284 vul,

107 2307 199 2363 gari
236 2303 624 2362 praepositionum
661 2314 780 2356 prae
829 2308 872 2341 et
913 2315 999 2354 per

107 2360 387 2407 confusione.
454 2357 721 2415 Praefluere
754 2357 916 2400 dicitur
947 2365 997 2399 ut

102 2419 330 2476 praevehi
345 2417 387 2469 2,
407 2417 448 2460 6.
511 2416 612 2458 Vid.
636 2415 697 2457 ibi
721 2423 816 2457 not.

160 2476 466 2530 expedientis.
526 2473 590 2515 Ex
611 2472 747 2528 Lipsii
781 2479 823 2513 et
850 2469 998 2514 Grotii

110 2533 443 2583 emendatione,
482 2546 617 2590 quam
643 2527 841 2587 Ryckius
866 2543 997 2572 rece-

108 2593 174 2650 pit
199 2592 244 2633 in
267 2589 516 2647 marginem
531 2622 542 2639 ‚
570 2587 619 2629 in
641 2594 897 2629 contextum
919 2585 1000 2626 Er-

112 2649 294 2692 nestius.
370 2645 668 2691 Consentiunt
709 2642 844 2690 MSS.
878 2641 1000 2686 Harl.

112 2716 156 2750 et
177 2706 257 2748 les.
297 2727 354 2736 -
414 2701 696 2760 experientis
717 2701 854 2748 MSS,
876 2699 1003 2744 Flor.

113 2765 222 2818 (sec.
267 2760 418 2805 collat.
462 2761 551 2805 lac.
599 2757 842 2810 Gronovii)
888 2757 1001 2814 Reg-

115 2821 252 2865 Corb.
277 2817 392 2860 Bud.
426 2819 510 2876 (pr.
535 2819 617 2872 m.)
641 2815 740 2858 edd.
762 2814 878 2873 Spir.
900 2814 1003 2858 Pnt.

114 2877 182 2923 M.
203 2874 314 2918 etV.
337 2873 542 2917 Beroald.
566 2875 623 2929 (c.
650 2871 718 2916 sil.
736 2873 874 2927 Vict.)
899 2870 1002 2918 Alc.

115 2932 259 2977 Rhen.
286 2947 305 2974 s
341 2947 386 2988 q.
445 2930 495 2980 In
522 2929 622 2974 MS.
645 2928 798 2974 Guelf.
832 2945 855 2971 e
889 2945 1000 2972 con-

116 2991 284 3034 iectura
341 2986 510 3030 'rnestii
543 3003 567 3029 a
603 3003 668 3045 pr.
701 3003 761 3028 m.
795 2986 879 3028 fuit
914 3000 1001 3031 ex-

113 3046 342 3103 pedientis
355 3064 370 3097 ,·
411 3052 666 3087 correctum
692 3051 756 3085 est
778 3043 824 3087 in
856 3057 1003 3097 expe-

117 3103 293 3152 riendi,
363 3101 455 3144 uod
488 3118 512 3144 a
536 3117 624 3145 sec.
648 3116 709 3154 m.
734 3100 868 3144 etiam
891 3099 1004 3142 Bud.

119 3162 264 3207 babet.
332 3119 447 3201 MS.
492 3159 600 3215 Agr.
642 3158 766 3212 (teste
814 3156 1004 3214 ltyekio)

122 3221 296 3262 aberrat
327 3216 399 3261 in:
439 3230 519 3269 spe
542 3216 628 3257 sibi
646 3216 760 3257 illud
786 3222 891 3256 tunc
918 3229 1003 3258 ex-

117 3275 308 3331 petendi
355 3280 652 3326 sumpserat;
709 3286 843 3337 super
896 3279 1005 3315 tunc

122 3333 334 3390 scriptum
356 3338 421 3373 est
447 3331 548 3372 iter.
609 3327 784 3383 Quodsi
807 3327 903 3385 quis
922 3343 1005 3373 ve·-

121 3387 173 3435 lit
193 3404 295 3432 cum
318 3387 568 3454 Bipontinis
601 3384 827 3444 praeferre
859 3399 1006 3438 expe-

122 3446 284 3488 ricmis
293 3478 306 3497 ,
337 3445 401 3488 ml
422 3444 581 3487 obstat.
638 3442 749 3484 Nam
773 3442 894 3498 quod
916 3441 1005 3484 Er·-

124 3503 292 3551 nestius
341 3499 681 3552 animadvertit,
740 3498 830 3541 sibi
877 3499 1004 3542 nullo

124 3559 275 3603 modo
289 3559 376 3616 pati
395 3557 680 3613 experientis
688 3588 700 3608 ,
730 3571 897 3603 vanum
918 3565 1006 3604 ests

1066 925 1153 968 sibi
1191 926 1439 983 opponitur
1477 925 1693 980 Parthis,
1738 924 1783 968 h.
1826 941 1866 968 e.
1908 923 1957 967 in

1067 999 1197 1026 suum
1234 999 1364 1025 usum
1404 992 1447 1027 et
1490 991 1666 1041 sponte.
1739 981 1965 1037 Experiri

1068 1048 1132 1083 est
1154 1041 1347 1097 πειρᾷν,
1379 1049 1563 1084 tentare.
1622 1038 1957 1097 Sueton.Vesp.

1069 1113 1109 1140 c.
1147 1098 1190 1142 7.
1238 1097 1393 1155 Quum
1433 1099 1519 1140 vim
1548 1099 1672 1156 fides
1705 1105 1823 1142 esset
1853 1111 1960 1139 rem

1067 1157 1163 1196 ullo
1187 1158 1328 1197 modo
1348 1170 1668 1198 successuram
1686 1158 1879 1212 ideoque
1897 1168 1959 1196 ne

1066 1213 1280 1266 experiri
1295 1213 1483 1268 quidem
1504 1215 1701 1255 auderet
1720 1221 1801 1256 ete.
1860 1211 1958 1254 Ele·

1063 1285 1176 1325 gans
1199 1278 1344 1311 tamen
1369 1278 1432 1312 est
1456 1271 1747 1322 expedientis
1775 1278 1819 1312 et
1838 1268 1958 1317 simi·

1067 1326 1121 1369 lis
1159 1325 1392 1383 utriusque
1424 1327 1549 1370 verbi
1592 1326 1801 1371 confusio
1842 1325 1959 1383 apud

1070 1384 1259 1426 Sueton.
1287 1383 1379 1427 Cal.
1408 1401 1449 1427 c.
1470 1385 1542 1427 41.

1126 1442 1183 1484 iis
1217 1442 1327 1482 usui
1347 1441 1469 1496 fuit.
1539 1439 1638 1484 MS.
1668 1439 1821 1484 Guelf.
1845 1441 1957 1496 fue-

1071 1506 1166 1540 rat.
1226 1498 1308 1540 Ed.
1331 1498 1451 1556 Spir.
1477 1499 1552 1541 his
1579 1499 1686 1541 usui
1694 1498 1807 1555 fuit.
1868 1497 1960 1540 Pro

1067 1570 1275 1611 namque
1295 1554 1468 1614 Lipsius
1488 1555 1681 1599 malebat
1698 1570 1870 1611 neque,
1902 1555 1962 1598 ob

1069 1611 1224 1655 locum
1247 1612 1382 1656 Dion.
1407 1613 1476 1665 62,
1498 1614 1568 1656 21.
1597 1615 1676 1656 ἵνα
1707 1611 1789 1657 τὸν
1813 1626 1960 1657 ποτα-

1067 1668 1165 1729 μὸν
1196 1669 1447 1730 Ἀρσανίαν
1479 1667 1714 1723 ζεύξωσιν·
1759 1669 1852 1728 οὐχ’,
1894 1667 1964 1714 ὅτι

1068 1724 1278 1786 γεφύρας
1322 1728 1469 1777 ἐδεῖτο
1515 1730 1644 1788 (πεζῇ
1683 1727 1775 1788 γὰρ
1819 1725 1964 1772 αὐτὸν
2039 1756 2048 1766 .

1070 1783 1377 1841 διεληλύθει),
1444 1785 1538 1829 ἀλλ’
1583 1788 1663 1829 ἵνα
1710 1786 1964 1856 ἐνδείξηξαι

1069 1846 1262 1901 σφίσιν,
1313 1841 1386 1888 ὅτι
1426 1848 1645 1902 κρείττων
1692 1842 1848 1888 αὐτῶν
1890 1857 1962 1898 ην.

1069 1901 1405 1945 Freinshemius
1437 1909 1587 1944 tamen
1609 1909 1730 1945 recte
1756 1901 1964 1944 animad-

1070 1959 1207 2005 vertit
1248 1974 1451 2014 numque
1495 1959 1600 2002 satis
1650 1957 1833 2001 defendi
1884 1974 1966 2016 per

1069 2015 1286 2059 orationis
1341 2024 1627 2070 contextum,
1682 2023 1726 2058 et
1776 2031 1964 2073 sequens

1067 2074 1220 2116 nostri
1238 2072 1390 2118 stricte
1412 2074 1581 2131 opponi
1610 2074 1676 2116 iis.

1122 2144 1210 2182 per
1239 2130 1491 2174 diversum.
1564 2130 1668 2175 MS.
1691 2128 1846 2173 Guelf.
1876 2143 1965 2184 per

1070 2188 1274 2231 diversa.
2028 2196 2032 2199 '

1126 2245 1307 2288 addidit
1331 2259 1512 2288 rumor.
1571 2246 1629 2289 cf.
1645 2244 1831 2289 Sueton.
1852 2243 1960 2289 Ner.

1071 2318 1111 2346 c.
1131 2302 1200 2345 39.
1258 2301 1349 2344 Dio
1377 2302 1409 2345 l.
1436 2302 1466 2344 l.

1128 2374 1324 2415 quorum
1343 2359 1650 2401 simulacrum
1672 2360 1732 2400 ab
1745 2358 1805 2401 A.
1831 2372 1964 2400 usur-

1066 2424 1236 2471 patum
1265 2423 1345 2458 est.
1405 2414 1766 2463 Strombeclxius:
1797 2418 1965 2458 dassen

1074 2473 1573 2516 Wahrscheinlichkeic
1606 2472 1684 2515 die
1714 2474 1966 2515 Armenier

1072 2533 1330 2573 benutzten.
1402 2528 1628 2572 Rieklefs:
1679 2533 1844 2572 dessen
1883 2529 1962 2573 W

1070 2604 1113 2630 v.
1150 2590 1197 2632 d.
1229 2587 1287 2629 A.
1323 2588 1508 2628 benutzt
1535 2590 1686 2634 ward.
1746 2585 1965 2631 Hackiusz

1071 2649 1216 2687 deren
1239 2644 1478 2686 Auschein
1498 2647 1585 2686 der
1595 2646 1848 2687 Armem'er
1859 2645 1965 2687 Λη-

1072 2699 1292 2758 massung
1313 2702 1562 2744 hester-lato.
1623 2701 1755 2756 Quae
1777 2710 1965 2751 senten-

1071 2761 1158 2802 tiae
1208 2757 1335 2801 nullo
1387 2759 1524 2801 modo
1573 2757 1716 2804 inesse
1758 2767 1960 2817 possunt,

1072 2817 1391 2861 Simulacrum
1436 2814 1624 2859 alicuius
1674 2815 1739 2858 rei
1768 2816 1962 2870 dicitur,

1074 2873 1197 2931 quod
1232 2873 1270 2915 ei
1304 2873 1369 2915 rei
1398 2872 1542 2915 simile
1567 2872 1777 2931 quidem,
1815 2889 1964 2932 neque

1073 2941 1221 2974 tamen
1260 2931 1354 2987 ipsa
1390 2937 1455 2975 est
1487 2946 1573 2974 res.
1632 2931 1692 2973 cf.
1724 2931 1763 2979 1,
1795 2930 1866 2975 77.
1897 2934 1965 2974 εἰη

1075 2990 1286 3029 mulacra
1307 2987 1562 3039 lz'bertatzln
1620 2985 1778 3038 11,31.
1811 2989 1960 3030 simu-

1074 3048 1205 3086 lacra
1240 3045 1516 3087 vindemiae.
1585 3043 1727 3102 Igitur
1768 3046 1963 3103 intellige

1077 3118 1174 3145 eam
1231 3101 1389 3158 agendi
1439 3102 1661 3144 rationem
1716 3111 1815 3145 tum
1866 3118 1963 3151 esse

1075 3165 1332 3215 usurpatam
1372 3158 1587 3204 adversus
1627 3157 1850 3215 legiones,
1898 3170 1962 3212 ut,

1075 3230 1330 3273 quanquam
1364 3230 1459 3257 non
1488 3217 1570 3258 sub
1603 3215 1759 3271 iugum
1787 3216 1959 3268 missae.

1074 3287 1278 3330 quaeque
1314 3271 1398 3314 alia
1432 3273 1753 3324 credebantur,
1795 3274 1960 3324 similia

1078 3345 1182 3373 sane
1224 3338 1427 3386 expertae
1461 3330 1563 3372 sint.
1616 3327 1756 3378 'Haec'
1780 3347 1959 3382 accura·

1079 3386 1167 3431 tius
1234 3385 1509 3442 explicantur
1569 3402 1650 3444 per
1715 3389 1958 3446 sequentia.

1076 3441 1509 3486 Nimirum-Tacitus
1547 3459 1729 3502 operam
1763 3447 1860 3498 dat,
1910 3455 1961 3491 ut

1075 3500 1307 3546 Romanos
1329 3498 1487 3544 liberet
1508 3501 1562 3544 ab
1594 3500 1670 3544 illa
1699 3495 1959 3561 ig’nominia,

1075 3573 1207 3618 quam
1249 3571 1409 3608 rumor
1451 3555 1706 3611 addiderat,
1762 3559 1959 3619 dicitque
