<?xml version="1.0" encoding="UTF-8"?>
<!DOCTYPE html PUBLIC "-//W3C//DTD XHTML 1.0 Transitional//EN"
    "http://www.w3.org/TR/xhtml1/DTD/xhtml1-transitional.dtd">
<html xmlns="http://www.w3.org/1999/xhtml" xml:lang="en" lang="en">
 <head>
  <title>
</title>
<meta http-equiv="Content-Type" content="text/html;charset=utf-8" />
  <meta name='ocr-system' content='tesseract 3.04.00' />
  <meta name='ocr-capabilities' content='ocr_page ocr_carea ocr_par ocr_line ocrx_word'/>
</head>
<body>
  <div class='ocr_page' id='page_1' title='image "./operarecensuitet02taciuoft/operarecensuitet02taciuoft_0243.png"; bbox 0 0 2164 3990; ppageno 0'>
   <div class='ocr_carea' id='block_1_1' title="bbox 598 202 1962 267">
    <p class='ocr_par' dir='ltr' id='par_1_1' title="bbox 598 202 1962 298">
     <span class='ocr_line' id='line_1_1' title="bbox 598 202 1962 267; baseline 0 0"><span class='ocrx_word' id='word_1_1' title='bbox 598 203 978 267; x_wconf 52' lang='lat' dir='ltr'><strong>LIBleV‘.</strong></span> <span class='ocrx_word' id='word_1_2' title='bbox 1059 202 1267 266; x_wconf 58' lang='lat' dir='ltr'><strong>CAP.</strong></span> <span class='ocrx_word' id='word_1_3' title='bbox 1293 207 1351 266; x_wconf 81' lang='lat'><strong>3.</strong></span> <span class='ocrx_word' id='word_1_4' title='bbox 1397 205 1456 265; x_wconf 82' lang='lat'><strong>4.</strong></span> <span class='ocrx_word' id='word_1_5' title='bbox 1827 210 1962 267; x_wconf 73' lang='lat' dir='ltr'>233v</span> 
     </span>
    </p>
   </div>
   <div class='ocr_carea' id='block_1_2' title="bbox 101 323 1967 1267">
    <p class='ocr_par' dir='ltr' id='par_1_2' title="bbox 101 323 1967 1267">
     <span class='ocr_line' id='line_1_2' title="bbox 101 323 1967 414; baseline -0.002 -16"><span class='ocrx_word' id='word_1_6' title='bbox 101 333 370 399; x_wconf 64' lang='lat' dir='ltr'>mulieris</span> <span class='ocrx_word' id='word_1_7' title='bbox 394 359 509 397; x_wconf 86' lang='lat' dir='ltr'>usu</span> <span class='ocrx_word' id='word_1_8' title='bbox 536 335 821 394; x_wconf 82' lang='lat' dir='ltr'>scelerum</span> <span class='ocrx_word' id='word_1_9' title='bbox 852 335 1130 392; x_wconf 83' lang='lat' dir='ltr'>adversus</span> <span class='ocrx_word' id='word_1_10' title='bbox 1167 334 1414 392; x_wconf 68' lang='lat' dir='ltr'>insidias</span> <span class='ocrx_word' id='word_1_11' title='bbox 1446 323 1755 392; x_wconf 56' lang='lat' dir='ltr'>intentam</span> <span class='ocrx_word' id='word_1_12' title='bbox 1779 349 1967 414; x_wconf 84' lang='lat' dir='ltr'>atque·</span> 
     </span>
     <span class='ocr_line' id='line_1_3' title="bbox 102 420 1959 507; baseline -0.001 -25"><span class='ocrx_word' id='word_1_13' title='bbox 102 423 683 507; x_wconf 67' lang='lat' dir='ltr'>ipsafpmesumendo</span> <span class='ocrx_word' id='word_1_14' title='bbox 709 421 968 478; x_wconf 84' lang='lat' dir='ltr'>remedia</span> <span class='ocrx_word' id='word_1_15' title='bbox 1005 420 1300 477; x_wconf 89' lang='lat' dir='ltr'>munierat</span> <span class='ocrx_word' id='word_1_16' title='bbox 1333 439 1564 496; x_wconf 76' lang='lat' dir='ltr'>corpus,</span> <span class='ocrx_word' id='word_1_17' title='bbox 1648 422 1871 478; x_wconf 85' lang='lat' dir='ltr'>ferrum</span> <span class='ocrx_word' id='word_1_18' title='bbox 1901 435 1959 480; x_wconf 88' lang='lat' dir='ltr'>et</span> 
     </span>
     <span class='ocr_line' id='line_1_4' title="bbox 105 507 1961 587; baseline -0.002 -19"><span class='ocrx_word' id='word_1_19' title='bbox 105 512 307 569; x_wconf 82' lang='lat' dir='ltr'>caedes</span> <span class='ocrx_word' id='word_1_20' title='bbox 333 524 593 587; x_wconf 88' lang='lat' dir='ltr'>quonam</span> <span class='ocrx_word' id='word_1_21' title='bbox 615 508 794 564; x_wconf 91' lang='lat' dir='ltr'>modo</span> <span class='ocrx_word' id='word_1_22' title='bbox 824 507 1247 576; x_wconf 77' lang='lat' dir='ltr'>occultaretur,</span> <span class='ocrx_word' id='word_1_23' title='bbox 1290 526 1464 565; x_wconf 87' lang='lat' dir='ltr'>nemo</span> <span class='ocrx_word' id='word_1_24' title='bbox 1497 507 1853 581; x_wconf 73' lang='lat' dir='ltr'>reperiebat:</span> <span class='ocrx_word' id='word_1_25' title='bbox 1902 519 1961 566; x_wconf 87' lang='lat' dir='ltr'>et</span> 
     </span>
     <span class='ocr_line' id='line_1_5' title="bbox 105 591 1960 672; baseline -0.002 -19"><span class='ocrx_word' id='word_1_26' title='bbox 105 617 182 653; x_wconf 80' lang='lat' dir='ltr'>ne</span> <span class='ocrx_word' id='word_1_27' title='bbox 216 596 348 672; x_wconf 90' lang='lat' dir='ltr'>quis</span> <span class='ocrx_word' id='word_1_28' title='bbox 381 595 472 651; x_wconf 91' lang='lat' dir='ltr'>illi</span> <span class='ocrx_word' id='word_1_29' title='bbox 504 605 667 651; x_wconf 86' lang='lat' dir='ltr'>tanto</span> <span class='ocrx_word' id='word_1_30' title='bbox 705 591 957 649; x_wconf 80' lang='lat' dir='ltr'>facinori</span> <span class='ocrx_word' id='word_1_31' title='bbox 993 592 1249 649; x_wconf 91' lang='lat' dir='ltr'>delectus</span> <span class='ocrx_word' id='word_1_32' title='bbox 1287 591 1792 666; x_wconf 80' lang='lat' dir='ltr'>iussasperneret,</span> <span class='ocrx_word' id='word_1_33' title='bbox 1834 613 1960 649; x_wconf 86' lang='lat' dir='ltr'>me-</span> 
     </span>
     <span class='ocr_line' id='line_1_6' title="bbox 106 673 1958 753; baseline -0.002 -15"><span class='ocrx_word' id='word_1_34' title='bbox 106 683 325 741; x_wconf 83' lang='lat' dir='ltr'>tuebat.</span> <span class='ocrx_word' id='word_1_35' title='bbox 411 676 654 736; x_wconf 82' lang='lat' dir='ltr'>Obtulit</span> <span class='ocrx_word' id='word_1_36' title='bbox 690 678 995 750; x_wconf 85' lang='lat' dir='ltr'>ingenium</span> <span class='ocrx_word' id='word_1_37' title='bbox 1017 673 1300 735; x_wconf 86' lang='lat' dir='ltr'>Anicetus</span> <span class='ocrx_word' id='word_1_38' title='bbox 1335 678 1581 734; x_wconf 86' lang='lat' dir='ltr'>libertus</span> <span class='ocrx_word' id='word_1_39' title='bbox 1606 678 1777 733; x_wconf 85' lang='lat' dir='ltr'>classi</span> <span class='ocrx_word' id='word_1_40' title='bbox 1801 680 1958 753; x_wconf 89' lang='lat' dir='ltr'>apud</span> 
     </span>
     <span class='ocr_line' id='line_1_7' title="bbox 106 762 1960 841; baseline -0.002 -18"><span class='ocrx_word' id='word_1_41' title='bbox 106 765 411 833; x_wconf 84' lang='lat' dir='ltr'>Misenum</span> <span class='ocrx_word' id='word_1_42' title='bbox 433 765 759 841; x_wconf 85' lang='lat' dir='ltr'>praefectus</span> <span class='ocrx_word' id='word_1_43' title='bbox 783 775 839 819; x_wconf 86' lang='lat' dir='ltr'>et</span> <span class='ocrx_word' id='word_1_44' title='bbox 861 763 1148 837; x_wconf 87' lang='lat' dir='ltr'>pueritiae</span> <span class='ocrx_word' id='word_1_45' title='bbox 1157 762 1414 819; x_wconf 89' lang='lat' dir='ltr'>Neronis</span> <span class='ocrx_word' id='word_1_46' title='bbox 1439 764 1713 819; x_wconf 88' lang='lat' dir='ltr'>educator</span> <span class='ocrx_word' id='word_1_47' title='bbox 1737 783 1801 820; x_wconf 90' lang='lat' dir='ltr'>ac</span> <span class='ocrx_word' id='word_1_48' title='bbox 1823 771 1960 820; x_wconf 47' lang='lat' dir='ltr'>mu*-</span> 
     </span>
     <span class='ocr_line' id='line_1_8' title="bbox 109 846 1960 925; baseline -0.003 -16"><span class='ocrx_word' id='word_1_49' title='bbox 109 851 227 909; x_wconf 86' lang='lat' dir='ltr'>tuis</span> <span class='ocrx_word' id='word_1_50' title='bbox 264 852 416 909; x_wconf 85' lang='lat' dir='ltr'>odiis</span> <span class='ocrx_word' id='word_1_51' title='bbox 439 846 803 925; x_wconf 85' lang='lat' dir='ltr'>Agrippinae</span> <span class='ocrx_word' id='word_1_52' title='bbox 834 848 1079 907; x_wconf 81' lang='lat' dir='ltr'>invisus,</span> <span class='ocrx_word' id='word_1_53' title='bbox 1166 867 1300 921; x_wconf 88' lang='lat' dir='ltr'>ergo</span> <span class='ocrx_word' id='word_1_54' title='bbox 1336 863 1550 906; x_wconf 82' lang='lat' dir='ltr'>navem</span> <span class='ocrx_word' id='word_1_55' title='bbox 1582 868 1753 924; x_wconf 89' lang='lat' dir='ltr'>posse</span> <span class='ocrx_word' id='word_1_56' title='bbox 1796 869 1960 906; x_wconf 90' lang='lat' dir='ltr'>com-</span> 
     </span>
     <span class='ocr_line' id='line_1_9' title="bbox 108 933 1963 1012; baseline -0.002 -19"><span class='ocrx_word' id='word_1_57' title='bbox 108 937 256 1012; x_wconf 89' lang='lat' dir='ltr'>poni</span> <span class='ocrx_word' id='word_1_58' title='bbox 293 938 489 1005; x_wconf 88' lang='lat' dir='ltr'>docet,</span> <span class='ocrx_word' id='word_1_59' title='bbox 537 936 705 992; x_wconf 89' lang='lat' dir='ltr'>cuius</span> <span class='ocrx_word' id='word_1_60' title='bbox 739 953 874 1011; x_wconf 91' lang='lat' dir='ltr'>pars</span> <span class='ocrx_word' id='word_1_61' title='bbox 905 933 1030 1008; x_wconf 91' lang='lat' dir='ltr'>ipso</span> <span class='ocrx_word' id='word_1_62' title='bbox 1061 935 1126 989; x_wconf 89' lang='lat' dir='ltr'>in</span> <span class='ocrx_word' id='word_1_63' title='bbox 1148 934 1300 988; x_wconf 88' lang='lat' dir='ltr'>mari</span> <span class='ocrx_word' id='word_1_64' title='bbox 1325 955 1431 1009; x_wconf 90' lang='lat' dir='ltr'>per</span> <span class='ocrx_word' id='word_1_65' title='bbox 1452 945 1637 990; x_wconf 89' lang='lat' dir='ltr'>artem</span> <span class='ocrx_word' id='word_1_66' title='bbox 1655 933 1849 1007; x_wconf 30' lang='lat' dir='ltr'>‘soluta</span> <span class='ocrx_word' id='word_1_67' title='bbox 1876 935 1963 990; x_wconf 89' lang='lat' dir='ltr'>ef·-</span> 
     </span>
     <span class='ocr_line' id='line_1_10' title="bbox 109 1012 1963 1096; baseline -0.002 -19"><span class='ocrx_word' id='word_1_68' title='bbox 109 1012 387 1078; x_wconf 68' lang='lat' dir='ltr'>fund&#39;eret</span> <span class='ocrx_word' id='word_1_69' title='bbox 430 1023 713 1095; x_wconf 87' lang='lat' dir='ltr'>ignaram.</span> <span class='ocrx_word' id='word_1_70' title='bbox 811 1014 970 1074; x_wconf 87' lang='lat' dir='ltr'>nihil</span> <span class='ocrx_word' id='word_1_71' title='bbox 1001 1030 1122 1075; x_wconf 84' lang='lat' dir='ltr'>tam</span> <span class='ocrx_word' id='word_1_72' title='bbox 1157 1038 1333 1094; x_wconf 83' lang='lat' dir='ltr'>capax</span> <span class='ocrx_word' id='word_1_73' title='bbox 1368 1020 1751 1077; x_wconf 86' lang='lat' dir='ltr'>fortuitorum</span> <span class='ocrx_word' id='word_1_74' title='bbox 1785 1029 1963 1096; x_wconf 89' lang='lat' dir='ltr'>quam</span> 
     </span>
     <span class='ocr_line' id='line_1_11' title="bbox 112 1104 1963 1181; baseline -0.001 -19"><span class='ocrx_word' id='word_1_75' title='bbox 112 1127 273 1164; x_wconf 88' lang='lat' dir='ltr'>mare</span> <span class='ocrx_word' id='word_1_76' title='bbox 298 1119 355 1163; x_wconf 85' lang='lat' dir='ltr'>et</span> <span class='ocrx_word' id='word_1_77' title='bbox 377 1107 427 1162; x_wconf 90' lang='lat' dir='ltr'>si</span> <span class='ocrx_word' id='word_1_78' title='bbox 447 1106 754 1179; x_wconf 86' lang='lat' dir='ltr'>naufragio</span> <span class='ocrx_word' id='word_1_79' title='bbox 785 1104 1104 1180; x_wconf 81' lang='lat' dir='ltr'>intercepta</span> <span class='ocrx_word' id='word_1_80' title='bbox 1126 1104 1227 1173; x_wconf 81' lang='lat' dir='ltr'>sit,</span> <span class='ocrx_word' id='word_1_81' title='bbox 1271 1124 1446 1181; x_wconf 89' lang='lat' dir='ltr'>quem</span> <span class='ocrx_word' id='word_1_82' title='bbox 1484 1106 1627 1161; x_wconf 89' lang='lat' dir='ltr'>adeo</span> <span class='ocrx_word' id='word_1_83' title='bbox 1667 1105 1963 1181; x_wconf 88' lang='lat' dir='ltr'>iniquum,</span> 
     </span>
     <span class='ocr_line' id='line_1_12' title="bbox 115 1186 1965 1267; baseline -0.001 -19"><span class='ocrx_word' id='word_1_84' title='bbox 115 1205 194 1250; x_wconf 63' lang='lat' dir='ltr'>ut?</span> <span class='ocrx_word' id='word_1_85' title='bbox 225 1193 430 1250; x_wconf 91' lang='lat' dir='ltr'>sceleri</span> <span class='ocrx_word' id='word_1_86' title='bbox 472 1192 768 1264; x_wconf 85' lang='lat' dir='ltr'>adsignet,</span> <span class='ocrx_word' id='word_1_87' title='bbox 826 1191 986 1264; x_wconf 89' lang='lat' dir='ltr'>quod</span> <span class='ocrx_word' id='word_1_88' title='bbox 1028 1190 1192 1246; x_wconf 87' lang='lat' dir='ltr'>venti</span> <span class='ocrx_word' id='word_1_89' title='bbox 1231 1201 1287 1245; x_wconf 84' lang='lat' dir='ltr'>et</span> <span class='ocrx_word' id='word_1_90' title='bbox 1317 1190 1529 1246; x_wconf 88' lang='lat' dir='ltr'>fluctus</span> <span class='ocrx_word' id='word_1_91' title='bbox 1566 1186 1965 1267; x_wconf 80' lang='lat' dir='ltr'>deliquerint?</span> 
     </span>
    </p>
   </div>
   <div class='ocr_carea' id='block_1_3' title="bbox 113 1274 1967 1436">
    <p class='ocr_par' dir='ltr' id='par_1_3' title="bbox 113 1274 1967 1436">
     <span class='ocr_line' id='line_1_13' title="bbox 113 1274 1967 1351; baseline -0.001 -17"><span class='ocrx_word' id='word_1_92' title='bbox 113 1278 458 1334; x_wconf 82' lang='lat' dir='ltr'>additurum</span> <span class='ocrx_word' id='word_1_93' title='bbox 483 1276 814 1351; x_wconf 89' lang='lat' dir='ltr'>principem</span> <span class='ocrx_word' id='word_1_94' title='bbox 852 1274 1162 1333; x_wconf 86' lang='lat' dir='ltr'>defunctae</span> <span class='ocrx_word' id='word_1_95' title='bbox 1198 1277 1486 1351; x_wconf 88' lang='lat' dir='ltr'>templum</span> <span class='ocrx_word' id='word_1_96' title='bbox 1521 1287 1578 1332; x_wconf 86' lang='lat' dir='ltr'>et</span> <span class='ocrx_word' id='word_1_97' title='bbox 1617 1295 1746 1332; x_wconf 91' lang='lat' dir='ltr'>aras</span> <span class='ocrx_word' id='word_1_98' title='bbox 1783 1288 1840 1333; x_wconf 90' lang='lat' dir='ltr'>et</span> <span class='ocrx_word' id='word_1_99' title='bbox 1872 1296 1967 1332; x_wconf 89' lang='lat' dir='ltr'>ce-</span> 
     </span>
     <span class='ocr_line' id='line_1_14' title="bbox 114 1358 891 1436; baseline -0.001 -18"><span class='ocrx_word' id='word_1_100' title='bbox 114 1372 238 1419; x_wconf 88' lang='lat' dir='ltr'>tera</span> <span class='ocrx_word' id='word_1_101' title='bbox 264 1362 641 1419; x_wconf 86' lang='lat' dir='ltr'>ostentandae</span> <span class='ocrx_word' id='word_1_102' title='bbox 666 1358 891 1436; x_wconf 88' lang='lat' dir='ltr'>pietati.</span> 
     </span>
    </p>
   </div>
   <div class='ocr_carea' id='block_1_4' title="bbox 182 205 406 285">
    <p class='ocr_par' dir='ltr' id='par_1_4' title="bbox 182 205 406 285">
     <span class='ocr_line' id='line_1_15' title="bbox 182 205 406 243; baseline -0.009 -1"><span class='ocrx_word' id='word_1_103' title='bbox 182 205 302 243; x_wconf 60' lang='lat' dir='ltr'><strong>AJJ.</strong></span> <span class='ocrx_word' id='word_1_104' title='bbox 321 206 406 241; x_wconf 81' lang='lat'><strong>813.</strong></span> 
     </span>
     <span class='ocr_line' id='line_1_16' title="bbox 183 249 406 285; baseline -0.009 0"><span class='ocrx_word' id='word_1_105' title='bbox 183 250 237 285; x_wconf 75' lang='lat' dir='ltr'>A·-</span> <span class='ocrx_word' id='word_1_106' title='bbox 251 249 304 285; x_wconf 79' lang='lat' dir='ltr'><strong>C.</strong></span> <span class='ocrx_word' id='word_1_107' title='bbox 343 250 406 284; x_wconf 84' lang='lat'><strong>60.</strong></span> 
     </span>
    </p>
   </div>
   <div class='ocr_carea' id='block_1_5' title="bbox 118 1464 2026 1900">
    <p class='ocr_par' dir='ltr' id='par_1_5' title="bbox 118 1464 2026 1812">
     <span class='ocr_line' id='line_1_17' title="bbox 281 1464 2026 1559; baseline -0.001 -16"><span class='ocrx_word' id='word_1_108' title='bbox 281 1484 389 1546; x_wconf 91' lang='lat' dir='ltr'><strong>IV.</strong></span> <span class='ocrx_word' id='word_1_109' title='bbox 431 1485 663 1542; x_wconf 83' lang='lat' dir='ltr'>Placuit</span> <span class='ocrx_word' id='word_1_110' title='bbox 685 1482 945 1540; x_wconf 89' lang='lat' dir='ltr'>sollertia</span> <span class='ocrx_word' id='word_1_111' title='bbox 966 1492 1227 1555; x_wconf 84' lang='lat' dir='ltr'>tempore</span> <span class='ocrx_word' id='word_1_112' title='bbox 1258 1481 1433 1536; x_wconf 88' lang='lat' dir='ltr'>etiam</span> <span class='ocrx_word' id='word_1_113' title='bbox 1462 1464 1692 1551; x_wconf 78' lang='lat' dir='ltr'>adiuta,</span> <span class='ocrx_word' id='word_1_114' title='bbox 1727 1484 1966 1559; x_wconf 88' lang='lat' dir='ltr'>quando</span> <span class='ocrx_word' id='word_1_115' title='bbox 2022 1466 2026 1470; x_wconf 90' lang='lat'><strong>.</strong></span> 
     </span>
     <span class='ocr_line' id='line_1_18' title="bbox 119 1563 1970 1649; baseline -0.001 -20"><span class='ocrx_word' id='word_1_116' title='bbox 119 1571 608 1649; x_wconf 83' lang='lat' dir='ltr'>Quinquatruum</span> <span class='ocrx_word' id='word_1_117' title='bbox 630 1572 809 1626; x_wconf 80' lang='lat' dir='ltr'>festos</span> <span class='ocrx_word' id='word_1_118' title='bbox 835 1568 959 1624; x_wconf 89' lang='lat' dir='ltr'>dies</span> <span class='ocrx_word' id='word_1_119' title='bbox 982 1567 1139 1640; x_wconf 86' lang='lat' dir='ltr'>apud</span> <span class='ocrx_word' id='word_1_120' title='bbox 1163 1563 1340 1621; x_wconf 88' lang='lat' dir='ltr'>Baias</span> <span class='ocrx_word' id='word_1_121' title='bbox 1372 1567 1808 1643; x_wconf 88' lang='lat' dir='ltr'>frequentabat.</span> <span class='ocrx_word' id='word_1_122' title='bbox 1893 1571 1970 1626; x_wconf 86' lang='lat' dir='ltr'>il-</span> 
     </span>
     <span class='ocr_line' id='line_1_19' title="bbox 118 1652 1971 1733; baseline -0.001 -20"><span class='ocrx_word' id='word_1_123' title='bbox 118 1658 216 1715; x_wconf 91' lang='lat' dir='ltr'>luc</span> <span class='ocrx_word' id='word_1_124' title='bbox 245 1668 493 1733; x_wconf 86' lang='lat' dir='ltr'>matrem</span> <span class='ocrx_word' id='word_1_125' title='bbox 530 1656 715 1724; x_wconf 87' lang='lat' dir='ltr'>elicit,</span> <span class='ocrx_word' id='word_1_126' title='bbox 766 1652 1038 1710; x_wconf 81' lang='lat' dir='ltr'>serendas</span> <span class='ocrx_word' id='word_1_127' title='bbox 1067 1662 1380 1726; x_wconf 88' lang='lat' dir='ltr'>parentum</span> <span class='ocrx_word' id='word_1_128' title='bbox 1402 1652 1737 1709; x_wconf 87' lang='lat' dir='ltr'>iracundias</span> <span class='ocrx_word' id='word_1_129' title='bbox 1762 1665 1817 1711; x_wconf 85' lang='lat' dir='ltr'>et</span> <span class='ocrx_word' id='word_1_130' title='bbox 1840 1657 1971 1730; x_wconf 78' lang='lat' dir='ltr'>pla-</span> 
     </span>
     <span class='ocr_line' id='line_1_20' title="bbox 122 1739 1974 1812; baseline -0.001 -13"><span class='ocrx_word' id='word_1_131' title='bbox 122 1743 376 1799; x_wconf 88' lang='lat' dir='ltr'>candum</span> <span class='ocrx_word' id='word_1_132' title='bbox 406 1742 671 1797; x_wconf 88' lang='lat' dir='ltr'>animum</span> <span class='ocrx_word' id='word_1_133' title='bbox 696 1739 970 1796; x_wconf 84' lang='lat' dir='ltr'>dictitans</span> <span class='ocrx_word' id='word_1_134' title='bbox 989 1782 1005 1806; x_wconf 88' lang='lat'>‚</span> <span class='ocrx_word' id='word_1_135' title='bbox 1050 1757 1168 1812; x_wconf 88' lang='lat' dir='ltr'>quo</span> <span class='ocrx_word' id='word_1_136' title='bbox 1205 1757 1506 1793; x_wconf 90' lang='lat' dir='ltr'>rumorem</span> <span class='ocrx_word' id='word_1_137' title='bbox 1539 1739 1974 1797; x_wconf 87' lang='lat' dir='ltr'>reconciliatio-</span> 
     </span>
    </p>

    <p class='ocr_par' dir='ltr' id='par_1_6' title="bbox 122 1818 1973 1900">
     <span class='ocr_line' id='line_1_21' title="bbox 122 1818 1973 1900; baseline -0.001 -16"><span class='ocrx_word' id='word_1_138' title='bbox 122 1829 216 1884; x_wconf 86' lang='lat' dir='ltr'>nis</span> <span class='ocrx_word' id='word_1_139' title='bbox 260 1828 511 1884; x_wconf 85' lang='lat' dir='ltr'>efficeret</span> <span class='ocrx_word' id='word_1_140' title='bbox 558 1825 957 1900; x_wconf 88' lang='lat' dir='ltr'>acciperetque</span> <span class='ocrx_word' id='word_1_141' title='bbox 993 1818 1353 1897; x_wconf 86' lang='lat' dir='ltr'>Agrippina,</span> <span class='ocrx_word' id='word_1_142' title='bbox 1416 1823 1578 1879; x_wconf 86' lang='lat' dir='ltr'>facili</span> <span class='ocrx_word' id='word_1_143' title='bbox 1616 1824 1973 1883; x_wconf 86' lang='lat' dir='ltr'>feminarum</span> 
     </span>
    </p>
   </div>
   <div class='ocr_carea' id='block_1_6' title="bbox 116 2040 1033 3593">
    <p class='ocr_par' dir='ltr' id='par_1_7' title="bbox 120 2040 1012 2160">
     <span class='ocr_line' id='line_1_22' title="bbox 179 2040 1012 2098; baseline -0.005 -11"><span class='ocrx_word' id='word_1_144' title='bbox 179 2046 362 2088; x_wconf 81' lang='lat' dir='ltr'>obtulit.</span> <span class='ocrx_word' id='word_1_145' title='bbox 433 2044 534 2087; x_wconf 89' lang='lat' dir='ltr'>MS.</span> <span class='ocrx_word' id='word_1_146' title='bbox 568 2042 692 2087; x_wconf 80' lang='lat' dir='ltr'>Flor.</span> <span class='ocrx_word' id='word_1_147' title='bbox 727 2042 842 2097; x_wconf 81' lang='lat' dir='ltr'>(test.</span> <span class='ocrx_word' id='word_1_148' title='bbox 876 2040 1012 2098; x_wconf 84' lang='lat' dir='ltr'>Vict.)</span> 
     </span>
     <span class='ocr_line' id='line_1_23' title="bbox 120 2106 303 2160; baseline -0.011 -13"><span class='ocrx_word' id='word_1_149' title='bbox 120 2106 303 2160; x_wconf 80' lang='lat' dir='ltr'>optulit.</span> 
     </span>
    </p>

    <p class='ocr_par' dir='ltr' id='par_1_8' title="bbox 116 2157 1021 2836">
     <span class='ocr_line' id='line_1_24' title="bbox 179 2157 1012 2211; baseline -0.006 -7"><span class='ocrx_word' id='word_1_150' title='bbox 179 2163 326 2204; x_wconf 82' lang='lat' dir='ltr'>classi.</span> <span class='ocrx_word' id='word_1_151' title='bbox 414 2160 491 2204; x_wconf 89' lang='lat' dir='ltr'>Sic</span> <span class='ocrx_word' id='word_1_152' title='bbox 535 2158 668 2202; x_wconf 84' lang='lat' dir='ltr'><strong>MSS.</strong></span> <span class='ocrx_word' id='word_1_153' title='bbox 715 2157 840 2200; x_wconf 87' lang='lat' dir='ltr'>Flor.</span> <span class='ocrx_word' id='word_1_154' title='bbox 897 2157 1012 2211; x_wconf 79' lang='lat' dir='ltr'>(test.</span> 
     </span>
     <span class='ocr_line' id='line_1_25' title="bbox 125 2215 1015 2276; baseline -0.003 -16"><span class='ocrx_word' id='word_1_155' title='bbox 125 2216 245 2262; x_wconf 84' lang='lat' dir='ltr'>vict.</span> <span class='ocrx_word' id='word_1_156' title='bbox 278 2235 317 2262; x_wconf 88' lang='lat' dir='ltr'>c.</span> <span class='ocrx_word' id='word_1_157' title='bbox 351 2219 424 2275; x_wconf 82' lang='lat' dir='ltr'>al.)</span> <span class='ocrx_word' id='word_1_158' title='bbox 456 2217 567 2276; x_wconf 87' lang='lat' dir='ltr'>Reg.</span> <span class='ocrx_word' id='word_1_159' title='bbox 596 2215 734 2259; x_wconf 82' lang='lat' dir='ltr'>Corb.</span> <span class='ocrx_word' id='word_1_160' title='bbox 764 2215 875 2272; x_wconf 82' lang='lat' dir='ltr'>Agr.</span> <span class='ocrx_word' id='word_1_161' title='bbox 913 2215 1015 2257; x_wconf 89' lang='lat' dir='ltr'>edd.</span> 
     </span>
     <span class='ocr_line' id='line_1_26' title="bbox 123 2270 1017 2334; baseline -0.006 -15"><span class='ocrx_word' id='word_1_162' title='bbox 123 2276 436 2334; x_wconf 80' lang='lat' dir='ltr'>Spir.Ernest.</span> <span class='ocrx_word' id='word_1_163' title='bbox 458 2291 555 2332; x_wconf 89' lang='lat' dir='ltr'>sqq.</span> <span class='ocrx_word' id='word_1_164' title='bbox 589 2302 648 2310; x_wconf 93' lang='grc'>--</span> <span class='ocrx_word' id='word_1_165' title='bbox 707 2270 1017 2314; x_wconf 79' lang='lat' dir='ltr'>classisMSS.</span> 
     </span>
     <span class='ocr_line' id='line_1_27' title="bbox 123 2329 1019 2376; baseline -0.004 0"><span class='ocrx_word' id='word_1_166' title='bbox 123 2334 240 2376; x_wconf 84' lang='lat' dir='ltr'>Bud.</span> <span class='ocrx_word' id='word_1_167' title='bbox 279 2332 402 2376; x_wconf 73' lang='lat' dir='ltr'>Harl.</span> <span class='ocrx_word' id='word_1_168' title='bbox 438 2333 518 2375; x_wconf 87' lang='lat' dir='ltr'>les.</span> <span class='ocrx_word' id='word_1_169' title='bbox 552 2331 687 2375; x_wconf 88' lang='lat' dir='ltr'>Bodl.</span> <span class='ocrx_word' id='word_1_170' title='bbox 724 2329 874 2372; x_wconf 89' lang='lat' dir='ltr'>Guelf.</span> <span class='ocrx_word' id='word_1_171' title='bbox 919 2329 1019 2372; x_wconf 88' lang='lat' dir='ltr'>edd.</span> 
     </span>
     <span class='ocr_line' id='line_1_28' title="bbox 125 2387 1018 2442; baseline -0.008 -7"><span class='ocrx_word' id='word_1_172' title='bbox 125 2392 232 2434; x_wconf 82' lang='lat' dir='ltr'>Put.</span> <span class='ocrx_word' id='word_1_173' title='bbox 256 2392 324 2434; x_wconf 89' lang='lat' dir='ltr'>M.</span> <span class='ocrx_word' id='word_1_174' title='bbox 349 2399 391 2433; x_wconf 82' lang='lat' dir='ltr'>et</span> <span class='ocrx_word' id='word_1_175' title='bbox 413 2389 470 2431; x_wconf 90' lang='lat' dir='ltr'>V.</span> <span class='ocrx_word' id='word_1_176' title='bbox 490 2390 599 2435; x_wconf 83' lang='lat' dir='ltr'>Ber.</span> <span class='ocrx_word' id='word_1_177' title='bbox 625 2390 724 2431; x_wconf 77' lang='lat' dir='ltr'>Alc.</span> <span class='ocrx_word' id='word_1_178' title='bbox 747 2387 892 2430; x_wconf 89' lang='lat' dir='ltr'>Rhen.</span> <span class='ocrx_word' id='word_1_179' title='bbox 921 2401 1018 2442; x_wconf 88' lang='lat' dir='ltr'>sqq.</span> 
     </span>
     <span class='ocr_line' id='line_1_29' title="bbox 127 2443 1018 2507; baseline -0.01 -15"><span class='ocrx_word' id='word_1_180' title='bbox 127 2465 269 2507; x_wconf 88' lang='lat' dir='ltr'>usque</span> <span class='ocrx_word' id='word_1_181' title='bbox 335 2448 389 2490; x_wconf 85' lang='lat' dir='ltr'>ad</span> <span class='ocrx_word' id='word_1_182' title='bbox 445 2446 719 2489; x_wconf 81' lang='lat' dir='ltr'>Ernestium.</span> <span class='ocrx_word' id='word_1_183' title='bbox 809 2443 1018 2498; x_wconf 82' lang='lat' dir='ltr'>Utroque</span> 
     </span>
     <span class='ocr_line' id='line_1_30' title="bbox 126 2499 1017 2557; baseline -0.01 -8"><span class='ocrx_word' id='word_1_184' title='bbox 126 2507 291 2557; x_wconf 91' lang='lat' dir='ltr'>modo,</span> <span class='ocrx_word' id='word_1_185' title='bbox 333 2514 382 2546; x_wconf 84' lang='lat' dir='ltr'>ut</span> <span class='ocrx_word' id='word_1_186' title='bbox 420 2505 575 2549; x_wconf 82' lang='lat' dir='ltr'>scribit</span> <span class='ocrx_word' id='word_1_187' title='bbox 606 2502 863 2552; x_wconf 78' lang='lat' dir='ltr'>Erneslius,</span> <span class='ocrx_word' id='word_1_188' title='bbox 903 2499 1017 2543; x_wconf 84' lang='lat' dir='ltr'>haud</span> 
     </span>
     <span class='ocr_line' id='line_1_31' title="bbox 130 2559 1021 2617; baseline -0.009 -11"><span class='ocrx_word' id='word_1_189' title='bbox 130 2564 263 2606; x_wconf 87' lang='lat' dir='ltr'>dubie</span> <span class='ocrx_word' id='word_1_190' title='bbox 298 2563 460 2606; x_wconf 79' lang='lat' dir='ltr'>Noster</span> <span class='ocrx_word' id='word_1_191' title='bbox 497 2561 722 2617; x_wconf 79' lang='lat' dir='ltr'>loquitur3</span> <span class='ocrx_word' id='word_1_192' title='bbox 764 2559 839 2601; x_wconf 87' lang='lat' dir='ltr'>sed</span> <span class='ocrx_word' id='word_1_193' title='bbox 873 2572 1021 2611; x_wconf 81' lang='lat' dir='ltr'>prue-</span> 
     </span>
     <span class='ocr_line' id='line_1_32' title="bbox 116 2615 1021 2678; baseline -0.008 -15"><span class='ocrx_word' id='word_1_194' title='bbox 116 2622 275 2678; x_wconf 75' lang='lat' dir='ltr'>fhctus</span> <span class='ocrx_word' id='word_1_195' title='bbox 308 2636 410 2664; x_wconf 86' lang='lat' dir='ltr'>cum</span> <span class='ocrx_word' id='word_1_196' title='bbox 450 2618 601 2661; x_wconf 82' lang='lat' dir='ltr'>dativo</span> <span class='ocrx_word' id='word_1_197' title='bbox 640 2633 723 2676; x_wconf 77' lang='lat' dir='ltr'>pro</span> <span class='ocrx_word' id='word_1_198' title='bbox 769 2615 1021 2674; x_wconf 81' lang='lat' dir='ltr'>participio,</span> 
     </span>
     <span class='ocr_line' id='line_1_33' title="bbox 126 2673 1016 2735; baseline -0.008 -15"><span class='ocrx_word' id='word_1_199' title='bbox 126 2678 395 2735; x_wconf 71' lang='lat' dir='ltr'>praefectus</span> <span class='ocrx_word' id='word_1_200' title='bbox 435 2693 476 2719; x_wconf 86' lang='lat' dir='ltr'>c.</span> <span class='ocrx_word' id='word_1_201' title='bbox 511 2676 650 2732; x_wconf 78' lang='lat' dir='ltr'>genit.</span> <span class='ocrx_word' id='word_1_202' title='bbox 687 2689 770 2733; x_wconf 80' lang='lat' dir='ltr'>pro</span> <span class='ocrx_word' id='word_1_203' title='bbox 808 2673 1016 2715; x_wconf 86' lang='lat' dir='ltr'>substan-</span> 
     </span>
     <span class='ocr_line' id='line_1_34' title="bbox 133 2728 1018 2779; baseline -0.007 -1"><span class='ocrx_word' id='word_1_204' title='bbox 133 2737 227 2779; x_wconf 84' lang='lat' dir='ltr'>tivo</span> <span class='ocrx_word' id='word_1_205' title='bbox 272 2734 527 2778; x_wconf 82' lang='lat' dir='ltr'>habendum</span> <span class='ocrx_word' id='word_1_206' title='bbox 570 2741 650 2775; x_wconf 83' lang='lat' dir='ltr'>est.</span> <span class='ocrx_word' id='word_1_207' title='bbox 722 2730 830 2773; x_wconf 85' lang='lat' dir='ltr'>Mox</span> <span class='ocrx_word' id='word_1_208' title='bbox 865 2728 1018 2773; x_wconf 77' lang='lat' dir='ltr'>Guelf.</span> 
     </span>
     <span class='ocr_line' id='line_1_35' title="bbox 131 2796 351 2836; baseline 0 0"><span class='ocrx_word' id='word_1_209' title='bbox 131 2796 351 2836; x_wconf 83' lang='lat' dir='ltr'>solutam.</span> 
     </span>
    </p>

    <p class='ocr_par' dir='ltr' id='par_1_9' title="bbox 136 2846 1027 3022">
     <span class='ocr_line' id='line_1_36' title="bbox 193 2846 1027 2906; baseline -0.006 -14"><span class='ocrx_word' id='word_1_210' title='bbox 193 2854 315 2906; x_wconf 86' lang='lat' dir='ltr'>quod</span> <span class='ocrx_word' id='word_1_211' title='bbox 339 2849 469 2891; x_wconf 77' lang='lat' dir='ltr'>venti.</span> <span class='ocrx_word' id='word_1_212' title='bbox 529 2847 610 2889; x_wconf 85' lang='lat' dir='ltr'>Ed.</span> <span class='ocrx_word' id='word_1_213' title='bbox 633 2846 749 2902; x_wconf 82' lang='lat' dir='ltr'>Spir.</span> <span class='ocrx_word' id='word_1_214' title='bbox 774 2849 900 2902; x_wconf 80' lang='lat' dir='ltr'>quod</span> <span class='ocrx_word' id='word_1_215' title='bbox 921 2861 1027 2887; x_wconf 83' lang='lat' dir='ltr'>ven-</span> 
     </span>
     <span class='ocr_line' id='line_1_37' title="bbox 136 2906 1026 2961; baseline -0.008 -10"><span class='ocrx_word' id='word_1_216' title='bbox 136 2916 222 2951; x_wconf 85' lang='lat' dir='ltr'>tus.</span> <span class='ocrx_word' id='word_1_217' title='bbox 282 2907 450 2950; x_wconf 84' lang='lat' dir='ltr'>Eadem</span> <span class='ocrx_word' id='word_1_218' title='bbox 480 2906 795 2960; x_wconf 75' lang='lat' dir='ltr'>delinquerint</span> <span class='ocrx_word' id='word_1_219' title='bbox 827 2919 911 2961; x_wconf 81' lang='lat' dir='ltr'>pro</span> <span class='ocrx_word' id='word_1_220' title='bbox 942 2907 1026 2945; x_wconf 85' lang='lat' dir='ltr'>de-</span> 
     </span>
     <span class='ocr_line' id='line_1_38' title="bbox 137 2967 367 3022; baseline -0.004 -15"><span class='ocrx_word' id='word_1_221' title='bbox 137 2967 367 3022; x_wconf 85' lang='lat' dir='ltr'>liquerint.</span> 
     </span>
    </p>

    <p class='ocr_par' dir='ltr' id='par_1_10' title="bbox 138 3016 1027 3122">
     <span class='ocr_line' id='line_1_39' title="bbox 193 3016 1027 3065; baseline -0.006 0"><span class='ocrx_word' id='word_1_222' title='bbox 193 3024 518 3065; x_wconf 79' lang='lat' dir='ltr'>ostentandae.</span> <span class='ocrx_word' id='word_1_223' title='bbox 578 3019 710 3062; x_wconf 86' lang='lat' dir='ltr'><strong>MSS.</strong></span> <span class='ocrx_word' id='word_1_224' title='bbox 728 3017 855 3061; x_wconf 86' lang='lat' dir='ltr'>Harl.</span> <span class='ocrx_word' id='word_1_225' title='bbox 875 3016 1027 3060; x_wconf 72' lang='lat' dir='ltr'>Guelf.</span> 
     </span>
     <span class='ocr_line' id='line_1_40' title="bbox 138 3083 470 3122; baseline 0 0"><span class='ocrx_word' id='word_1_226' title='bbox 138 3083 470 3122; x_wconf 82' lang='lat' dir='ltr'>ostendendae.</span> 
     </span>
    </p>

    <p class='ocr_par' dir='ltr' id='par_1_11' title="bbox 139 3133 1033 3593">
     <span class='ocr_line' id='line_1_41' title="bbox 194 3133 1026 3191; baseline -0.005 -13"><span class='ocrx_word' id='word_1_227' title='bbox 194 3137 367 3191; x_wconf 81' lang='lat' dir='ltr'>pietati.</span> <span class='ocrx_word' id='word_1_228' title='bbox 447 3135 523 3178; x_wconf 85' lang='lat' dir='ltr'>Sic</span> <span class='ocrx_word' id='word_1_229' title='bbox 567 3133 699 3178; x_wconf 85' lang='lat' dir='ltr'>MSS.</span> <span class='ocrx_word' id='word_1_230' title='bbox 737 3133 863 3175; x_wconf 87' lang='lat' dir='ltr'>Flor.</span> <span class='ocrx_word' id='word_1_231' title='bbox 907 3135 1026 3188; x_wconf 84' lang='lat' dir='ltr'>(test.</span> 
     </span>
     <span class='ocr_line' id='line_1_42' title="bbox 139 3189 1029 3248; baseline -0.007 -12"><span class='ocrx_word' id='word_1_232' title='bbox 139 3193 354 3248; x_wconf 80' lang='lat' dir='ltr'>Piehena)</span> <span class='ocrx_word' id='word_1_233' title='bbox 395 3192 518 3235; x_wconf 84' lang='lat' dir='ltr'>Harl.</span> <span class='ocrx_word' id='word_1_234' title='bbox 558 3192 686 3234; x_wconf 77' lang='lat' dir='ltr'>Bodl.</span> <span class='ocrx_word' id='word_1_235' title='bbox 724 3190 838 3234; x_wconf 89' lang='lat' dir='ltr'>Bud.</span> <span class='ocrx_word' id='word_1_236' title='bbox 876 3189 1029 3233; x_wconf 74' lang='lat' dir='ltr'>Guelf.</span> 
     </span>
     <span class='ocr_line' id='line_1_43' title="bbox 142 3246 1030 3306; baseline -0.003 -14"><span class='ocrx_word' id='word_1_237' title='bbox 142 3251 243 3294; x_wconf 86' lang='lat' dir='ltr'>edd.</span> <span class='ocrx_word' id='word_1_238' title='bbox 269 3251 373 3293; x_wconf 77' lang='lat' dir='ltr'>Put.</span> <span class='ocrx_word' id='word_1_239' title='bbox 395 3247 461 3292; x_wconf 87' lang='lat' dir='ltr'><strong>M.</strong></span> <span class='ocrx_word' id='word_1_240' title='bbox 489 3257 531 3291; x_wconf 89' lang='lat' dir='ltr'>et</span> <span class='ocrx_word' id='word_1_241' title='bbox 546 3249 608 3306; x_wconf 59' lang='grc' dir='ltr'>Ὺ.</span> <span class='ocrx_word' id='word_1_242' title='bbox 635 3247 840 3290; x_wconf 68' lang='lat' dir='ltr'>Beroald.</span> <span class='ocrx_word' id='word_1_243' title='bbox 879 3253 938 3300; x_wconf 86' lang='lat' dir='ltr'>(c.</span> <span class='ocrx_word' id='word_1_244' title='bbox 964 3246 1030 3289; x_wconf 78' lang='lat' dir='ltr'>sil.</span> 
     </span>
     <span class='ocr_line' id='line_1_44' title="bbox 143 3304 1032 3364; baseline -0.004 -14"><span class='ocrx_word' id='word_1_245' title='bbox 143 3307 280 3364; x_wconf 65' lang='lat' dir='ltr'>Vici.)</span> <span class='ocrx_word' id='word_1_246' title='bbox 321 3309 421 3351; x_wconf 83' lang='lat' dir='ltr'>Alc.</span> <span class='ocrx_word' id='word_1_247' title='bbox 459 3306 605 3349; x_wconf 83' lang='lat' dir='ltr'>Rben.</span> <span class='ocrx_word' id='word_1_248' title='bbox 644 3305 747 3347; x_wconf 73' lang='lat' dir='ltr'>Ald.</span> <span class='ocrx_word' id='word_1_249' title='bbox 786 3306 875 3347; x_wconf 87' lang='lat' dir='ltr'>Iac.</span> <span class='ocrx_word' id='word_1_250' title='bbox 907 3304 1032 3347; x_wconf 74' lang='lat' dir='ltr'>Gro-</span> 
     </span>
     <span class='ocr_line' id='line_1_45' title="bbox 145 3361 1031 3476; baseline -0.003 -14"><span class='ocrx_word' id='word_1_251' title='bbox 145 3378 388 3466; x_wconf 60' lang='grc' dir='ltr'>ῗὲἒἛὲἓιζ</span> <span class='ocrx_word' id='word_1_252' title='bbox 431 3389 486 3465; x_wconf 62' lang='lat' dir='ltr'>X</span> <span class='ocrx_word' id='word_1_253' title='bbox 515 3361 894 3476; x_wconf 51' lang='lat' dir='ltr'>rmffia‘isspii-ffifi</span> <span class='ocrx_word' id='word_1_254' title='bbox 922 3361 1031 3460; x_wconf 52' lang='lat'>¹255</span> 
     </span>
     <span class='ocr_line' id='line_1_46' title="bbox 148 3438 1033 3537; baseline -0.002 -16"><span class='ocrx_word' id='word_1_255' title='bbox 148 3476 264 3534; x_wconf 86' lang='lat' dir='ltr'>Lips.</span> <span class='ocrx_word' id='word_1_256' title='bbox 317 3492 413 3537; x_wconf 84' lang='lat' dir='ltr'>sqq.</span> <span class='ocrx_word' id='word_1_257' title='bbox 480 3438 534 3521; x_wconf 49' lang='lat' dir='ltr'>§d</span> <span class='ocrx_word' id='word_1_258' title='bbox 588 3478 674 3520; x_wconf 84' lang='lat' dir='ltr'>lac.</span> <span class='ocrx_word' id='word_1_259' title='bbox 724 3475 1033 3521; x_wconf 81' lang='lat' dir='ltr'>Gronovium.</span> 
     </span>
     <span class='ocr_line' id='line_1_47' title="bbox 147 3532 1031 3593; baseline -0.002 -16"><span class='ocrx_word' id='word_1_260' title='bbox 147 3533 348 3593; x_wconf 80' lang='lat' dir='ltr'>Utraque</span> <span class='ocrx_word' id='word_1_261' title='bbox 371 3534 648 3579; x_wconf 77' lang='lat' dir='ltr'>constructio</span> <span class='ocrx_word' id='word_1_262' title='bbox 674 3533 838 3576; x_wconf 83' lang='lat' dir='ltr'>Nostro</span> <span class='ocrx_word' id='word_1_263' title='bbox 875 3532 1031 3575; x_wconf 78' lang='lat' dir='ltr'>usitata</span> 
     </span>
    </p>
   </div>
   <div class='ocr_carea' id='block_1_7' title="bbox 1085 2039 2026 3304">
    <p class='ocr_par' dir='ltr' id='par_1_12' title="bbox 1085 2039 1977 2211">
     <span class='ocr_line' id='line_1_48' title="bbox 1086 2039 1976 2098; baseline 0.006 -15"><span class='ocrx_word' id='word_1_264' title='bbox 1086 2042 1166 2083; x_wconf 84' lang='lat' dir='ltr'>est.</span> <span class='ocrx_word' id='word_1_265' title='bbox 1229 2039 1289 2082; x_wconf 85' lang='lat' dir='ltr'>cf.</span> <span class='ocrx_word' id='word_1_266' title='bbox 1322 2047 1418 2083; x_wconf 79' lang='lat' dir='ltr'>not.</span> <span class='ocrx_word' id='word_1_267' title='bbox 1450 2040 1504 2082; x_wconf 86' lang='lat' dir='ltr'>ad</span> <span class='ocrx_word' id='word_1_268' title='bbox 1535 2041 1578 2090; x_wconf 74' lang='lat'>2,</span> <span class='ocrx_word' id='word_1_269' title='bbox 1608 2041 1680 2086; x_wconf 87' lang='lat'><strong>59.</strong></span> <span class='ocrx_word' id='word_1_270' title='bbox 1742 2043 1804 2088; x_wconf 85' lang='lat' dir='ltr'>At</span> <span class='ocrx_word' id='word_1_271' title='bbox 1835 2045 1876 2098; x_wconf 89' lang='lat'>1,</span> <span class='ocrx_word' id='word_1_272' title='bbox 1905 2045 1976 2089; x_wconf 88' lang='lat'>60.</span> 
     </span>
     <span class='ocr_line' id='line_1_49' title="bbox 1085 2098 1977 2146; baseline 0.007 -6"><span class='ocrx_word' id='word_1_273' title='bbox 1085 2099 1392 2140; x_wconf 75' lang='lat' dir='ltr'>distrahendo</span> <span class='ocrx_word' id='word_1_274' title='bbox 1410 2099 1563 2141; x_wconf 73' lang='lat' dir='ltr'>-hosti,</span> <span class='ocrx_word' id='word_1_275' title='bbox 1621 2098 1733 2144; x_wconf 78' lang='lat' dir='ltr'>lnfr.</span> <span class='ocrx_word' id='word_1_276' title='bbox 1763 2117 1803 2146; x_wconf 86' lang='lat' dir='ltr'>c.</span> <span class='ocrx_word' id='word_1_277' title='bbox 1825 2103 1867 2146; x_wconf 87' lang='lat'>4.</span> <span class='ocrx_word' id='word_1_278' title='bbox 1899 2118 1977 2146; x_wconf 87' lang='lat' dir='ltr'>oc-</span> 
     </span>
     <span class='ocr_line' id='line_1_50' title="bbox 1087 2156 1553 2211; baseline -0.004 -12"><span class='ocrx_word' id='word_1_279' title='bbox 1087 2158 1308 2199; x_wconf 83' lang='lat' dir='ltr'>cultando</span> <span class='ocrx_word' id='word_1_280' title='bbox 1321 2156 1553 2211; x_wconf 84' lang='lat' dir='ltr'>facinori.</span> 
     </span>
    </p>

    <p class='ocr_par' dir='ltr' id='par_1_13' title="bbox 1088 2212 2026 2827">
     <span class='ocr_line' id='line_1_51' title="bbox 1147 2212 1980 2267; baseline 0.007 -12"><span class='ocrx_word' id='word_1_281' title='bbox 1147 2212 1261 2256; x_wconf 81' lang='lat' dir='ltr'><strong>CAP.</strong></span> <span class='ocrx_word' id='word_1_282' title='bbox 1282 2213 1324 2254; x_wconf 83' lang='lat'><strong>4.</strong></span> <span class='ocrx_word' id='word_1_283' title='bbox 1387 2220 1596 2267; x_wconf 80' lang='lat' dir='ltr'>tempore</span> <span class='ocrx_word' id='word_1_284' title='bbox 1627 2217 1769 2257; x_wconf 86' lang='lat' dir='ltr'>etiam</span> <span class='ocrx_word' id='word_1_285' title='bbox 1800 2218 1980 2261; x_wconf 81' lang='lat' dir='ltr'>adiuta.</span> 
     </span>
     <span class='ocr_line' id='line_1_52' title="bbox 1089 2270 2026 2318; baseline 0.006 -6"><span class='ocrx_word' id='word_1_286' title='bbox 1089 2271 1167 2314; x_wconf 88' lang='lat' dir='ltr'>Sic</span> <span class='ocrx_word' id='word_1_287' title='bbox 1202 2270 1336 2312; x_wconf 89' lang='lat' dir='ltr'><strong>MSS.</strong></span> <span class='ocrx_word' id='word_1_288' title='bbox 1369 2270 1493 2313; x_wconf 77' lang='lat' dir='ltr'>Flor.</span> <span class='ocrx_word' id='word_1_289' title='bbox 1537 2272 1739 2318; x_wconf 83' lang='lat' dir='ltr'>(testante</span> <span class='ocrx_word' id='word_1_290' title='bbox 1776 2273 1983 2318; x_wconf 80' lang='lat' dir='ltr'>Victorio</span> <span class='ocrx_word' id='word_1_291' title='bbox 2023 2308 2026 2310; x_wconf 28' lang='lat' dir='ltr'>v</span> 
     </span>
     <span class='ocr_line' id='line_1_53' title="bbox 1088 2327 1984 2386; baseline 0.007 -18"><span class='ocrx_word' id='word_1_292' title='bbox 1088 2344 1169 2386; x_wconf 82' lang='lat' dir='ltr'>per</span> <span class='ocrx_word' id='word_1_293' title='bbox 1213 2327 1458 2381; x_wconf 82' lang='lat' dir='ltr'>silentium)</span> <span class='ocrx_word' id='word_1_294' title='bbox 1505 2328 1618 2370; x_wconf 90' lang='lat' dir='ltr'>Bud.</span> <span class='ocrx_word' id='word_1_295' title='bbox 1665 2329 1814 2373; x_wconf 79' lang='lat' dir='ltr'>Guelf.</span> <span class='ocrx_word' id='word_1_296' title='bbox 1859 2331 1984 2378; x_wconf 70' lang='lat' dir='ltr'>Harl.</span> 
     </span>
     <span class='ocr_line' id='line_1_54' title="bbox 1090 2384 1984 2440; baseline 0.006 -13"><span class='ocrx_word' id='word_1_297' title='bbox 1090 2384 1221 2427; x_wconf 81' lang='lat' dir='ltr'>Bodl.</span> <span class='ocrx_word' id='word_1_298' title='bbox 1258 2385 1335 2426; x_wconf 84' lang='lat' dir='ltr'>les.</span> <span class='ocrx_word' id='word_1_299' title='bbox 1371 2384 1470 2426; x_wconf 85' lang='lat' dir='ltr'>edd.</span> <span class='ocrx_word' id='word_1_300' title='bbox 1501 2385 1603 2427; x_wconf 86' lang='lat' dir='ltr'>Put.</span> <span class='ocrx_word' id='word_1_301' title='bbox 1633 2388 1700 2429; x_wconf 91' lang='lat' dir='ltr'>M.</span> <span class='ocrx_word' id='word_1_302' title='bbox 1727 2396 1771 2440; x_wconf 80' lang='lat' dir='ltr'>et</span> <span class='ocrx_word' id='word_1_303' title='bbox 1797 2388 1854 2430; x_wconf 90' lang='lat' dir='ltr'>V.</span> <span class='ocrx_word' id='word_1_304' title='bbox 1882 2389 1984 2432; x_wconf 83' lang='lat' dir='ltr'>Ber.</span> 
     </span>
     <span class='ocr_line' id='line_1_55' title="bbox 1091 2441 1986 2498; baseline 0.006 -14"><span class='ocrx_word' id='word_1_305' title='bbox 1091 2441 1352 2484; x_wconf 82' lang='lat' dir='ltr'>Alc.Rhen.</span> <span class='ocrx_word' id='word_1_306' title='bbox 1371 2442 1476 2485; x_wconf 75' lang='grc' dir='ltr'>ΑΜ.</span> <span class='ocrx_word' id='word_1_307' title='bbox 1507 2467 1564 2474; x_wconf 90' lang='lat'>—-</span> <span class='ocrx_word' id='word_1_308' title='bbox 1613 2452 1822 2498; x_wconf 82' lang='lat' dir='ltr'>tempore</span> <span class='ocrx_word' id='word_1_309' title='bbox 1845 2448 1986 2489; x_wconf 82' lang='lat' dir='ltr'>etiam</span> 
     </span>
     <span class='ocr_line' id='line_1_56' title="bbox 1093 2498 1987 2558; baseline 0.007 -17"><span class='ocrx_word' id='word_1_310' title='bbox 1093 2502 1194 2541; x_wconf 70' lang='lat' dir='ltr'>iata</span> <span class='ocrx_word' id='word_1_311' title='bbox 1230 2498 1430 2555; x_wconf 85' lang='lat' dir='ltr'>Lipsius,</span> <span class='ocrx_word' id='word_1_312' title='bbox 1480 2508 1528 2542; x_wconf 87' lang='lat' dir='ltr'>ut</span> <span class='ocrx_word' id='word_1_313' title='bbox 1569 2500 1660 2558; x_wconf 87' lang='lat' dir='ltr'>ipse</span> <span class='ocrx_word' id='word_1_314' title='bbox 1705 2510 1916 2556; x_wconf 72' lang='lat' dir='ltr'>testatur,</span> <span class='ocrx_word' id='word_1_315' title='bbox 1963 2521 1987 2547; x_wconf 85' lang='lat' dir='ltr'>e</span> 
     </span>
     <span class='ocr_line' id='line_1_57' title="bbox 1092 2555 1987 2619; baseline 0.007 -21"><span class='ocrx_word' id='word_1_316' title='bbox 1092 2555 1226 2599; x_wconf 86' lang='lat' dir='ltr'><strong>MSS.</strong></span> <span class='ocrx_word' id='word_1_317' title='bbox 1292 2558 1513 2599; x_wconf 76' lang='lat' dir='ltr'>incertum</span> <span class='ocrx_word' id='word_1_318' title='bbox 1582 2559 1743 2614; x_wconf 86' lang='lat' dir='ltr'>quibus</span> <span class='ocrx_word' id='word_1_319' title='bbox 1765 2593 1777 2610; x_wconf 86' lang='lat'>‚</span> <span class='ocrx_word' id='word_1_320' title='bbox 1850 2575 1987 2619; x_wconf 89' lang='lat' dir='ltr'>quem</span> 
     </span>
     <span class='ocr_line' id='line_1_58' title="bbox 1093 2614 1988 2662; baseline 0.009 -7"><span class='ocrx_word' id='word_1_321' title='bbox 1093 2614 1253 2655; x_wconf 83' lang='lat' dir='ltr'>deinde</span> <span class='ocrx_word' id='word_1_322' title='bbox 1278 2629 1434 2656; x_wconf 87' lang='lat' dir='ltr'>omnes</span> <span class='ocrx_word' id='word_1_323' title='bbox 1460 2618 1598 2658; x_wconf 86' lang='lat' dir='ltr'>secuti</span> <span class='ocrx_word' id='word_1_324' title='bbox 1624 2625 1740 2658; x_wconf 86' lang='lat' dir='ltr'>sunt.</span> <span class='ocrx_word' id='word_1_325' title='bbox 1799 2617 1988 2662; x_wconf 80' lang='lat' dir='ltr'>Utrum-</span> 
     </span>
     <span class='ocr_line' id='line_1_59' title="bbox 1092 2671 1991 2733; baseline 0.01 -22"><span class='ocrx_word' id='word_1_326' title='bbox 1092 2687 1179 2728; x_wconf 86' lang='lat' dir='ltr'>que</span> <span class='ocrx_word' id='word_1_327' title='bbox 1204 2671 1397 2728; x_wconf 80' lang='lat' dir='ltr'>probum</span> <span class='ocrx_word' id='word_1_328' title='bbox 1424 2680 1503 2714; x_wconf 80' lang='lat' dir='ltr'>est.</span> <span class='ocrx_word' id='word_1_329' title='bbox 1565 2674 1858 2733; x_wconf 84' lang='lat' dir='ltr'>Kiesslingius</span> <span class='ocrx_word' id='word_1_330' title='bbox 1887 2693 1991 2719; x_wconf 84' lang='lat' dir='ltr'>ma-</span> 
     </span>
     <span class='ocr_line' id='line_1_60' title="bbox 1091 2728 1990 2790; baseline 0.008 -19"><span class='ocrx_word' id='word_1_331' title='bbox 1091 2728 1173 2771; x_wconf 82' lang='lat' dir='ltr'>luit</span> <span class='ocrx_word' id='word_1_332' title='bbox 1219 2729 1335 2770; x_wconf 84' lang='lat' dir='ltr'>iuta.</span> <span class='ocrx_word' id='word_1_333' title='bbox 1412 2729 1496 2772; x_wconf 84' lang='lat' dir='ltr'>Ed.</span> <span class='ocrx_word' id='word_1_334' title='bbox 1532 2729 1650 2789; x_wconf 77' lang='lat' dir='ltr'>Spir.</span> <span class='ocrx_word' id='word_1_335' title='bbox 1690 2733 1738 2773; x_wconf 83' lang='lat' dir='ltr'>in</span> <span class='ocrx_word' id='word_1_336' title='bbox 1780 2741 1990 2790; x_wconf 77' lang='lat' dir='ltr'>tempore</span> 
     </span>
     <span class='ocr_line' id='line_1_61' title="bbox 1102 2787 1376 2827; baseline 0 0"><span class='ocrx_word' id='word_1_337' title='bbox 1102 2787 1245 2827; x_wconf 77' lang='lat' dir='ltr'>etiam</span> <span class='ocrx_word' id='word_1_338' title='bbox 1266 2787 1376 2827; x_wconf 78' lang='lat' dir='ltr'>vita.</span> 
     </span>
    </p>

    <p class='ocr_par' dir='ltr' id='par_1_14' title="bbox 1101 2843 1994 3014">
     <span class='ocr_line' id='line_1_62' title="bbox 1163 2843 1994 2900; baseline 0.011 -17"><span class='ocrx_word' id='word_1_339' title='bbox 1163 2843 1546 2900; x_wconf 78' lang='lat' dir='ltr'>Quinquatruum</span> <span class='ocrx_word' id='word_1_340' title='bbox 1575 2845 1732 2900; x_wconf 83' lang='lat' dir='ltr'>festos</span> <span class='ocrx_word' id='word_1_341' title='bbox 1763 2849 1872 2891; x_wconf 83' lang='lat' dir='ltr'>dies.</span> <span class='ocrx_word' id='word_1_342' title='bbox 1934 2849 1994 2896; x_wconf 74' lang='lat' dir='ltr'>cf.</span> 
     </span>
     <span class='ocr_line' id='line_1_63' title="bbox 1102 2899 1991 2963; baseline 0.007 -20"><span class='ocrx_word' id='word_1_343' title='bbox 1102 2899 1348 2943; x_wconf 80' lang='lat' dir='ltr'>Suet.Ne1-.</span> <span class='ocrx_word' id='word_1_344' title='bbox 1372 2917 1411 2944; x_wconf 88' lang='lat' dir='ltr'>c.</span> <span class='ocrx_word' id='word_1_345' title='bbox 1429 2902 1499 2945; x_wconf 78' lang='lat'><strong>34.</strong></span> <span class='ocrx_word' id='word_1_346' title='bbox 1559 2903 1661 2946; x_wconf 88' lang='lat' dir='ltr'><strong>MS.</strong></span> <span class='ocrx_word' id='word_1_347' title='bbox 1675 2903 1827 2949; x_wconf 87' lang='lat' dir='ltr'>Guelf.</span> <span class='ocrx_word' id='word_1_348' title='bbox 1853 2907 1991 2963; x_wconf 87' lang='lat' dir='ltr'>quin-</span> 
     </span>
     <span class='ocr_line' id='line_1_64' title="bbox 1101 2959 1353 3014; baseline -0.004 -15"><span class='ocrx_word' id='word_1_349' title='bbox 1101 2959 1353 3014; x_wconf 83' lang='lat' dir='ltr'>quatrium..</span> 
     </span>
    </p>

    <p class='ocr_par' dir='ltr' id='par_1_15' title="bbox 1098 3015 1992 3188">
     <span class='ocr_line' id='line_1_65' title="bbox 1153 3015 1990 3077; baseline 0.008 -21"><span class='ocrx_word' id='word_1_350' title='bbox 1153 3023 1422 3068; x_wconf 81' lang='lat' dir='ltr'>parentum.</span> <span class='ocrx_word' id='word_1_351' title='bbox 1497 3015 1580 3059; x_wconf 84' lang='lat' dir='ltr'>Ed.</span> <span class='ocrx_word' id='word_1_352' title='bbox 1623 3017 1740 3077; x_wconf 83' lang='lat' dir='ltr'>Spir.</span> <span class='ocrx_word' id='word_1_353' title='bbox 1779 3028 1990 3075; x_wconf 80' lang='lat' dir='ltr'>potrum.</span> 
     </span>
     <span class='ocr_line' id='line_1_66' title="bbox 1098 3071 1992 3126; baseline 0.009 -12"><span class='ocrx_word' id='word_1_354' title='bbox 1098 3073 1198 3115; x_wconf 87' lang='lat' dir='ltr'><strong>MS.</strong></span> <span class='ocrx_word' id='word_1_355' title='bbox 1238 3071 1374 3114; x_wconf 76' lang='lat' dir='ltr'>Corb.</span> <span class='ocrx_word' id='word_1_356' title='bbox 1418 3075 1648 3126; x_wconf 80' lang='lat' dir='ltr'>parentis.</span> <span class='ocrx_word' id='word_1_357' title='bbox 1730 3076 1902 3120; x_wconf 83' lang='lat' dir='ltr'>Verum</span> <span class='ocrx_word' id='word_1_358' title='bbox 1943 3078 1992 3123; x_wconf 88' lang='lat' dir='ltr'>in</span> 
     </span>
     <span class='ocr_line' id='line_1_67' title="bbox 1098 3129 1794 3188; baseline 0.004 -15"><span class='ocrx_word' id='word_1_359' title='bbox 1098 3129 1353 3173; x_wconf 81' lang='lat' dir='ltr'>universum</span> <span class='ocrx_word' id='word_1_360' title='bbox 1375 3139 1542 3188; x_wconf 82' lang='lat' dir='ltr'>spectat</span> <span class='ocrx_word' id='word_1_361' title='bbox 1565 3133 1794 3176; x_wconf 81' lang='lat' dir='ltr'>sententia.</span> 
     </span>
    </p>

    <p class='ocr_par' dir='ltr' id='par_1_16' title="bbox 1101 3188 1995 3304">
     <span class='ocr_line' id='line_1_68' title="bbox 1157 3188 1995 3249; baseline 0.01 -22"><span class='ocrx_word' id='word_1_362' title='bbox 1157 3202 1246 3241; x_wconf 84' lang='lat' dir='ltr'>quo</span> <span class='ocrx_word' id='word_1_363' title='bbox 1279 3202 1534 3229; x_wconf 84' lang='lat' dir='ltr'>rumorem.</span> <span class='ocrx_word' id='word_1_364' title='bbox 1605 3188 1688 3232; x_wconf 86' lang='lat' dir='ltr'>Ed.</span> <span class='ocrx_word' id='word_1_365' title='bbox 1721 3191 1838 3249; x_wconf 81' lang='lat' dir='ltr'>Spir.</span> <span class='ocrx_word' id='word_1_366' title='bbox 1873 3206 1995 3247; x_wconf 82' lang='lat' dir='ltr'>quo-</span> 
     </span>
     <span class='ocr_line' id='line_1_69' title="bbox 1101 3244 1994 3304; baseline 0.007 -18"><span class='ocrx_word' id='word_1_367' title='bbox 1101 3259 1209 3287; x_wconf 85' lang='lat' dir='ltr'>rum</span> <span class='ocrx_word' id='word_1_368' title='bbox 1230 3258 1377 3286; x_wconf 86' lang='lat' dir='ltr'>more.</span> <span class='ocrx_word' id='word_1_369' title='bbox 1437 3244 1538 3287; x_wconf 76' lang='lat' dir='ltr'>MS.</span> <span class='ocrx_word' id='word_1_370' title='bbox 1564 3245 1671 3304; x_wconf 79' lang='lat' dir='ltr'>Agr.</span> <span class='ocrx_word' id='word_1_371' title='bbox 1698 3263 1784 3303; x_wconf 81' lang='lat' dir='ltr'>quo</span> <span class='ocrx_word' id='word_1_372' title='bbox 1805 3263 1994 3292; x_wconf 85' lang='lat' dir='ltr'>rumore</span> 
     </span>
    </p>
   </div>
   <div class='ocr_carea' id='block_1_8' title="bbox 1104 3300 1995 3464">
    <p class='ocr_par' dir='ltr' id='par_1_17' title="bbox 1104 3300 1995 3464">
     <span class='ocr_line' id='line_1_70' title="bbox 1104 3300 1995 3357; baseline 0.009 -15"><span class='ocrx_word' id='word_1_373' title='bbox 1104 3300 1323 3357; x_wconf 83' lang='lat' dir='ltr'>afficeret.</span> <span class='ocrx_word' id='word_1_374' title='bbox 1436 3301 1526 3344; x_wconf 80' lang='lat' dir='ltr'>Pro</span> <span class='ocrx_word' id='word_1_375' title='bbox 1607 3306 1995 3350; x_wconf 73' lang='lat' dir='ltr'>reconciliationis</span> 
     </span>
     <span class='ocr_line' id='line_1_71' title="bbox 1106 3357 1994 3408; baseline 0.009 -8"><span class='ocrx_word' id='word_1_376' title='bbox 1106 3357 1255 3400; x_wconf 86' lang='lat' dir='ltr'>Guelf.</span> <span class='ocrx_word' id='word_1_377' title='bbox 1277 3357 1407 3400; x_wconf 82' lang='lat' dir='ltr'>habet</span> <span class='ocrx_word' id='word_1_378' title='bbox 1427 3361 1776 3405; x_wconf 72' lang='lat' dir='ltr'>conciliationis.</span> <span class='ocrx_word' id='word_1_379' title='bbox 1817 3364 1876 3408; x_wconf 80' lang='lat' dir='ltr'>cs.</span> <span class='ocrx_word' id='word_1_380' title='bbox 1899 3373 1994 3408; x_wconf 81' lang='lat' dir='ltr'>not.</span> 
     </span>
     <span class='ocr_line' id='line_1_72' title="bbox 1105 3415 1454 3464; baseline -0.006 -5"><span class='ocrx_word' id='word_1_381' title='bbox 1105 3418 1158 3459; x_wconf 81' lang='lat' dir='ltr'>ad</span> <span class='ocrx_word' id='word_1_382' title='bbox 1187 3415 1296 3457; x_wconf 76' lang='lat' dir='ltr'>nist.</span> <span class='ocrx_word' id='word_1_383' title='bbox 1321 3418 1359 3464; x_wconf 89' lang='lat'>1,</span> <span class='ocrx_word' id='word_1_384' title='bbox 1383 3416 1454 3457; x_wconf 91' lang='grc'>71.</span> 
     </span>
    </p>
   </div>
   <div class='ocr_carea' id='block_1_9' title="bbox 1107 3472 1996 3593">
    <p class='ocr_par' dir='ltr' id='par_1_18' title="bbox 1107 3472 1996 3593">
     <span class='ocr_line' id='line_1_73' title="bbox 1162 3472 1995 3531; baseline 0.012 -18"><span class='ocrx_word' id='word_1_385' title='bbox 1162 3472 1477 3528; x_wconf 77' lang='lat' dir='ltr'>acciperetque</span> <span class='ocrx_word' id='word_1_386' title='bbox 1491 3475 1767 3531; x_wconf 80' lang='lat' dir='ltr'>Agrippina.</span> <span class='ocrx_word' id='word_1_387' title='bbox 1807 3478 1883 3522; x_wconf 87' lang='lat' dir='ltr'>Sic</span> <span class='ocrx_word' id='word_1_388' title='bbox 1895 3478 1995 3524; x_wconf 87' lang='lat' dir='ltr'><strong>MS.</strong></span> 
     </span>
     <span class='ocr_line' id='line_1_74' title="bbox 1107 3529 1996 3593; baseline 0.009 -21"><span class='ocrx_word' id='word_1_389' title='bbox 1107 3530 1213 3586; x_wconf 80' lang='lat' dir='ltr'>Reg.</span> <span class='ocrx_word' id='word_1_390' title='bbox 1236 3530 1303 3572; x_wconf 85' lang='lat' dir='ltr'>ed.</span> <span class='ocrx_word' id='word_1_391' title='bbox 1327 3529 1446 3588; x_wconf 78' lang='lat' dir='ltr'>Spir.</span> <span class='ocrx_word' id='word_1_392' title='bbox 1469 3539 1512 3574; x_wconf 77' lang='lat' dir='ltr'>et</span> <span class='ocrx_word' id='word_1_393' title='bbox 1539 3533 1643 3576; x_wconf 85' lang='lat' dir='ltr'>inde</span> <span class='ocrx_word' id='word_1_394' title='bbox 1676 3536 1774 3578; x_wconf 72' lang='lat' dir='ltr'>edd.</span> <span class='ocrx_word' id='word_1_395' title='bbox 1796 3535 1996 3593; x_wconf 84' lang='lat' dir='ltr'>Berneg-</span> 
     </span>
    </p>
   </div>
  </div>
 </body>
</html>
