2164 3990
220 200 273 238 A.
290 196 345 234 U.
362 193 449 232 816.

182 264 186 269 ι
221 244 274 281 Δ.
291 241 339 278 C.
384 239 448 274 6³·

664 197 716 256 L
732 196 840 259 IB.
871 193 1038 259 XIV.

1121 193 1314 260 CAP.
1350 197 1454 262 63.
1867 205 1989 265 301
2054 160 2055 164 Ὺ

141 335 268 392 eius
309 330 496 403 magis
540 336 889 403 aspernante
921 324 1200 399 Caesare,
1243 339 1493 404 ¹tempus
1543 331 1802 388 sermoni
1829 344 1995 407 porat,

142 431 200 476 et
220 426 452 491 accepto
480 413 562 470 ita
589 411 822 487 incipit:
867 410 1441 485 „Quartusdecimus
1469 434 1660 472 annus
1691 428 1803 487 est,
1845 415 1996 490 Cae-

139 522 310 574 „sar‚
352 520 420 556 ex
449 517 566 575 quo
593 497 720 572 spei
744 507 878 553 tuae
902 499 1173 556 admotus
1200 518 1358 556 sum:
1401 509 1641 557 octavus
1657 545 1674 570 ‚
1716 514 1785 560 ut
1806 501 1996 579 impe-

138 588 344 658 „rium
377 583 632 641 obtines:
674 581 870 638 medio
907 583 1190 659 temporis
1221 595 1453 641 tantum
1488 579 1789 643 honorum
1823 598 1999 664 atque

142 690 372 747 „opum
408 669 474 724 in
512 687 605 723 me
640 667 982 737 cumulasti,
1035 679 1105 726 ut
1134 665 1290 725 nihil
1329 669 1595 727 felicitati
1638 691 1803 727 meae
1846 673 1997 731 desit

139 756 303 827 „nisi
322 752 646 810 moderatio
676 755 821 813 eius,

907 750 1056 810 Utar
1084 755 1312 826 magnis
1348 755 1656 830 exempliS‚
1696 776 1805 813 nec
1834 777 1998 815 meae

142 843 460 912 „fortunae
500 837 601 894 sed
638 847 790 896 tuae.
875 832 1118 894 Abavus
1153 849 1290 895 tuus
1318 835 1634 914 Augustus
1653 839 1741 901 M.
1776 835 1999 919 Agrip-

139 945 295 1002 „pae
328 922 725 1002 Mytilenense
763 933 1076 992 secretum,
1118 921 1186 983 C.
1222 922 1556 983 Maecenati
1586 927 1736 983 urbe
1770 926 1836 982 in
1870 927 1997 1002 ipsa

141 1011 351 1082 „velut
371 1007 749 1084 peregrinum
784 1007 972 1063 otium
995 1008 1290 1083 permisit,
1333 1028 1588 1085 quorum
1628 1011 1776 1070 alter
1808 1011 2002 1069 bello-

143 1116 321 1166 „rum
370 1094 592 1160 sociuS‚
644 1092 791 1148 alter
827 1090 1055 1149 Romae
1098 1092 1371 1167 pluribus
1410 1095 1715 1153 laboribus
1753 1096 1999 1155 iactatus

142 1180 383 1256 „ampla
407 1179 677 1255 quidem,
716 1175 818 1232 sed
840 1196 948 1250 pro
975 1175 1313 1249 ingentibus
1346 1180 1572 1237 meritis
1604 1182 1866 1257 praemia
1902 1203 2003 1240 ac·-

143 1311 178 1336 „
193 1274 483 1340 ceperant.

581 1280 686 1335 ego
718 1261 859 1337 quid
899 1260 1065 1318 aliud
1098 1263 1536 1322 munificentiae
1572 1263 1854 1325 adhibere
1888 1287 2002 1344 po-

142 1350 277 1420 „tui
320 1367 497 1426 quam
532 1346 757 1416 studia,
807 1355 876 1404 ut
911 1345 992 1404 sic
1028 1346 1310 1420 dixerim,
1361 1347 1427 1407 in
1466 1351 1679 1410 umbra
1717 1353 2002 1413 educata?

145 1623 230 1668 pro
262 1613 370 1650 orat
400 1612 466 1649 est
491 1603 539 1648 in
569 1605 669 1650 edd.
695 1605 813 1664 Spir.
842 1604 946 1648 Put.
970 1604 1040 1649 M.

147 1675 193 1709 et
216 1666 292 1715 V.;
332 1672 375 1708 et
408 1669 626 1705 octavum
685 1679 738 1706 ro
771 1669 964 1706 octavus
989 1662 1039 1706 in

148 1723 218 1766 ed.
244 1722 361 1780 Spir.
393 1741 454 1757 υ-
511 1721 613 1765 MS.
641 1679 791 1764 (guelf.
824 1729 927 1779 post
948 1735 1038 1763 an-

148 1794 239 1823 nus
271 1778 441 1822 omittit
471 1785 556 1823 est.
626 1778 738 1822 Mox
760 1778 882 1822 idem
908 1777 1041 1822 habet

146 1839 199 1880 ni
213 1853 295 1896 pro
317 1836 423 1880 nisi.

204 1952 290 1981 nec
326 1952 473 1981 meae.
494 1936 739 1992 fortunae.
821 1932 899 1979 Sic
937 1934 1040 1979 MS.

148 1994 300 2039 Guelf.
328 1995 430 2039 edd.
456 1993 560 2038 Put.
581 1990 650 2036 M.
675 1994 718 2035 et
741 1991 799 2036 V.
830 1990 1039 2038 Beroald.

148 2052 751 2178 fflgaffhffi.⁵{÷a:0;;z
776 2052 1042 2173 'ecastr

150 2168 269 2270 {3:1:
288 2163 1042 2288 εεὲςὲἕίῑῑὲοὲῑῖξξεῐῑὶζῑξῑεῗ

151 2283 243 2384 222⁸
247 2281 513 2383 1‹Jeltlstpllenda
537 2278 670 2339 plena
687 2279 916 2324 distinctio
940 2288 1043 2323 ante

209 2441 386 2483 abavus
418 2444 543 2490 tuus.
600 2430 640 2480 E
666 2436 952 2480 correctione
973 2435 1043 2480 Li-

152 2497 260 2557 psii,
296 2511 429 2553 quam
454 2493 628 2552 primus
653 2494 821 2552 recepit
842 2493 1042 2552 Ryckius

154 2564 197 2599 et
237 2554 342 2597 dein
380 2553 559 2596 Ernest.
597 2567 694 2609 sqq.
776 2551 835 2596 cf.
870 2551 935 2603 13,
966 2551 1041 2596 84.

153 2613 312 2657 senec.
339 2610 394 2653 de
415 2608 548 2654 clem.
572 2609 611 2658 1,
636 2611 704 2652 10.
734 2636 793 2645 --
838 2608 973 2652 MSS.
998 2616 1044 2652 et

154 2676 258 2713 vett.
291 2667 391 2711 edd.
420 2674 592 2709 atavus
620 2674 752 2720 tuus,
787 2667 912 2723 quod
936 2683 1042 2710 eum

154 2728 244 2770 lac.
284 2725 496 2769 Gronov.
528 2723 756 2767 Naudetus
788 2740 934 2782 nuper
974 2737 1044 2767 re·

155 2783 294 2843 petiit.
366 2781 423 2824 Et
458 2788 602 2839 potest
635 2797 740 2824 sane
770 2781 815 2824 in
853 2778 1043 2825 dubium

156 2838 313 2886 vocari
368 2837 621 2881 emendatio
673 2837 829 2897 Lipsii.
928 2839 1044 2882 Nam

157 2897 292 2940 atavi
329 2894 463 2943 etiam
499 2893 734 2947 dicuntur,
788 2903 838 2939 ut
868 2895 916 2940 in
944 2896 1045 2939 uni·

159 2969 342 2999 versum
372 2951 643 2994 denotentur
671 2955 873 2996 maiores
905 2955 1041 3011 (Ah-

159 3010 271 3065 nen)
305 3008 492 3053 alicuius
525 3008 604 3064 (cf.
629 3008 784 3054 Horat.
810 3010 901 3054 Od.
934 3014 973 3063 1,
1003 3012 1042 3060 1,

162 3071 243 3124 1.)‚
281 3083 368 3110 nec
397 3073 489 3109 erat
518 3065 649 3109 huius
678 3067 794 3119 loci,
833 3076 883 3110 ut
911 3084 1042 3113 accu-

157 3133 252 3169 rate
275 3125 406 3183 plane
429 3123 590 3180 gradus
613 3125 892 3181 cognationis
909 3125 1043 3185 signi·

156 3183 379 3226 ficaretur.
463 3178 672 3222 Ceterum
710 3181 778 3226 ed.
807 3182 928 3241 Spir.
968 3183 1045 3229 dat

159 3249 351 3283 attavus
375 3253 458 3295 pro
481 3245 666 3281 atavus.

216 3352 515 3409 Mytilenense
549 3363 790 3398 secretum.
850 3355 909 3399 cf.
934 3355 1042 3398 Sue·

161 3419 255 3454 ton.
279 3410 385 3454 Oet.
410 3426 448 3452 c.
467 3411 537 3452 66.
590 3410 679 3452 Dio
706 3411 775 3459 53,
798 3411 868 3456 32.
923 3412 1044 3456 Plin.

160 3468 201 3517 7,
236 3467 308 3511 45.
385 3467 456 3510 De
493 3467 712 3526 scriptura
743 3469 1043 3524 Mytilenense

161 3524 223 3570 cf.
248 3532 341 3569 not.
364 3525 418 3568 ad
438 3524 481 3580 6,
498 3525 562 3569 18.
621 3524 706 3570 Hic
728 3526 798 3571 ed.
816 3526 933 3586 Spir.
954 3528 1045 3571 mi-

1111 1602 1353 1663 tz'lz'nense;
1397 1610 1500 1654 edd.
1526 1610 1628 1656 Put.
1654 1609 1720 1656 M.
1747 1618 1790 1655 et
1810 1608 1867 1655 V.
1899 1610 2002 1657 Ber.

1111 1665 1169 1718 (c.
1195 1667 1340 1712 silent.
1363 1669 1501 1726 Vict.)
1529 1671 1859 1726 mytilenense3
1895 1668 1999 1715 edd.

1110 1722 1258 1769 Rhen.
1285 1739 1381 1784 sqq.
1404 1727 1726 1783 Mitylenense.

1166 1811 1306 1854 velut.
1360 1810 1446 1854 Ed.
1467 1810 1589 1870 Spir.
1617 1813 1773 1856 valde.

1169 1896 1280 1950 quid
1311 1895 1448 1938 aliud
1477 1894 1818 1952 mumfioenttae
1857 1897 2000 1938 adhi-

1111 1952 1217 1994 bere
1233 1953 1384 2007 potui.
1445 1951 1523 1996 Sic
1554 1952 1656 1996 edd.
1688 1960 1800 1998 vett.
1832 1952 1893 2007 (c.
1931 1953 2004 1999 sil.

1111 2007 1247 2066 Viet.)
1271 2017 1315 2051 et
1330 2008 1433 2052 MS.
1447 2008 1564 2052 Bud.
1626 2008 1714 2053 Sed
1728 2009 1865 2058 MSS.
1879 2010 2004 2056 Harl.

1110 2065 1244 2109 Bodl.
1268 2067 1355 2110 Ies.
1383 2065 1535 2110 Guelf.
1561 2066 1671 2125 Agr.
1695 2066 1798 2113 edd.
1819 2067 2000 2125 Ernest.

1112 2139 1211 2181 sqq.
1264 2131 1367 2185 post
1427 2124 1773 2181 munificentiae
1834 2126 2006 2171 addunt

1113 2188 1238 2227 tuae.
1320 2179 1553 2224 Bekkerus
1589 2182 1815 2227 invectam
1853 2199 2001 2228 vocu—

1114 2238 1206 2283 lam
1255 2240 1384 2282 uncis
1421 2230 1607 2284 inclusit
1642 2243 1693 2282 u't
1730 2250 2002 2307 suspectam.

1112 2294 1177 2342 At
1209 2291 1434 2340 debuisset
1465 2296 1624 2340 tollere
1656 2297 1703 2339 in
1765 2297 2003 2344 atibulum.

1112 2354 1230 2397 Nam
1255 2353 1519 2397 sententiam
1545 2353 1600 2395 ab
1622 2353 1711 2397 hoc
1756 2366 1842 2398 oco
1873 2356 2004 2413 plane

1114 2410 1305 2454 alienam
1358 2411 1403 2452 id
1453 2405 1810 2454 additamentum
1847 2407 2001 2458 infert.

1113 2465 1428 2524 Mumficentia
1477 2466 1550 2510 hic
1602 2461 1790 2511 minime
1844 2469 2006 2515 intelli·

1144 2525 1255 2569 enda
1289 2531 1354 2568 est
1387 2522 1695 2569 munificentia
1725 2521 1921 2571 Neronis
1955 2527 2006 2573 in

1112 2541 1358 2633 Senecarm
1425 2582 1567 2625 immo
1622 2582 1755 2626 huius
1814 2585 2001 2629 munifi-

1115 2639 1261 2684 centia
1289 2639 1338 2682 in
1368 2638 1515 2682 illum.
1573 2638 1768 2684 Ponitur
1799 2642 1919 2685 enim
1946 2659 2003 2687 eo

1114 2713 1275 2746 sensu,
1304 2712 1395 2754 quo
1429 2704 1495 2751 est
1520 2697 1640 2755 apud
1669 2697 1856 2751 milites,
1885 2700 2004 2744 inter

1115 2770 1229 2813 quos
1253 2754 1492 2810 munifices
1518 2762 1646 2798 erant
1667 2755 1830 2800 milites
1858 2757 2002 2803 infimi

1114 2812 1308 2862 ordinis,
1346 2812 1423 2870 qui
1455 2811 1606 2855 omnia
1638 2811 1820 2857 militiae
1844 2813 2005 2860 munia

1115 2869 1336 2914 debebant
1366 2868 1518 2922 obire,
1552 2870 1801 2928 quibusque
1829 2872 2002 2918 tribuni

1114 2936 1158 2972 et
1177 2925 1468 2970 centuriones
1491 2927 1539 2970 in
1559 2927 1746 2970 modum
1765 2943 2004 2982 servorum

1113 2983 1374 3028 utebantur.
1436 2981 1496 3028 cf.
1519 2983 1676 3042 Veget.
1711 2986 1754 3036 2,
1784 2984 1826 3029 7.
1859 2995 1903 3030 et
1933 2987 2004 3033 19.

1114 3041 1210 3084 Iam
1235 3041 1403 3086 Seneca
1430 3041 1485 3085 de
1507 3040 1732 3100 Agrippae
1759 3051 1802 3086 et
1824 3042 2001 3089 Maeee-

1115 3098 1228 3142 natis
1279 3099 1535 3154 ingentibus
1582 3100 1768 3142 meritis
1821 3100 2000 3146 locutus

1113 3155 1279 3214 pergit:
1319 3157 1422 3210 Ego
1446 3157 1557 3212 quid
1578 3159 1708 3199 aliud
1731 3158 2001 3215 munfficen-

1112 3215 1206 3256 tiae
1226 3215 1442 3257 adhibere
1455 3215 1593 3268 potui
1611 3223 1698 3257 etc.
1724 3222 1773 3257 ut
1791 3213 1916 3273 quasi
1936 3216 2001 3260 di-

1115 3279 1207 3321 cat,
1257 3286 1336 3314 sua
1369 3272 1526 3314 merita
1567 3280 1798 3329 tantopere
1839 3273 2002 3320 distare

1113 3328 1167 3372 ab
1192 3327 1417 3385 Agrippae
1444 3337 1487 3371 et
1509 3327 1781 3373 Maecenatis
1815 3331 2001 3385 meritis,

1114 3399 1247 3441 quam
1264 3385 1486 3429 munificis
1508 3385 1660 3430 militis
1680 3386 1826 3432 officia
1840 3404 1865 3433 a
1878 3405 1998 3434 sum·

1114 3441 1178 3486 mi
1201 3440 1328 3486 ducis
1351 3443 1578 3500 operibus.

1173 3526 1221 3568 in
1241 3527 1422 3571 umbra.
1478 3525 1564 3573 Ed.
1582 3527 1698 3588 Spir.
1721 3530 1768 3573 in
1785 3532 1941 3578 verba.
