2164 3990
333 940 399 1000 C.
486 936 1111 1001 CORNELII
1198 933 1644 995 TACITI

944 1079 1041 1118 AB

500 1186 840 1234 EXCESSU
908 1184 1078 1230 DIVI
1131 1183 1488 1228 AUGUSTl

181 1295 254 1368 A
408 1293 483 1371 N
635 1291 711 1368 N
872 1289 944 1363 A
1092 1290 1237 1362 L·
1320 1288 1356 1362 I
1513 1289 1584 1363 U
1722 1293 1807 1370 M

431 1450 696 1504 LIBER
739 1447 1121 1515 QUINTUS
1166 1448 1557 1503 DECIMUS.

553 1735 1129 1780 BREVIARIUM
1188 1734 1433 1780 Llss-Rl.

215 1846 328 1894 CAP.
355 1849 392 1891 1.
418 1849 462 1890 2.
520 1847 764 1905 Vologeses
799 1864 875 1891 rex
904 1847 1176 1892 Parthorum
1216 1847 1384 1891 bellum
1424 1858 1575 1892 mente
1608 1850 1756 1897 volvit
1787 1852 1924 1896 insti-

71 1905 277 1963 gantibus
307 1905 444 1949 fratre
465 1904 661 1949 Tiridate
689 1915 732 1948 et
754 1906 1015 1948 Monobazo
1038 1907 1293 1956 Adiabeno,
1314 1921 1460 1961 -quem
1485 1905 1700 1965 Tigranes
1733 1920 1923 1954 vexarat.

70 1964 114 2008 3.
147 1963 349 2008 Corbulo
380 1961 535 2021 Syriae
568 1963 758 2006 tuendae
821 1963 1012 2007 rovidet.
1079 1964 1120 2008 4.
1152 1962 1304 2006 Parthi
1334 1962 1525 2006 Monese
1556 1964 1670 2008 duce
1697 1965 1922 2022 Tigrano-

71 2031 191 2065 certa
213 2021 435 2064 obsident.
495 2020 535 2063 5.
559 2020 770 2076 Vologesi
788 1979 991 2062 Corbulo
1012 2019 1213 2063 inducias
1239 2019 1435 2076 offen-tet
1457 2019 1678 2078 impetrat.
1739 2023 1782 2066 6.
1811 2025 1924 2068 Cae·-

71 2079 214 2122 sennii
245 2077 368 2121 Paeti
395 2077 634 2120 Armeniae
662 2093 819 2120 recens
850 2074 1060 2133 praefecti
1093 2078 1286 2128 vanitas,
1327 2077 1369 2119 7.
1400 2076 1442 2119 8.
1471 2077 1660 2130 ferocia,
1691 2077 1944 2136 imperitia„

68 2135 292 2180 iactantia.
324 2140 327 2143 ’
353 2134 396 2179 9.
427 2134 500 2181 Ab
522 2133 767 2177 invadenda
791 2134 919 2191 Syria
938 2133 1139 2177 Corbulo
1161 2135 1377 2177 absterret
1398 2133 1611 2184 Parthos,
1643 2137 1717 2194 qui
1747 2141 1812 2182 10.
1833 2135 1939 2182 Ar?

71 2193 243 2237 meniae
273 2200 317 2236 et
343 2191 487 2234 Paeto
522 2190 808 2234 incumbunt.
883 2190 955 2234 hic
990 2207 1119 2247 aegre
1147 2190 1455 2235 Corbulonem
1483 2193 1647 2236 auxilio
1684 2203 1812 2238 vocat
1839 2199 1923 2240 '11.

70 2249 247 2293 Parthis
277 2247 599 2308 prementibus.
662 2248 731 2290 12.
762 2248 802 2290 ls
833 2248 879 2290 in
907 2248 1166 2291 Armeniam
1197 2246 1426 2306 profectus
1457 2248 1676 2306 fugientes
1704 2252 1837 2295 obiur
1869 2262 1926 2306 at,
2010 2283 2011 2286 =

72 2323 176 2351 suos
212 2307 430 2351 hortatur.
502 2305 570 2349 13.
603 2304 848 2361 Vologeses
885 2305 1018 2348 instat
1047 2305 1200 2349 Paeto.
1275 2306 1340 2348 14.
1371 2306 1651 2365 Disceptatio
1681 2308 1799 2352 inter
1829 2268 1927 2353 1ξο-

74 2380 230 2408 manos
256 2374 299 2408 et
318 2362 529 2411 Parthos,
597 2379 622 2403 x
658 2377 744 2418 qua
778 2362 844 2404 15.
868 2361 989 2405 Paeti
1023 2361 1151 2405 foeda
1187 2363 1473 2419 compositio.
1545 2365 1615 2407 16.
1648 2363 1846 2409 Corbulo
1881 2367 1929 2412 in

73 2421 333 2465 Armeniam
353 2418 489 2463 venit.
553 2378 620 2462 ὗ.
650 2421 789 2463 Paeto
813 2419 1034 2475 increpito
1058 2419 1236 2476 Syriam
1257 2419 1431 2475 repetit.
1491 2421 1558 2463 18.
1586 2420 1759 2466 Romae
1779 2422 1928 2468 inania

16 2505 18 2507 ·
75 2478 129 2523 de
145 2478 318 2522 Parthis
338 2486 534 2535 tropaea.
598 2477 897 2520 Frumentum
922 2475 1080 2534 plebis.
1140 2475 1401 2533 Vectigalia.

221 2545 290 2592 19.
322 2546 370 2590 S.
395 2543 449 2591 C.
482 2546 536 2589 de
568 2544 782 2588 simulatis
815 2543 1147 2601 adoptionibus.
1220 2543 1290 2585 20.
1315 2544 1386 2586 21.
1423 2542 1635 2590 Claudius
1661 2547 1929 2596 Timarchus

76 2604 299 2650 Cretensis
336 2611 599 2655 accusatur,
640 2602 764 2660 quod
790 2600 986 2644 Thrasea
1018 2601 1177 2644 Paetus
1213 2600 1267 2642 ad
1307 2601 1478 2643 honum
1513 2604 1743 2660 publicum
1780 2605 1933 2654 vertit.

75 2663 148 2708 22.
178 2663 421 2707 Decretum
438 2668 584 2717 grates
603 2658 881 2717 praesidibus
904 2673 997 2700 non
1021 2658 1228 2714 agendas.
1288 2657 1521 2701 Portenta.
1579 2660 1652 2705 23.
1687 2662 1763 2708 Ob
1789 2663 1930 2710 filiam

74 2717 245 2764 Neroni
277 2727 427 2763 natam
466 2716 708 2760 immodica
741 2715 900 2774 gaudia
933 2724 975 2758 et
1006 2714 1272 2760 frustranea.
1348 2713 1400 2758 In
1432 2714 1675 2762 Thraseam
1715 2720 1930 2782 principis

80 2777 252 2821 odium.

221 2844 293 2887 24.
318 2842 468 2900 Legati
481 2842 751 2886 Parthorum
773 2841 946 2885 Romae
969 2842 1199 2885 inrisores.
1261 2840 1332 2884 25.
1355 2840 1483 2883 Bello
1499 2840 1771 2891 Armeniaca
1796 2861 1928 2908 prae.

81 2902 228 2946 ficitur
249 2899 468 2945 Corbulo.
527 2899 715 2942 Paetum
744 2899 906 2943 Caesar
926 2898 1100 2943 facetiis
1121 2898 1381 2941 insectatur.
1441 2899 1513 2941 26.
1548 2898 1748 2947 Corbulo
1777 2906 1823 2949 in
1836 2909 1932 2952 Ar·
1982 2914 1983 2917 ’

82 2959 273 3002 meniam
309 2957 434 2999 ducit
465 2955 729 3008 exercitum,
786 2957 855 3000 27,
891 2956 1057 3016 legatos
1078 2955 1347 2998 Parthorum
1372 2954 1523 3008 audit,
1563 2957 1812 3006 defectores
1837 2966 1929 3007 Ar..

80 3017 254 3058 menios
284 3013 528 3058 ulciscitur.
596 3013 804 3057 28—30.
835 3013 1052 3056 Tiridates
1082 3030 1104 3055 a
1128 3010 1389 3055 Corbulone
1411 3027 1570 3068 pacem
1590 3017 1698 3073 petit
1720 3028 1762 3063 et
1782 3021 1930 3087 posito

80 3089 102 3116 a
139 3073 198 3115 ud
240 3070 431 3130 effigiem
469 3069 668 3113 Caesaris
709 3071 870 3129 insigni
914 3070 1037 3127 regio
1072 3071 1303 3126 impetrat,
1349 3069 1628 3129 comiterque
1659 3076 1876 3134 excipitur
1906 3097 1933 3125 a

82 3089 362 3176 (ferbulone.
419 3127 491 3171 31.
526 3126 758 3184 Vologesis
782 3144 864 3186 pro
890 3127 1029 3171 fratre
1059 3126 1330 3170 sollicitudo.

226 3201 297 3246 32.
333 3199 523 3259 Alpinos
557 3197 802 3242 maritimos
836 3199 957 3243 Nero
992 3200 1037 3241 iu
1074 3199 1139 3241 ius
1163 3197 1274 3240 Latii
1309 3196 1534 3242 transfert.
1595 3199 1810 3267 Equitum
1834 3204 1929 3251 Ro.

83 3274 324 3303 manorum
342 3258 392 3300 in
413 3258 537 3301 circo
560 3256 684 3298 locos
704 3255 914 3300 sedilibus
940 3256 1082 3314 plebis
1105 3256 1351 3311 anteponit.
1413 3254 1624 3299 Feminae
1645 3258 1850 3307 inlustres
1867 3280 1932 3307 se-

85 3325 348 3373 natoresque
368 3315 415 3357 in
441 3328 590 3357 arena.
648 3311 719 3355 33.
747 3313 870 3356 Nero
892 3313 984 3371 ipse
1001 3311 1185 3370 Neapoli
1210 3323 1387 3353 scenam
1410 3312 1646 3356 inscendit.
1707 3315 1776 3361 34.
1793 3318 1934 3364 Thea-

87 3383 206 3416 trum
231 3373 335 3416 ruit.
393 3369 634 3414 Beneventi
655 3369 777 3412 Nero
810 3385 976 3413 munus
996 3368 1166 3412 Vatinii
1201 3375 1384 3425 spectat.
1444 3368 1517 3412 35.
1549 3368 1829 3430 Torquatum
1858 3378 1936 3421 si-

87 3430 237 3477 lanum
267 3427 385 3472 mori
416 3428 565 3485 adigit.
626 3423 697 3469 36.
729 3426 819 3469 Iter
853 3427 1017 3469 frustra
1048 3425 1287 3469 meditatur
1323 3423 1369 3466 in
1397 3425 1647 3471 Orientem.
1703 3431 1772 3474 37.
1809 3433 1933 3478 Con..

86 3485 206 3531 vivia
227 3486 330 3528 luxu
350 3484 483 3528 foeda
505 3483 699 3527 celebrat
720 3483 926 3526 ministro
941 3483 1178 3541 Tigellino.
1230 3480 1507 3540 Pythagorae
1530 3485 1671 3531 nubit.
1729 3488 1801 3533 38.
1827 3491 1937 3536 Cla..

88 3544 164 3586 des
191 3542 356 3586 Romae
395 3558 442 3586 ex
473 3541 706 3591 incendio,
749 3540 866 3583 sorte
894 3557 950 3583 an
981 3540 1087 3582 dolo
1119 3537 1358 3597 principis,
1397 3540 1472 3598 qui
1504 3540 1574 3584 39.
1607 3541 1654 3585 in
1688 3549 1937 3592 remedium

87 3599 228 3644 multa
247 3597 475 3657 popularia
498 3605 695 3656 usurpat.
755 3597 824 3641 40.
846 3597 919 3640 41.
954 3596 1106 3642 Cladis
1143 3596 1419 3653 magnitudo.
1481 3596 1634 3644 Novae
1665 3604 1787 3647 urbis
1823 3620 1937 3650 con..

1204 3657 1343 3713 Xe
