2164 3990
1 2257 5 2260 >
60 2239 63 2264 ἕ
108 2229 331 2279 Rhenam,
363 2244 499 2286 quam
521 2243 729 2294 reqepere
750 2228 888 2287 Ryck.
912 2229 996 2272 lac.

183 261 234 300 A.
253 262 305 300 U.
322 263 407 296 815.

184 307 234 342 A.
256 306 301 341 C.
346 307 407 341 02.

636 264 812 325 LIB.
848 264 1012 325 XIV.
1098 263 1414 327 CAP.40.
1819 271 1947 329 287

95 398 298 455 mitius
351 393 575 452 Balbus
626 404 751 450 erat
804 394 1175 468 praetoriuS‚'
1241 395 1417 454 simul
1480 397 1656 471 longa
1719 413 1948 474 senecta

98 483 273 539 simul
308 482 557 538 orbitate
594 491 651 535 et
675 479 921 554 pecunia
956 480 1190 536 insidiis
1220 481 1530 542 obnoxius,
1615 483 1669 538 ei
1699 486 1951 561 propin-

97 587 248 644 quus
283 564 553 622 Valerius
586 563 883 621 Fabianus
923 566 1288 640 capessendis
1324 561 1653 624 honoribus
1689 570 1952 627 destina-

95 664 191 708 tus
226 651 490 708 subdidit
526 660 934 706 testamentum
971 651 1203 708 adscitis
1226 650 1464 708 Vinicio
1490 651 1713 725 Rufino
1749 666 1805 712 et
1831 654 1954 712 Te-

99 737 290 793 rentio
312 735 569 793 Lentino
610 735 905 811 equitibus
932 733 1238 795 Romanis,
1324 737 1415 792 illi
1448 733 1782 796 Antonium
1816 739 1952 796 Pri-

101 842 266 878 mum
295 831 352 877 et
372 817 650 877 Asinium
681 818 1031 876 Marcellum
1058 820 1438 881 sociaverant.
1523 819 1822 882 Antonius
1847 845 1955 882 au-

99 906 262 962 dacia
290 917 624 980 promptus:
679 903 999 961 Marcellus
1034 900 1244 961 Asinio
1269 904 1540 964 Pollione
1574 929 1796 984 proavo
1832 909 1954 967 cla·-

98 1010 200 1048 rus
248 1010 439 1067 neque
491 1010 726 1046 morum
786 991 1149 1065 spernendus
1199 986 1552 1062 habebatur,
1618 994 1739 1051 nisi
1791 997 1954 1071 quod

98 1087 499 1151 paupertatem
567 1073 951 1150 praecipuum
1011 1076 1302 1131 malorum
1367 1079 1655 1138 credebat.
1764 1077 1956 1154 Igitur

102 1160 398 1217 Fabianus
448 1161 676 1217 tabulas
741 1160 814 1214 iis
881 1179 1028 1236 quos
1090 1162 1412 1217 memoravi
1465 1174 1523 1220 et
1571 1163 1704 1240 aliis
1757 1165 1957 1224 minus

103 1245 452 1302 inlustribus
507 1246 792 1317 obsignat.
917 1245 1076 1319 quod
1133 1247 1290 1319 apud
1345 1259 1539 1321 patres
1591 1249 1953 1308 convictum:

105 1341 162 1386 et
225 1329 523 1386 Fabianus
590 1326 1006 1404 Antoniusque
1069 1350 1205 1385 cum
1269 1329 1491 1389 Rufino
1561 1345 1618 1390 et
1671 1333 1953 1394 Terentio

105 1414 228 1487 lege
278 1412 554 1471 Cornelia
612 1415 988 1474 damnantur.
1098 1412 1452 1472 Marcellum
1498 1420 1780 1476 memoria
1828 1441 1958 1478 ma-

103 1499 297 1555 iorum
347 1511 403 1556 et
437 1518 637 1575 preces
679 1497 944 1556 Caesaris
979 1519 1201 1574 poenae
1247 1502 1428 1576 magis
1464 1524 1641 1579 quam
1679 1505 1957 1564 infamiae

108 1604 385 1644 exemere.

165 1873 361 1921 Balbus,
405 1870 620 1928 E‹1.Spir.
634 1872 818 1916 Calvus.
860 1872 994 1930 Apud

111 1930 298 1972 sueton.
325 1929 403 1972 lul.
428 1946 466 1972 c.
492 1929 561 1972 36.
587 1930 996 1986 legiturDomiliuS

111 1988 342 2030 Calvinus.
409 1987 583 2029 Balbos
603 1986 738 2029 fuisse
759 1987 996 2029 Domitios

110 2061 201 2088 non
225 2043 423 2089 invenio.

1125 1873 1310 1916 tabulas
1339 1874 1411 1918 iis.
1495 1875 1572 1919 Sic
1602 1876 1774 1935 Lipsius
1808 1880 1971 1925 locum-

1067 1930 1259 1972 restituit
1294 1947 1316 1972 e
1348 1931 1449 1975 cod.
1474 1931 1644 1982 Vatic„
1678 1937 1778 1993 qui:
1822 1940 1958 1981 tabu·
1997 1947 1999 1949 ’

1065 1988 1213 2028 lusit-5.
1276 1987 1398 2029 Idem
1421 1989 1612 2033 habetur
1634 1993 1679 2034 in
1706 1993 1806 2036 MS.
1831 1996 1956 2039 Flor.

1071 2046 1185 2097 (test.
1209 2044 1443 2102 Pichmm),
1476 2048 1559 2090 nisi
1583 2049 1702 2106 quod
1727 2051 1787 2094 ibi
1811 2053 1957 2096 littera

1066 2116 1114 2150 s,
1147 2118 1258 2159 quae
1296 2103 1419 2159 prius
1450 2103 1555 2157 fuit,
1588 2122 1709 2149 erasa
1743 2117 1830 2153 eta
1866 2128 1958 2154 rec.

1069 2175 1131 2201 m.
1168 2161 1434 2216 rescriptum
1467 2172 1531 2205 est
1552 2179 1594 2205 r.
1659 2162 1862 2210 Victorio
1898 2177 1957 2211 ta-

1068 2232 1172 2258 men
1226 2216 1443 2260 intactum
1494 2220 1653 2264 mansit
1700 2226 1960 2276 tabulariis,

1069 2273 1190 2330 quod
1225 2275 1447 2331 reperitur
1472 2275 1517 2318 in
1542 2277 1676 2327 MSS.
1699 2280 1812 2324 Bud.
1840 2283 1960 2327 aliis·

1069 2346 1181 2387 que,
1218 2331 1568 2388 ed.d.Spir.Put.
1591 2351 1685 2393 sqq.
1716 2360 1773 2370 —
1812 2343 1960 2382 tabel-

1067 2388 1202 2428 lariis
1235 2389 1336 2432 MS.
1371 2388 1525 2433 Guelf.
1614 2393 1843 2439 Sententia
1880 2405 1958 2451 est,

1068 2444 1192 2487 viros
1215 2445 1314 2486 illos
1341 2446 1646 2504 obsignatores
1669 2449 1807 2494 fuisse
1834 2454 1958 2497 tabu-

1068 2500 1219 2558 lasque
1257 2502 1537 2559 obsignasse;
1566 2506 1691 2563 quod
1717 2511 1818 2565 quia
1841 2512 1957 2561 ,feee-

1069 2565 1175 2599 runt
1210 2558 1391 2601 iubente
1426 2560 1647 2615 Fabiano,
1686 2564 1759 2610 hic
1792 2567 1960 2613 dieitur

1069 2614 1327 2672 obsignasse
1368 2616 1452 2659 illis
1488 2636 1551 2663 sc.
1597 2621 1957 2680 obsignatoribus

1069 2674 1144 2727 (er
1169 2675 1318 2715 nahm
1340 2675 1415 2715 die
1438 2676 1720 2732 Besieglung
1739 2696 1822 2723 vor
1842 2685 1956 2726 mit·

1071 2732 1180 2771 tels-t
1192 2728 1330 2781 jener
1341 2731 1613 2790 Personae).
1666 2736 1957 2798 Kiesslingius

1070 2785 1161 2829 vult
1196 2789 1384 2831 tabulas
1405 2792 1561 2833 ascitis
1590 2807 1702 2847 quos
1723 2803 1809 2839 ete.
1839 2814 1955 2856 quae

1069 2844 1175 2886 mihi
1226 2845 1403 2904 egregia
1453 2847 1633 2892 videtur
1674 2867 1768 2895 esse
1808 2855 1957 2898 conie-

1070 2908 1208 2944 ctura.

162 2172 208 2213 ei
246 2172 556 2226 propinqum.
645 2170 684 2213 E
735 2171 994 2215 coniectura

110 2286 395 2337 Gronovius,
428 2284 655 2328 Ernesuus
685 2302 782 2345 sqq.
851 2285 996 2329 Codd.

108 2345 241 2386 MSS.
279 2353 493 2398 quantum
535 2352 713 2387 constat
753 2359 910 2385 omnes
953 2351 997 2385 ec

102 2403 392 2456 propinquus
414 2398 565 2453 (etiam
582 2400 706 2443 Flor.
730 2409 828 2442 test.
845 2398 998 2454 Viet.),

106 2458 233 2502 et‘sic
254 2458 322 2499 ed.
344 2457 461 2513 Spir.
487 2481 542 2488 —
594 2459 691 2499 eius
711 2458 999 2512 propinquus

107 2515 208 2558 edd.
230 2515 333 2556 Put.
363 2514 425 2556 M.
451 2522 494 2556 et
512 2513 567 2554 V.
599 2514 698 2557 Ber.
726 2514 828 2557 Alc.
853 2513 997 2557 Rhen.

106 2589 204 2629 sqq.
267 2572 422 2614 Falsus
448 2580 511 2613 est
542 2571 797 2622 Broterius,
871 2570 914 2612 ui
943 2571 998 2614 ad

106 2630 150 2673 h.
190 2630 222 2672 l.
254 2629 388 2671 tradit
435 2628 480 2670 in
523 2628 656 2671 MSS.
692 2629 811 2672 Flor.
837 2586 994 2672 ίἔῖιιεΙῖ.

107 2687 223 2730 Bud.
247 2689 354 2744 Agr.
377 2701 468 2728 esse
491 2686 547 2728 ei.

170 2814 342 2855 Vinicio
361 2813 556 2867 Rufino.
614 2810 690 2855 Sic
710 2812 996 2857 suadentibus

107 2871 350 2917 Rhenano,
407 2870 609 2922 Fa'erno,
659 2869 873 2913 Mereero
910 2872 997 2914 edi-

110 2929 213 2970 dere
251 2926 429 2983 Bipont.
469 2925 675 2968 Oberlin.
712 2943 810 2994 sqq.
881 2928 996 2971 Nam

109 2986 272 3028 docent
316 2983 629 3038 inscriptiones
665 2984 867 3036 Rufinus·
903 3001 996 3028 esse

110 3057 255 3100 cogno
259 3056 363 3138 ss’ertl
378 3040 426 3079 V
421 3040 678 3138 ιἠἰοῖὀνιιᾶη,
699 3041 855 3140 “MSS
872 3042 996 3086 Flor.

138 3108 151 3140 t
181 3106 233 3140 st.
304 3114 342 3138 ic
366 3127 375 3137 .
410 3113 449 3139 c.
482 3114 503 3139 a
526 3130 534 3138 .
644 3113 695 3138 ue
735 3127 747 3140 .
780 3107 822 3141 et
858 3116 996 3142 (uan-

110 3101 206 3198 ξυῖη
235 3163 408 3197 constat
432 3099 586 3195 ommis
621 3170 724 3197 cum
752 3117 994 3214 edd.¹.S'pi1-.

113 3213 215 3256 Put.
242 3211 308 3253 M.
331 3219 373 3252 et
389 3210 440 3253 V.
471 3210 621 3252 ferunt
647 3212 835 3263 Vincio,
867 3222 909 3257 et
931 3215 997 3257 sie

112 3270 211 3312 edd.
239 3267 378 3326 Ryek.
405 3268 584 3309 Broter.
673 3268 799 3310 Victo
832 3270 995 3313 dedere

112 3325 322 3369 Beroald.
347 3324 452 3368 Alc.
477 3323 677 3368 Rhenan.
698 3341 796 3382 sqq.
834 3336 875 3370 et
906 3328 993 3372 lac.

114 3382 320 3427 Gronov.

171 3522 427 3563 Antonium
463 3519 687 3564 Primum.

114 3579 319 3622 Antonio
335 3579 558 3631 primum.

765 3521 849 3565 Ed.
880 3523 998 3584 Spu·

1125 3015 1220 3067 lege
1249 3013 1476 3059 Cornelia.
1537 3017 1720 3064 Paullus
1751 3022 1876 3066 Sent.
1914 3024 1955 3076 5,

1072 3072 1139 3113 15.
1187 3072 1255 3112 Hi
1282 3074 1362 3127 qui
1378 3074 1567 3128 sols-um
1600 3080 1673 3119 vel
1702 3082 1800 3121 alia
1828 3086 1954 3125 tes-tc:-

1069 3129 1230 3170 mom‘a
1263 3129 1509 3182 dixerunt,
1550 3142 1636 3176 auc
1666 3138 1712 3177 in
1739 3139 1956 3183 exsilium

1068 3193 1270 3239 aguntur
1301 3195 1388 3228 aut
1418 3189 1467 3229 in
1500 3189 1706 3234 insulam
1737 3197 1949 3249 relegan-

1067 3251 1144 3284 tm·
1175 3250 1259 3284 nuc
1288 3245 1418 3286 curia
1458 3248 1809 3295 submoventur.
1889 3252 1956 3299 ld.

1067 3300 1189 3342 Sent.
1215 3302 1254 3349 4,
1277 3300 1318 3346 7.
1347 3322 1409 3335 ‹—
1463 3304 1715 3348 Antonium
1747 3316 1855 3352 tunc
1882 3324 1952 3354 or-

1067 3356 1171 3457 ‹81i2ne
1203 3366 1377 3401 motum
1409 3359 1542 3403 dotet
1568 3361 1749 3408 Tacitus
1776 3365 1952 3419 Risu-2,

1070 3589 1089 3623 t
1126 3530 1429 3572 damnantur.
1489 3530 1572 3574 Ed.
1593 3531 1709 3592 Spir.
1741 3538 1952 3598 damn-51·-

1083 3597 1167 3626 ur.
