2164 3990
158 219 273 256 AM.
293 220 375 252 819.

157 264 207 297 A.
229 262 275 298 C.
317 262 374 296 06.

546 219 712 279 ΜΒ.
750 218 883 278 xv,
965 216 1155 277 CAP.
1197 217 1298 276 52.
1348 215 1446 276 53.
1751 180 1756 186 ‘
1804 219 1921 275 391

74 355 156 411 ris
202 373 326 409 rem
359 341 656 426 pu'blicam
696 349 925 404 faceret.
1013 347 1228 404 etenim
1264 365 1464 420 expers
1502 345 1927 417 coniurationis

73 452 223 507 erat,
267 435 536 513 quamvis
566 451 740 507 super
776 452 843 487 eo
879 431 1123 488 crimine
1147 430 1304 487 Nero
1329 440 1496 486 vetus
1522 431 1799 486 adversus
1829 430 1925 486 iu-

72 535 297 581 sontem
323 520 528 577 odium
554 517 889 591 expleverit.

239 616 402 677 LIII.
468 615 736 672 Tandem
785 625 1036 671 statuere
1070 612 1432 670 circensium
1483 613 1760 668 ludorum
1811 614 1922 682 die,

16 699 18 705 X
71 705 175 782 qui
221 702 439 763 Cereri·
467 701 823 768 celebratur,
878 699 1114 775 exsequi
1163 698 1492 766 destinata‚'
1536 698 1672 774 quia
1709 695 1922 753 Caesar

71 809 236 847 rarus
259 806 490 862 egressu
515 787 809 860 domoque
835 797 937 841 aut
957 780 1145 840 hortis
1170 785 1398 839 clausus
1422 784 1494 838 ad
1521 782 1746 838 ludicra
1781 783 1918 838 circi

70 874 393 932 ventitabat
438 870 944 945 promptioresque
992 869 1184 927 aditus
1227 879 1392 924 erant
1431 867 1647 923 laetitia
1696 879 1920 942 specta-

70 959 205 1017 culi.
317 954 613 1013 Ordinem
666 955 895 1009 insidiis
944 965 1421 1027 composuerant,
1473 964 1540 1009 ut
1575 951 1918 1021 LateranUS,

67 1044 235 1121 quasi
270 1041 595 1098 subsidium
635 1040 720 1094 rei
759 1038 1039 1094 familiari
1078 1050 1296 1106 oraret,
1340 1038 1822 1111 deprecabundus
1865 1044 1921 1093 et

68 1129 314 1203 genibus
357 1125 640 1202 principis
694 1125 962 1179 accidens
1006 1134 1399 1197 prosterneret
1445 1123 1744 1178 incautum
1784 1142 1919 1196 pre-

68 1224 366 1288 meretque
400 1211 585 1268 animi
618 1209 848 1264 validus
886 1219 942 1264 et
976 1228 1217 1282 corpore
1254 1208 1476 1280 ingens,
1563 1219 1689 1263 tum
1724 1208 1920 1263 iacen-

69 1312 184 1356 tem
226 1309 282 1354 et
315 1295 662 1372 impeditum
709 1293 933 1350 tribuni
982 1304 1037 1348 et
1077 1292 1448 1348 centuriones
1483 1303 1537 1347 et
1575 1303 1919 1364 ceterorum,

68 1397 133 1441 ut
159 1383 405 1460 quisque
429 1379 740 1436 audentiae
770 1374 1084 1443 habuisset,
1121 1379 1499 1432 adcurrerent
1526 1378 1916 1433 trucidarent-

67 1489 208 1545 que,
250 1466 469 1542 primas
507 1464 619 1520 sibi
661 1473 852 1538 partes
893 1463 1293 1538 expostulante
1331 1461 1612 1531 Scevino‚
1668 1461 1772 1537 qui
1805 1483 1918 1535 pu-

67 1731 188 1772 seqq.
211 1712 418 1756 editores.
478 1709 568 1752 Sed
591 1708 681 1752 duo
698 1717 795 1750 sunt
823 1716 954 1750 testes
1026 1708 1179 1752 Guelf.
1199 1709 1359 1767 aliique
1377 1708 1530 1755 codd„
1565 1705 1666 1749 edd.
1679 1707 1797 1764 Spir.
1813 1705 1914 1749 Put.

68 1783 224 1815 contra
266 1786 409 1812 unum
453 1767 756 1811 Gxonovium.
847 1765 952 1808 Non
1024 1766 1129 1810 Ber.
1154 1768 1211 1821 (c.
1234 1768 1380 1810 silent.
1407 1766 1542 1820 Viet.)
1569 1764 1671 1808 Ale.

68 1830 246 1872 defuere
271 1827 556 1870 coniecturae
576 1825 774 1865 virorum
797 1821 954 1865 docto-

68 1903 184 1929 rum.
243 1883 385 1943 Lips.=
408 1899 466 1926 ne
484 1889 566 1924 aut
579 1883 839 1923 libertatem
855 1895 954 1921 mo-

66 1946 251 1987 liretur.
313 1942 350 1985 1.
377 1942 456 1984 Fr.
485 1939 723 1982 Gronov.:
755 1953 812 1979 ne
838 1955 868 1978 a
891 1938 956 1978 li-

66 2005 243 2043 bertate
264 2007 551 2041 moneretur.
613 1995 787 2038 Heius:
810 2011 869 2037 ne
891 1997 956 2035 ad

66 2061 142 2102 lib.
165 2061 437 2100 hortaretur
465 2054 531 2098 vel
549 2055 767 2111 firretur
795 2052 863 2096 vel
893 2054 955 2093 ab

65 2131 119 2158 eo
148 2117 309 2158 iretur.

119 2199 260 2240 super
295 2199 347 2238 eo
382 2182 591 2224 crimine.
658 2179 763 2222 Non
794 2175 956 2234 ausser

65 2246 218 2286 dieser
249 2241 655 2292 Anschuldsgung,
706 2235 769 2278 uti
806 2235 951 2285 inter-

67 2309 260 2359 pretatus
286 2307 349 2340 est
364 2295 598 2345 Rickless„
626 2294 701 2337 sed
723 2295 814 2343 bei,
842 2295 953 2334 u‘ber

66 2359 221 2400 dieser
269 2354 664 2407 Ansehuldigung.
750 2349 951 2406 Namque

67 2415 235 2460 crimen
278 2409 603 2455 coniurationis
637 2417 950 2466 argumentum

1081 1841 1257 1892 ingens.
1338 1836 1414 1879 Sic
1448 1834 1581 1879 MSS.
1614 1834 1738 1878 Flor.
1783 1837 1914 1888 (test.

1028 1894 1162 1950 vict.)
1190 1892 1473 1962 l3ud3Gue1f.
1499 1892 1599 1960 edd.
1624 1891 1746 1949 Spir.
1772 1891 1914 1936 Rhen.

1025 1968 1123 2051 2221.-
1154 1977 1211 1985 -·
1264 1949 1745 2004 Μ
1781 1949 1914 2054 aaz&

1025 2066 1199 2125 vulgari
1231 2064 1575 2123 permutatione.
1639 2062 1700 2106 ef.
1735 2063 1849 2106 Hist.
1873 2065 1916 2115 4.

1022 2123 1093 2166 66.
1157 2123 1362 2177 Corpore
1388 2124 1550 2176 ingens
1573 2121 1703 2164 etiam
1727 2120 1915 2166 estHist.

1026 2184 1064 2231 1,
1087 2179 1159 2223 53.·

1081 2259 1131 2294 ιιι
1165 2252 1353 2307 quisque
1384 2251 1636 2292 audentiae
1664 2251 1913 2293 habuisset.

1023 2308 1102 2350 Sic
1132 2309 1233 2350 MS.
1270 2308 1413 2350 Vatie.
1456 2310 1584 2362 (test.
1620 2307 1766 2364 Lips.)
1809 2308 1912 2350 edd.

1023 2365 1139 2421 Spir.
1178 2365 1299 2421 Lips.
1330 2363 1514 2406 Pichen.
1548 2380 1648 2422 sqq.
1727 2363 1787 2406 At
1810 2365 1912 2408 MS.

1023 2422 1146 2466 Flor.
1184 2423 1300 2475 (test.
1337 2421 1479 2472 Vict.)
1519 2428 1570 2462 ut
1602 2421 1794 2477 quisque
1823 2431 1913 2464 au·-

67 2471 285 2531 praebuit‚
314 2476 363 2511 ut
387 2476 514 2513 vetus
540 2466 694 2509 odium
717 2464 925 2523 expleret.

122 2541 234 2586 ΟΜ».
275 2540 346 2583 53.
411 2546 633 2582 statuere.
713 2527 797 2582 Ed.
833 2532 952 2590 Spir-

66 2606 354 2646 statuerunt,
385 2611 515 2654 quam
541 2593 733 2637 formam
756 2590 829 2641 illa
859 2590 952 2633 ubi·

67 2674 152 2715 que
178 2656 273 2699 sere
292 2652 534 2701 substituit.
595 2646 761 2694 Eadem'
788 2649 954 2763 mogi}

11 2779 14 2782 Α
68 2729 247 2771 caesor
270 2726 312 2770 h.
336 2741 374 2768 e.
398 2738 540 2781 quam
556 2721 630 2773 C.,
658 2728 701 2764 et
722 2735 826 2765 eum

70 2784 222 2827 Guelf.
241 2786 365 2827 diem
388 2797 469 2840 pro
493 2782 579 2824 die.

125 2843 396 2888 celebratur.
455 2837 555 2880 MS.
582 2836 690 2894 Agr.
714 2836 952 2880 celebran-

71 2907 163 2947 tur,
191 2897 254 2940 uti
280 2896 457 2938 volebat
481 2893 725 2937 Acidalius.

125 2958 366 3008 domoque.
436 2950 513 2996 Sic
546 2952 648 2996 MS.
677 2951 798 2994 Flor.
834 2954 954 3004 (test.

69 3012 284 3066 Pichen.)
327 3010 426 3053 edd.
468 3007 588 3065 Spir.
629 3007 812 3051 Pichen.
854 3023 952 3063 sqq.

67 3067 296 3113 Victorius
339 3067 553 3109 intactum
596 3064 778 3122 reliquit
814 3069 956 3107 domo

70 3129 183 3181 (sine
215 3123 421 3182 copula),
469 3122 590 3179 quod
635 3130 700 3164 est
736 3120 782 3163 in
822 3121 954 3164 MSS.

73 3183 185 3226 Bud.
215 3180 337 3224 Harl.
370 3180 502 3229 Bodl.
543 3179 622 3222 les.
659 3177 807 3222 Guelf.
853 3179 955 3222 edd.

71 3241 172 3284 Puu
209 3237 414 3282 Beroald.
451 3237 549 3280 Ale.
582 3235 726 3279 Rhea.
763 3252 862 3293 sqq.
904 3235 957 3280 ad

71 3292 331 3342 Picherxam.

129 3356 286 3403 aditus
321 3360 469 3410 eraut.
541 3350 625 3394 Ed.
662 3350 778 3408 Spir.
818 3358 957 3392 erant

74 3415 240 3454 aditus.
602 3422 603 3426 ¹

131 3482 354 3524 accidens.
413 3478 489 3522 Sic
512 3476 769 3520 edd.Rhen.
801 3476 868 3529 (ex
891 3477 957 3519 in·

76 3539 222 3596 genio)
247 3554 343 3596 sqq.
363 3565 419 3573 --
452 3538 671 3580 accedens
695 3533 825 3578 MSS.
847 3533 959 3576 Bud.

1023 2479 1229 2534 dien-tiae
1247 2481 1354 2531 plus
1373 2480 1626 2521 habuisset.
1684 2477 1914 2522 Nimirum

1023 2536 1125 2579 MS.
1150 2536 1272 2578 Flor.
1299 2534 1471 2592 saepius
1501 2551 1597 2592 pro¹
1616 2538 1794 2578 audens
1824 2535 1913 2585 fert

1023 2594 1217 2636 audiens·
1242 2601 1283 2635 et
1313 2593 1384 2635 hie
1413 2608 1496 2650 pro
1523 2594 1772 2635 audentiae
1793 2593 1914 2638 idem

1023 2651 1316 2701 audientiae,
1343 2649 1464 2706 quod
1489 2649 1659 2692 dudum
1682 2649 1912 2696 Victorius

942 2749 953 2760 ,
1024 2709 1069 2750 in
1095 2724 1176 2750 suo
1201 2707 1441 2765 exemplari
1465 2715 1716 2751 correxerat
1746 2707 1790 2750 in
1825 2724 1913 2750 au-

1023 2767 1229 2807 dentiae.
1269 2765 1327 2807 cs.
1351 2772 1445 2806 not.
1470 2763 1523 2806 ad
1552 2765 1618 2814 14,
1641 2765 1708 2807 58.
1780 2765 1914 2814 MSS.

1025 2823 1208 2865 Farnes.
1243 2821 1379 2865 corb.
1418 2827 1445 2862 ,Α
1458 2836 1523 2878 gr.
1554 2823 1780 2867 audaciae
1821 2825 1911 2864 ha·-

1025 2881 1210 2923 buisset.
1302 2876 1436 2921 MSS.
1478 2877 1602 2921 Harl.
1650 2879 1781 2922 Bodl.
1831 2881 1911 2922 les.

1028 2935 1180 2979 Guelf.
1213 2935 1314 2979 edd.
1338 2934 1438 2977 Put.
1461 2934 1530 2976 M.
1555 2943 1599 2977 et
1621 2935 1680 2980 V.
1703 2935 1914 2980 Beroald.

1027 2993 1130 3041 Alc.
1158 3001 1209 3041 ut
1232 2994 1422 3050 quisque
1448 2992 1675 3042 audaciae
1698 2997 1806 3046 plus
1829 2996 1917 3035 ha-

1027 3052 1217 3093 buisset.
1307 3049 1408 3092 MS.
1442 3048 1557 3091 Bud.
1590 3058 1632 3092 et
1668 3050 1772 3093 inde
1812 3050 1913 3093 edd.

1029 3107 1173 3150 Rhen.
1204 3107 1308 3150 Ald.
1337 3113 1388 3148 ut
1452 3107 1612 3161 uisque
1642 3109 1913 3156 audiw'sset,

1030 3165 1201 3208 Censeo
1247 3164 1422 3206 vocabu
1444 3179 1520 3205 um
1555 3165 1662 3218 plus
1694 3179 1777 3207 suo
1809 3163 1911 3221 loeo

1029 3221 1367 3266 restituendum.

1086 3295 1403 3335 adcurrerent.
1463 3290 1675 3350 Ed.Spir.
1701 3307 1913 3336 accurre-

1030 3356 1099 3391 ret
1115 3366 1132 3399 ;
1165 3357 1208 3391 at
1232 3364 1333 3390 mox
1357 3349 1750 3405 trucidarentque.

1083 3413 1261 3458 partes.
1325 3405 1427 3448 MS.
1450 3404 1603 3449 Guelf.
1620 3408 1784 3460 partis.

1090 3478 1429 3529 expostulante.
1503 3475 1583 3522 Ed.
1620 3477 1735 3536 Spir.
1769 3493 1907 3535 expo-

1030 3532 1241 3576 stulanti.
1837 3537 1839 3539 ’
