2164 3990
174 241 288 285 Asso.
303 242 391 278 815.

173 289 225 324 A.
240 286 287 324 C.
327 285 390 320 62.

87 376 330 443 biennio
355 372 624 450 proximo
649 369 904 428 vixisset.

621 240 806 329 121ss.
835 238 1001 302 XIV.

990 368 1111 427 Sed
1138 379 1264 425 tum
1287 365 1598 430 Daullinus
1624 368 1942 432 Suetonius

1086 236 1277 302 (ΞΑ-Ρ.
1315 240 1417 299 29.
1815 240 1942 310 273

88 461 392 519 obtinebat
421 457 740 515 Britannos
781 454 1021 510 scientia
1055 453 1302 510 militiae
1339 465 1396 510 et
1436 473 1674 510 rumore
1714 455 1940 533 populi,

88 547 192 624 qui
221 545 518 602 neminem
547 542 672 598 sine
695 540 924 595 aemulo
961 538 1130 607 sinit,
1171 535 1531 595 Corbulonis
1571 554 1937 602 concertator

88 642 464 706 receptaeque
500 622 816 684 Armeniae
849 624 1023 680 decus
1051 643 1300 698 aequare
1342 623 1582 679 domitis
1613 627 1937 698 perduelli-

86 718 198 773 bus
226 715 484 790 cupienS.

570 709 757 783 Igitur
780 707 1030 764 Monam
1055 708 1309 763 insulam
1342 708 1552 764 incolis
1589 710 1846 767 validam
1881 725 1939 771 et

8 806 11 810 ’
85 799 514 875 receptaculum
549 796 928 870 perfugarum
961 793 1202 865 adgredi
1233 803 1399 866 parat
1427 812 1723 870 navesque
1754 797 1940 854 fabri-

87 897 250 942 catur
274 885 452 959 plano
482 882 646 938 alveo
672 881 949 936 adversus
971 878 1146 933 breve
1174 888 1230 933 et
1253 877 1560 937 incertum.
1627 879 1711 935 sic
1737 883 1939 955 pedes:

87 970 310 1046 equites
364 968 516 1023 vado
572 964 754 1022 secuti
805 974 906 1021 aut
948 963 1184 1019 altiores
1227 962 1382 1020 inter
1423 964 1613 1020 undas
1653 965 1938 1026 adnantes

7 1079 29 1107 022
91 1055 256 1131 equis
305 1053 628 1112 tramisere.

86 1279 309 1329 receptam
336 1270 595 1314 auctoritaie
612 1268 710 1311 MS.
733 1267 853 1310 Flor.
870 1283 973 1310 eon·

86 1328 253 1371 firmari
298 1329 467 1371 serunt.
557 1326 784 1368 Victorius
825 1333 972 1367 tamen

85 1387 301 1429 intactum
328 1385 508 1441 reliquit
527 1384 820 1438 prouincias,
852 1382 974 1438 quod

84 1452 149 1485 est
173 1443 218 1484 in
235 1441 370 1484 MSS.
394 1442 510 1483 Bud.
540 1439 690 1483 Guelf.
706 1440 826 1482 Harl.
842 1439 973 1482 Bodl.

83 1501 168 1543 les.
204 1499 306 1542 edd.
343 1498 459 1557 Spir.
486 1499 586 1541 Pur.
614 1498 683 1541 M.
710 1505 752 1538 et
777 1497 833 1540 V.
868 1497 971 1538 Ber.

83 1557 183 1600 Ale.
218 1556 421 1600 Rhenan.
454 1573 556 1615 sqq.
591 1571 682 1606 nee<
708 1554 972 1597 absurdum.

82 1614 198 1657 Nam
251 1629 506 1671 quanquam
553 1613 787 1655 Britannia
842 1611 974 1653 unius

82 1680 258 1714 tantum
309 1670 566 1728 provinciae
619 1669 805 1711 nomine
857 1668 971 1724 apud

4 1729 13 1737 ⁴
83 1729 313 1772 Romanos
340 1727 448 1778 fuit,
482 1727 629 1786 potuit
661 1735 809 1768 tamen
838 1726 973 1767 Vera-

82 1787 183 1828 nius
236 1786 492 1843 provineias
536 1783 709 1826 Neroni
751 1782 974 1839 polliceri,

83 1843 191 1885 dum
246 1842 467 1900 cogitabat
511 1842 565 1884 de
611 1840 864 1892 Britannia,
921 1840 974 1885 de

83 1899 348 1951 Caledonia,
380 1907 422 1941 et
456 1898 644 1941 fortasse
667 1897 721 1940 de
743 1896 971 1940 Hibernia.

83 1958 171 2000 Res
202 1958 365 2015 pendet
395 1973 418 1999 e
440 1957 543 2001 cod.
564 1957 688 1999 Flor.

137 2029 330 2057 rumore
349 2015 524 2070 populi.
573 2013 656 2056 Ed.
673 2011 787 2070 Spir.
811 2021 860 2055 ut
872 2007 972 2055 MS.

83 2073 198 2115 Bud.
247 2073 418 2114 timore
461 2073 632 2125 populi.

80 2139 264 2174 tuentur
297 2128 399 2172 MS.
434 2127 590 2171 Guelf.
627 2127 726 2172 edd.
763 2126 867 2170 Put.
904 2126 969 2170 M.-

82 2197 126 2230 et
149 2187 202 2231 V.
230 2186 437 2230 Beroald.
457 2188 519 2242 (c.
541 2184 690 2229 silent.
709 2183 846 2238 Viet.)
870 2184 970 2227 Alc.

82 2244 227 2288 Rhen.
254 2260 354 2301 sqq.
713 2261 715 2263 ’

137 2302 330 2345 Monam
357 2291 571 2343 ίηευῖαὶπ.
632 2299 691 2342 cf.
717 2299 823 2353 Agr.
845 2315 884 2342 c.
903 2299 969 2341 18.

139 2359 350 2413 adgredi.
430 2356 507 2400 Sic
545 2355 646 2399 MS.
679 2356 804 2399 Flor.
844 2357 970 2408 (test.

8 2403 9 2406 Ἴ
81 2413 228 2470 vict.)
254 2423 295 2458 et
318 2413 387 2457 ed.
408 2413 530 2469 Spir.
556 2440 614 2448 —
655 2413 854 2466 aggredi
872 2413 972 2456 MS.

83 2472 237 2516 Guell'.
269 2472 366 2515 edd.
399 2470 501 2514 Put.
525 2469 593 2512 M.
616 2478 658 2512 et
684 2471 737 2512 V.
763 2469 973 2518 Beroald.

82 2530 184 2574 Alc.
206 2529 350 2573 Rhen.
377 2543 475 2585 sqq.
558 2527 702 2570 Paulo
733 2534 834 2568 ante
869 2527 971 2570 MS.

0 2622 4 2648 2,
83 2586 238 2686 fxuelf.
271 2585 572 2640 receptaculis
601 2600 683 2643 pro
705 2589 972 2638 receptacu-

103 2661 199 2688 usn·

127 2702 410 2757 fabricatur.
469 2697 546 2743 Sic
566 2696 667 2741 MS.
692 2695 843 2740 Guelf.
869 2697 971 2742 edd.

82 2759 187 2802 Put.
212 2757 278 2801 M.
304 2755 410 2799 etV.
433 2755 642 2798 Beroald.
666 2756 722 2810 (c.
747 2754 818 2797 sil.
834 2753 970 2812 Viet.)

10 2822 18 2859 1
85 2814 406 2860 A10.Rhenan.
428 2829 526 2871 sqq.
559 2836 620 2844 -—
668 2813 972 2868 fabricantur

83 2872 216 2917 MSS.
239 2872 348 2929 Reg.
372 2870 449 2913 les.
474 2871 542 2914 ed.
568 2869 688 2926 Spir.

137 2932 284 2985 plano
308 2930 455 2969 alveo.
514 2926 590 2970 Sic
613 2925 910 2970 Germanicus
930 2927 972 2978 2,

0 3036 11 3044 ν
83 2990 124 3032 6.
167 2988 400 3041 quaedam
438 2986 616 3038 planae
664 2986 856 3035 carinis,
921 2992 973 3027 uc

81 3048 181 3090 sine
201 3057 335 3083 noxa
355 3042 575 3083 siderent.

141 3104 370 3143 adversus
390 3099 527 3139 breve
549 3105 593 3139 et
610 3098 853 3140 incertum.
897 3096 977 3142 Sic

84 3156 220 3202 MSS.
242 3155 369 3201 Flor.
394 3155 510 3207 (test.
533 3154 652 3198 Vici.
679 3164 722 3196 et
746 3155 836 3198 lac.
861 3154 976 3197 Gro-

84 3218 211 3270 nov.)
246 3213 356 3270 Reg.
395 3210 536 3254 Corb.
571 3211 679 3267 Agr.
716 3211 818 3255 edd.
853 3211 973 3269 Spir.

85 3270 307 3323 Broterii;
356 3276 398 3311 et
429 3267 494 3311 sic
526 3268 737 3314 volebant
767 3267 975 3311 Muretus

86 3339 132 3373 et
155 3326 399 3372 Acidalius.
473 3324 550 3367 Sic
569 3324 701 3368 etiam
734 3324 836 3367 libri
861 3341 884 3367 a
908 3325 974 3368 Li·

86 3386 184 3443 psio
207 3383 395 3443 inspecti
420 3381 609 3438 (Vatiae.
630 3380 784 3436 eredo)
802 3389 844 3423 et
859 3383 974 3424 ssud.

86 3459 157 3500 pr.
195 3457 254 3484 m.
346 3439 498 3483 Altera
551 3453 709 3480 manus
760 3438 819 3481 ibi
874 3446 976 3498 post

86 3501 221 3541 breve
246 3496 404 3540 adiecit
426 3498 550 3547 litus,
584 3495 705 3553 quod
730 3503 793 3538 est
815 3495 860 3538 in
875 3495 984 3539 MS.-

19 3616 23 3623 .
89 3553 239 3600 Guelf.
273 3554 370 3596 edd.
396 3553 499 3595 Put.
520 3552 589 3598 M.
613 3561 655 3596 et
681 3550 739 3594 V.
764 3549 974 3596 Beroald.

173 3620 417 3671 TAcrrus
463 3617 535 3669 11.

724 2068 972 2126 Vulgatum
1012 2104 1013 2108 ,

1049 1263 1148 1309 Alc.
1185 1254 1331 1307 Rhea.
1362 1272 1459 1324 sqq'.
1497 1275 1540 1308 et
1571 1265 1746 1313 Ernest.
1776 1259 1934 1317 Oberl'.

1047 1338 1143 1379 sqq.
1202 1320 1288 1364 Sed
1320 1321 1421 1365 litus
1442 1339 1534 1366 non
1557 1332 1622 1367 est
1645 1326 1779 1369 breve
1805 1336 1846 1370 et
1870 1329 1935 1371 in·
2020 1346 2029 1351 ·

1046 1388 1245 1431 certum;
1304 1380 1456 1423 brevia
1500 1389 1542 1423 et
1583 1382 1750 1426 incerta
1786 1386 1936 1442 potius

1046 1445 1152 1479 sunt
1203 1437 1247 1479 in
1290 1438 1402 1480 mari
1445 1436 1549 1480 litus
1593 1438 1938 1487 circumfluente

1045 1503 1119 1536 aut
1151 1494 1198 1536 in
1230 1495 1444 1550 angustiis
1474 1495 1625 1538 maris.
1684 1496 1758 1541 Nil
1787 1508 1938 1543 autern

1044 1551 1210 1594 Nostro
1248 1551 1449 1593 usitatius
1481 1567 1615 1609 quarn
1643 1561 1772 1598 more
1799 1555 1935 1600 Grae·

1046 1624 1208 1652 corum
1257 1615 1424 1665 ponere
1469 1609 1682 1652 adieetiva
1734 1610 1936 1658 neutrius

1045 1665 1219 1720 generis
1255 1665 1302 1706 in
1334 1681 1461 1707 num.
1488 1667 1604 1722 sing.
1628 1683 1711 1725 pro
1734 1670 1936 1716 substan·

1046 1722 1163 1766 tivis.
1223 1721 1300 1765 Sic
1321 1724 1555 1777 egregium
1577 1724 1617 1775 6,
1639 1727 1734 1778 244
1764 1728 1936 1771 bonum

1045 1779 1087 1827 6,
1109 1778 1209 1832 36.;
1246 1794 1470 1821 canorum
1502 1781 1619 1822 illud
1640 1790 1684 1824 et
1697 1778 1939 1839 profluens

1044 1837 1086 1888 4,
1107 1837 1213 1889 61.;·
1251 1838 1477 1887 abiectum
1513 1845 1559 1879 et
1590 1835 1834 1884 sordidum
1873 1841 1938 1892 13,-

1044 1893 1145 1945 46.;
1195 1894 1328 1936 triste
1375 1902 1421 1935 et
1453 1896 1702 1947 providum
1734 1898 1802 1950 15,
1829 1894 1937 1953 *344

1046 1959 1226 1992 rectum
1250 1951 1360 1993 Hist.
1384 1950 1423 2001 3,
1447 1953 1515 1994 51.

1414 2008 1489 2051 Sic
1515 2008 1652 2052 MSS.
1678 2008 1802 2055 Flor.
1824 2011 1934 2071 Reg.

1045 2063 1160 2107 Bud.
1195 2065 1296 2117 edd.
1329 2064 1447 2122 Spir.
1476 2066 1684 2111 Beroald.
1716 2067 1802 2112 Iac.
1823 2069 1938 2114 Gro-

1045 2138 1138 2163 nov
1189 2121 1367 2177 Ernest.
1401 2137 1498 2181 sqq.
1542 2148 1594 2158 —
1660 2125 1727 2167 sic
1758 2129 1941 2180 pedites

1043 2178 1179 2223 MSS.
1213 2178 1362 2222 Guelf.
1400 2179 1520 2223 Harl.
1554 2179 1683 2224 Bodl.
1716 2183 1797 2226 les.
1833 2185 1936 2229 edd.

1044 2235 1147 2294 Put.
1174 2236 1240 2280 M.
1264 2245 1306 2278 et
1329 2235 1385 2278 V.
1412 2237 1512 2280 Alc.
1538 2237 1682 2283 Rhen.
1707 2256 1806 2299 sqq.

1103 2295 1273 2349 equites
1307 2297 1425 2335 uado
1456 2297 1704 2339 secutl'etc.
1766 2298 1937 2342 Ablati-

1043 2366 1127 2395 vus
1152 2354 1271 2392 vado
1294 2349 1459 2393 indicat
1489 2351 1603 2394 viam
1626 2353 1939 2413 rationemque

1043 2407 1372 2452 transmittendi
1389 2426 1400 2457 3
1429 2409 1613 2451 verbum
1629 2413 1776 2453 secuti
1790 2411 1940 2458 innuit

1102 2009 1166 2049 sic
1182 2011 1340 2062 pedes.

1046 2464 1215 2521 equites
1230 2472 1327 2520 post
1341 2464 1534 2521 peditem
1550 2467 1815 2521 tramisisse3
1837 2482 1938 2527 par-

1046 2519 1178 2564 ticula
1195 2529 1279 2562 aut
1296 2521 1488 2564 diversas
1506 2522 1702 2565 eiusdem
1721 2524 1786 2566 rei
1803 2526 1936 2570 ratio-

1045 2594 1123 2621 nes
1137 2577 1381 2635 distinguit.
1416 2577 1477 2620 cf.
1494 2588 1588 2622 not.
1605 2579 1658 2622 ad
1676 2583 1714 2632 1,
1728 2581 1767 2623 8.
1801 2581 1935 2628 Nam-

1043 2651 1130 2694 que
1165 2635 1269 2677 inde
1290 2652 1313 2678 a
1340 2632 1470 2677 litore
1496 2635 1606 2679 vado
1633 2638 1937 2695 sequebantur

1045 2692 1170 2750 equis
1222 2691 1488 2744 insidente33
1538 2703 1776 2751 postquam
1811 2697 1938 2740 altio-

1043 2766 1114 2793 res
1150 2748 1204 2791 ad
1238 2748 1379 2791 undas
1414 2750 1757 2806 perveniebant.
1803 2754 1938 2798 adna⁶

1043 2808 1150 2851 bant
1172 2805 1323 2859 equis,
1355 2813 1406 2861 et*
1421 2807 1478 2849 ita
1492 2808 1625 2851 fiune
1646 2809 1782 2858 vado,-
1813 2826 1937 2856 nunc

1044 2864 1167 2922 equis
1211 2862 1424 2906 adnantes
1469 2863 1715 2908 tramisere.
1799 2866 1936 2912 Nihili

1042 2921 1180 2980 igitur
1209 2929 1273 2963 est
1307 2920 1564 2964 coniectura
1598 2921 1628 2963 1.
1656 2921 1730 2966 Fr.
1756 2917 1936 2968 Grono-

1044 2980 1105 3024 vii
1138 2981 1262 3020 vada
1297 2991 1380 3034 pro
1416 2981 1537 3019 vado
1572 2976 1778 3036 legentis,
1822 2994 1937 3039 quae

1043 3046 1191 3080 tamen
1217 3050 1359 3091 nuper
1389 3033 1556 3091 placuit
1578 3034 1870 3081 Liinenianno
1894 3047 1937 3082 et

1046 3092 1332 3149 Kiesslingio.
1412 3089 1527 3146 Quis
1563 3092 1683 3135 enim
1722 3094 1804 3136 sibi
1840 3111 1938 3154 per-

1047 3149 1249 3195 suadebit
1304 3148 1415 3192 vada
1457 3156 1632 3191 secutos
1682 3148 1969 3207 pervenisse*

1047 3208 1102 3252 ad
1163 3204 1357 3248 insulam
1413 3206 1640 3248 Monam?
1727 3206 1938 3254 Ceterum

1049 3264 1183 3309 MSS.
1212 3262 1332 3304 Bud.
1367 3262 1477 3317 Reg.
1521 3261 1592 3305 ed.
1629 3261 1746 3321 Spir.
1790 3269 1939 3310 vados

1046 3323 1211 3367 secuti,
1259 3319 1478 3375 duplicata
1512 3317 1658 3363 littera
1693 3334 1718 3363 s
1750 3337 1937 3380 sequen.

1050 3379 1104 3421 tis
1123 3375 1261 3419 verbi.
1311 3374 1605 3431 Kiesslingius
1626 3384 1772 3422 tamen
1796 3381 1937 3440 suspia

1049 3444 1174 3480 catur
1197 3433 1463 3490 legendum
1496 3436 1616 3474 vado
1636 3448 1730 3478 eos.

1105 3493 1369 3534 tramisere.
1429 3488 1506 3532 Sic
1537 3489 1639 3534 MS.
1669 3491 1796 3535 Flor.
1830 3494 1936 3547 (sec.-

1047 3549 1196 3594 eollat.
1218 3544 1500 3603 1.Gr0nov.)‚
1526 3553 1576 3590 ut
1597 3562 1746 3607 saepe.
1787 3547 1942 3596 Victo*

1294 3607 1339 3663 S
