2216 4010
877 253 1393 349 ANNALJUM
1757 255 1981 335 {12:⁸st
2008 341 2011 348 ,

387 427 431 488 Ι.
477 397 645 485 Nam
665 425 972 484 Valerium
999 423 1353 499 Asiaticum,
1394 430 1485 486 bis
1523 431 1849 500 consulem,
1890 431 2070 510 {uiss'e

163 522 166 524 ’
218 516 521 592 quondam
548 513 882 570 adulterum
913 514 1035 568 eius
1072 513 1344 575 credidit:
1388 516 1720 591 pariterque
1756 511 1943 572 hortis
1975 518 2070 572 in·-

217 597 418 669 hianS‚
462 618 609 677 quos
650 598 750 652 ille
779 618 811 653 a
832 596 1084 654 Lucullo
1128 610 1360 674 coeptos
1392 600 1612 673 insigni
1643 600 2072 673 magnificentia

220 686 559 754 extollebat,
617 681 872 739 Suilium
909 683 1245 738 accusandis
1276 685 1539 761 utrisque
1575 686 1857 744 immittit.

1943 681 2073 742 Ad-

166 796 167 801 *
219 771 484 846 iungitur
519 768 785 827 Sosibius
822 765 1155 822 Britannici
1195 768 1498 839 educator,
1547 771 1651 846 qui
1684 791 1788 846 per
1824 770 2074 846 speciem

218 854 663 912 benevolentiae
688 863 956 908 moneret
981 849 1327 922 Claudium,
1375 855 1566 910 caveri
1588 856 1711 912 vim
1738 867 1912 932 atque
1935 875 2075 931 opes

733 1026 1576 1072 COMMENTARIUS.

278 1114 392 1158 CAP.
419 1114 460 1157 1.
519 1114 661 1156 Nam.
723 1110 846 1153 Haec
868 1111 1026 1156 vocula
1051 1120 1112 1155 te-

218 1181 360 1216 statur
380 1172 546 1214 librum
570 1185 664 1212 esse
686 1166 938 1224 ἆκέφαλον.
982 1168 1111 1224 Quae

220 1228 421 1296 proxime
444 1228 779 1286 praecesserint,
805 1243 827 1268 e
840 1228 990 1269 Dione
1005 1243 1111 1269 eon-

218 1287 357 1330 1icere
390 1302 483 1328 non
517 1283 633 1328 licet.
696 1283 813 1326 Nam
847 1285 881 1328 is
908 1284 1016 1326 nihil
1041 1284 1113 1326 ha-

166 1382 170 1389 .
218 1345 318 1392 het,
351 1345 469 1385 unde
491 1342 599 1385 illud
620 1341 999 1398 namlintelligas.
1059 1341 1112 1381 ln

220 1401 290 1444 ed.
326 1400 502 1443 Puteol.
539 1400 678 1449 Ven.,
734 1414 820 1455 qua
864 1415 886 1441 e
921 1417 946 1441 o
993 1407 1113 1450 utor,

218 1474 303 1516 pro
326 1456 546 1507 Ninitiali
570 1456 739 1512 pictum
763 1465 828 1499 est
847 1456 867 1498 I
916 1456 1054 1511 Iam).

277 1515 530 1557 Valerium
564 1514 843 1556 Asiaticum.
926 1514 986 1557 cf.
1022 1512 1114 1556 Dio

218 1572 288 1623 60,
316 1572 387 1614 27.

274 1632 341 1671 bis
364 1629 616 1671 consulem.
650 1627 739 1675 An.
757 1644 802 1670 u.
816 1627 915 1670 799.
935 1626 1114 1669 iterum.

220 1686 280 1730 cf.
306 1685 396 1728 Dio
421 1685 449 1727 l.
475 1686 504 1727 l.
568 1684 698 1726 Prius
725 1685 960 1727 consulem
979 1683 1115 1727 fuisse

219 1744 455 1787 suffectum
470 1742 651 1784 coniicit
665 1741 874 1798 l’tyckius,
897 1741 1115 1800 quoniam

220 1817 388 1843 nomeu
414 1800 506 1842 eius
531 1815 624 1841 non
651 1799 873 1856 reperitur
897 1802 945 1843 in
973 1798 1111 1841 fastis.

219 1859 338 1901 Puto
376 1858 622 1922 imperante
657 1856 792 1907 Caio,
835 1858 910 1912 qui
946 1856 992 1897 in
1027 1856 1114 1912 pri-

218 1916 304 1958 mis
326 1915 481 1958 amicis
503 1929 605 1956 eum
631 1913 834 1955 habebat.
880 1913 937 1957 cf.
957 1914 1114 1955 Senec.

220 1974 274 2015 de
311 1981 457 2016 const.
489 1986 580 2027 sap.
614 1987 654 2014 c.
683 1970 749 2013 18.
821 1971 934 2013 Nam
974 1986 1116 2027 quum

220 2027 352 2073 Caius
377 2028 672 2077 occideretur,
694 2026 767 2070 hic
781 2027 1001 2072 Asiaticus
1027 2028 1116 2071 iam

139 2104 141 2107 ’
219 2095 312 2130 erat
333 2085 403 2130 vir
429 2084 691 2128 consularis.
755 2084 816 2130 cf.
838 2085 930 2129 Dio
959 2086 1026 2137 59,
1047 2085 1115 2128 30.

219 2143 396 2202 loseph.
420 2144 527 2185 Ant.
551 2143 618 2193 19,
646 2145 685 2184 1.

278 2202 394 2244 eius.
457 2201 542 2243 lnt.
564 2200 798 2258 Poppaeae
827 2200 1017 2245 Sabinae
1038 2200 1115 2256 (cf.

222 2276 264 2303 e.
286 2260 331 2302 2.
365 2267 408 2301 et
445 2256 509 2308 13,
529 2256 603 2301 43.
634 2258 754 2311 45.),
805 2275 941 2317 quam
979 2258 1117 2302 fuisse

219 2315 360 2360 filiam
395 2315 596 2372 Poppaei
631 2313 811 2363 Sabini,
861 2317 916 2360 de
953 2332 1043 2375 quo
1076 2316 1118 2368 6,

221 2374 290 2418 39.
307 2409 316 2424 ,
349 2380 471 2431 patet
495 2388 518 2414 e
539 2373 641 2415 loeo
671 2373 738 2421 13,
761 2373 831 2416 45.

278 2433 486 2474 credidit.
548 2429 909 2481 Sc.Messallina,
941 2430 1118 2475 Claudii

223 2505 350 2532 uxor.
477 2523 492 2537 χ
1059 2529 1068 2541 ,

277 2547 428 2589 hortis
458 2546 654 2588 inhians.
713 2543 921 2590 Testatur
951 2554 994 2588 et
1024 2545 1116 2589 Dio

220 2604 292 2652 60,
316 2603 387 2646 31.
420 2604 465 2652 ἔς
498 2601 604 2652 τοὺς
638 2605 718 2646 τοῦ
743 2602 1000 2648 Ἀσιατικοῦ
1033 2599 1118 2659 κή-

221 2677 362 2717 πους,
396 2659 461 2705 δι’
492 2657 656 2719 οῧςπερ
678 2660 780 2718 οὐχ’
807 2659 969 2718 ἥκιστα
997 2662 1118 2706 ἀπο-

222 2715 380 2772 λώλει,
424 2715 807 2777 ἀναχωρήσασαν.
881 2720 964 2764 Ed.
1000 2721 1116 2777 Spir.

224 2792 328 2820 cum
365 2777 466 2819 MS.
498 2776 650 2819 Guelf.
688 2778 805 2829 ortis
836 2794 918 2836 pro
950 2779 1116 2828 hortis,

224 2833 348 2892 quod
375 2841 440 2876 est
467 2834 515 2876 in
535 2834 636 2878 edd.
654 2834 830 2880 Puteol.
855 2837 922 2879 M.
945 2844 988 2878 et
1006 2837 1116 2878 Ven.

221 2890 434 2934 Beroald.
463 2901 568 2950 sqq.

281 2955 473 3003 coeptos.
533 2949 609 2992 Sic
632 2949 763 2993 codd.
786 2949 922 2998 MSS.
946 2957 989 2991 et
1009 2956 1116 2993 vett.

223 3006 326 3050 edd.
359 3014 537 3063 praeter
565 3007 632 3051 ed.
659 3007 803 3065 Spin,
846 3021 958 3063 quae
987 3005 1140 3048 habet-

224 3070 384 3116 captos
408 3062 654 3118 (Ernestius
680 3074 805 3123 putat
826 3063 938 3111 vitio
964 3079 1116 3120 opera·

224 3122 364 3174 runi).
397 3121 499 3163 MS.
520 3120 670 3164 Guelf.
697 3131 864 3175 ceplos.
919 3119 1116 3177 Margini

224 3177 325 3219 MS.
346 3175 512 3219 Harlei.
537 3179 811 3236 adscriptum
841 3186 905 3222 est
931 3187 1120 3228 emptos,

226 3233 350 3291 quod
374 3233 556 3284 addidit,
583 3237 658 3291 qui
684 3246 867 3291 coeptos
883 3252 977 3278 non
992 3234 1117 3276 intel-

227 3290 400 3348 ligeret.
448 3289 563 3333 Nam
582 3308 733 3335 emere
755 3312 776 3337 a
792 3292 982 3337 Lucullo
996 3291 1117 3335 Asia-

226 3348 364 3390 ticum
384 3363 475 3389 nou
500 3351 707 3405 potuisse,
734 3352 810 3408 qui
832 3350 950 3394 illius
967 3365 1021 3392 ne
1046 3366 1117 3391 ne-

226 3413 352 3463 potes
403 3404 553 3446 uidem
574 3409 764 3455 noverit,
789 3410 899 3451 bene
920 3406 1114 3451 animad.

226 3460 358 3503 vertit
421 3460 595 3518 yckius.
656 3463 786 3507 Horti
822 3482 844 3507 a
890 3465 937 3507 L.
971 3464 1120 3518 coepti

226 3526 330 3562 sunt
349 3520 420 3560 die
443 3533 530 3559 von
544 3519 598 3561 L.
617 3524 898 3575 ong‘elegten
914 3523 1116 3565 (iiis-ten.

228 3573 290 3620 cf.
317 3583 408 3619 not.
432 3575 486 3618 ad
518 3578 554 3626 1,
577 3577 646 3619 50.

1240 1114 1512 1155 extollebat.
1560 1112 1635 1155 Sic
1654 1112 1788 1156 codd.
1799 1111 1935 1156 MSS.
1946 1113 2074 1157 Flor.

1185 1170 1337 1213 Guelf.
1363 1170 1525 1226 aliique
1550 1169 1654 1212 libri
1673 1169 1810 1213 MSS.
1839 1171 1939 1214 edd.
1957 1170 2077 1228 Spir-

1183 1230 1287 1271 Ber.
1312 1227 1413 1270 Alc.
1448 1237 1490 1271 et
1518 1235 1704 1270 recentt.
1745 1228 1850 1271 inde
1882 1245 1906 1273 a
1940 1226 2077 1286 Lipsii

1184 1287 1341 1344 prima.
1406 1288 1649 1327 excolebat
1683 1284 1782 1328 edd.
1807 1285 1982 1328 Puteal.
2007 1284 2076 1328 M.

1186 1352 1228 1386 et
1244 1343 1295 1384 V.
1318 1341 1519 1385 Rhenan.
1542 1342 1648 1384 Ald.
1672 1341 1843 1400 Gryph.
1906 1342 2075 1386 Verum

1185 1403 1436 1450 extollere,
1466 1416 1622 1458 graece
1643 1401 1862 1458 ἐξαίρειν,
1895 1407 1960 1443 est
1980 1403 2077 1441 eve·

1185 1459 1288 1501 here
1317 1458 1371 1499 ad
1401 1459 1617 1500 maiorem
1641 1456 1982 1514 praestantiam,
2015 1455 2078 1500 di·

1188 1515 1417 1573 gnitatem.
1498 1514 1555 1558 cf.
1595 1517 1639 1565 1,
1672 1516 1702 1557 2
1737 1523 1779 1558 et
1810 1514 1852 1558 3.
1897 1513 1973 1566 13,
2004 1514 2079 1560 21.

1187 1573 1426 1615 Baiarum
1458 1587 1656 1614 suarum
1684 1573 1888 1627 piscinas
1922 1571 2078 1614 extol-

1188 1632 1324 1672 lebat.
1395 1629 1508 1672 Hist.
1541 1630 1592 1678 4,
1624 1629 1695 1672 28.
1768 1628 1947 1673 Sallust.
1979 1629 2077 1686 lug.

1188 1703 1226 1730 c.
1248 1685 1320 1728 49.
1375 1686 1524 1743 Vulgo
1550 1690 1774 1728 extollere
1794 1685 1988 1744 aliquem
2010 1685 2079 1728 vel

1187 1742 1355 1801 aliquid
1388 1743 1624 1793 dicuntur,
1666 1742 1744 1800 qui
1774 1743 1948 1792 verbis,
1987 1742 2080 1786 lau-

1187 1802 1319 1844 dibus
1347 1800 1588 1843 celebrant.
1644 1801 1704 1844 cf.
1733 1801 1800 1849 12,
1824 1802 1892 1844 11.
1954 1798 2081 1844 Cete-

1185 1875 1287 1900 rum
1327 1859 1566 1899 excolebat
1599 1874 1693 1901 non
1725 1857 1968 1901 absurdum
2000 1863 2081 1900 est.

1188 1915 1245 1958 cf.
1279 1914 1402 1957 Suet.
1438 1914 1545 1957 Oct.
1577 1931 1615 1958 c.
1639 1915 1709 1959 29.
1748 1917 1962 1959 excolere
1992 1928 2079 1957 ur·-

1187 1974 1306 2015 bem.
1398 1971 1463 2015 Id.
1509 1971 1665 2015 Claud.
1709 1988 1749 2015 c.
1780 1973 1854 2016 21.
1909 1974 2081 2017 circum

1187 2030 1466 2072 marmoreis
1507 2031 1770 2072 carceribus
1811 2031 2082 2085 auratisque

1188 2087 1338 2130 metis.
1377 2111 1435 2119 —-
1501 2087 1709 2140 Insignis
1734 2088 2083 2145 magnificencia

1188 2144 1479 2203 intelligenda
1515 2145 1597 2186 erit
1628 2145 1682 2188 de
1712 2145 1866 2188 statuis
1896 2144 2082 2202 aliisque

1189 2201 1752 2253 eiusmodimonimentis,
1797 2202 1895 2260 quis
1926 2201 2081 2244 hortos

1189 2261 1390 2302 ornabat.
1454 2259 1566 2301 Nam
1598 2259 1800 2303 Valerius
1838 2259 2081 2302 ditissimus

1187 2318 1287 2360 fuit.
1349 2317 1410 2360 cf.
1435 2316 1526 2359 Dio
1548 2317 1619 2365 60,
1642 2317 1712 2359 27.

1247 2373 1468 2416 Suilium.
1530 2374 1606 2417 Sic
1632 2374 1732 2417 edd.
1756 2380 1946 2417 recenti.
1974 2372 2081 2416 inde

1190 2448 1215 2474 a
1247 2431 1384 2489 Lipsii
1416 2430 1560 2488 prima
1599 2447 1773 2474 omnes.
1842 2431 1926 2475 Ed.
1959 2430 2079 2488 Spir.

1190 2490 1419 2539 Suillum,
1471 2497 1515 2532 et
1552 2505 1654 2531 mox
1690 2487 1868 2538 Sul'llo,
1917 2489 2079 2534 Suille.

1190 2546 1301 2589 Edd.
1319 2545 1421 2588 Put.
1445 2546 1510 2588 M.
1536 2555 1577 2588 et
1593 2548 1643 2587 V.
1679 2546 1783 2588 Ber.
1813 2545 1911 2589 Ale.
1937 2545 2080 2588 Rhen-

1190 2604 1291 2646 Ald.
1319 2619 1358 2646 c.
1384 2603 1485 2644 MS.
1503 2602 1651 2644 Guelf.
1669 2602 1898 2654 Suillium,
1919 2609 1962 2646 et
1978 2617 2082 2644 mox

1189 2661 1379 2711 Suillio,
1404 2659 1557 2702 Suilli.
1614 2659 1840 2703 Victorius
1862 2658 1911 2703 in
1937 2674 2082 2702 exem·

1189 2716 1301 2776 plari
1330 2733 1412 2760 suo
1440 2715 1646 2759 Beroald.
1681 2716 1743 2759 nil
1780 2717 2000 2768 correxit,
2031 2723 2082 2760 ut

1189 2778 1249 2818 ita
1285 2773 1383 2816 MS.
1416 2773 1540 2816 Flor.
1583 2774 1772 2816 eandem
1811 2773 2081 2833 scripturam

1190 2847 1407 2890 usurpare
1427 2831 1641 2873 videatur.

1243 2888 1524 2931 Britannici.
1585 2887 1952 2932 SieMS.·Guelf.
1975 2887 2080 2932 edd.
2146 2926 2150 2932 .

1190 2946 1307 3004 Spir.
1332 2946 1433 2988 Put.
1451 2945 1518 2988 M.
1541 2954 1582 2988 et
1595 2946 1650 2987 V.
1685 2946 1787 2990 Ber.
1813 2947 1910 2990 Ale.
1934 2944 2082 2989 Rhen-

1189 3020 1286 3062 sqq.
1315 3003 1708 3047 BrittanniciMS.
1722 3003 1756 3046 F
1761 3004 1842 3047 lor.
1857 3002 2080 3047 test.Vict.

1247 3062 1361 3117 qui.
1385 3091 1398 3103 .
1426 3093 1436 3102 .
1469 3069 1695 3104 moneret.
1785 3060 1874 3103 Dio
1907 3061 1978 3112 60,
2014 3060 2082 3103 14.

1189 3115 1330 3163 ὁπότε
1358 3116 1447 3175 γὰρ
1479 3117 1754 3162 ἀποκτεῖναί
1780 3132 1882 3162 τινα
1917 3112 2079 3173 &ml-ri-

1190 3190 1344 3232 σειαν,
1380 3171 1635 3232 ἐξεφόβουν
1661 3174 1806 3225 abtin<
1825 3191 1867 3220 κ.
1892 3190 1931 3218 τ.
1954 3176 1998 3220 λ.

1247 3235 1606 3277 benevolentiae,
1696 3234 1774 3277 Sic
1817 3232 1918 3276 edd.
1960 3232 2080 3290 Lips.

1189 3308 1286 3349 sqq.
1321 3319 1379 3327 -
1435 3291 1552 3334 Edd.
1585 3290 1705 3350 Spir.
1742 3291 1843 3338 Put.
1869 3289 1934 3333 M.
1960 3298 2003 3333 et
2027 3290 2081 3332 V.

1188 3349 1394 3392 Beroald.
1457 3350 1590 3403 (eum
1641 3347 1816 3392 silentio
1860 3345 2080 3402 Victorii)

1188 3407 1287 3450 Ale.
1331 3405 1530 3448 Rheuan.
1564 3405 1669 3448 Ald.
1713 3421 1752 3447 c.
1790 3402 1891 3446 MS.
1927 3402 2080 3447 Guelf.

1187 3465 1538 3507 benivolentiae.
1572 3462 1711 3519 Quod
1733 3462 1868 3505 semel
1882 3460 2079 3504 animad-

1188 3520 1375 3567 vertisse
1399 3519 1580 3564 sufficit.

1244 3578 1404 3621 caveri
1427 3579 1539 3620 vim.
1601 3576 1678 3621 Sic
1707 3575 1806 3620 edd.
1830 3574 1951 3634 Spir.
1974 3567 2075 3619 Put.
