2164 3990
1687 202 1902 245 A.U.81⁶.
1927 204 2013 248 ειη,

1685 253 1802 298 A.C‚
1839 254 1902 289 63.
1949 254 2016 292 64.

226 190 378 282 '552'
907 208 1420 276 ANNALIUM

213 347 216 355 ¹
242 369 452 416 natum
478 347 960 431 propraetoribus
986 342 1510 421 proveconsulibus
1549 333 1739 418 grates
1753 390 1771 416 ‚
1810 366 1931 402 neu
1963 343 2095 422 quis
2146 408 2158 416 ‚

243 462 311 501 ea
334 441 626 516 legatione
651 438 1011 507 fungeretur.
1098 427 1318 486 Iisdem
1350 429 1693 486 consulibus
1727 430 2098 508 gymnasium

242 532 366 591 ictu
388 525 657 586 fulminis
681 515 1065 590 conflagravit
1088 513 1417 589 effigiesque
1443 514 1508 569 in
1533 534 1599 570 eo
1623 514 1879 590 Neronis
1903 517 1978 572 ad
2001 515 2098 570 in·-

240 619 431 674 forme
457 631 552 670 aes
575 596 904 684 liquefacta.
989 597 1070 657 Et
1091 610 1261 655 motu
1285 609 1472 654 terrae
1494 600 1718 657 celebre
1741 598 2097 675 Campaniae

243 701 530 778 oppidum
549 688 822 766 Pompeii
843 705 1058 760 magna
1081 705 1149 741 ex
1168 694 1332 758 parte
1357 685 1604 757 proruit.
1689 684 2099 761 Defunctaque

154 770 166 776 ,
242 788 410 861 virgo
432 777 687 840 Vestalis
711 773 944 842 Laelia,
999 771 1066 827 in
1101 769 1269 826 cuius
1307 768 1506 825 locum
1526 766 1804 827 Cornelia
1833 791 1900 827 ex
1922 769 2100 826 fami-

244 874 328 931 lia
348 870 671 930 Cossorum
695 870 860 936 capta
887 867 989 917 est.

412 998 643 1062 XXIII.
700 994 990 1067 Memmio
1036 990 1269 1065 Regulo
1322 1001 1379 1046 et
1415 986 1701 1063 'Verginio
1746 987 1909 1048 Rufo
1956 1009 2100 1050 coss,

244 1100 446 1153 natam
485 1086 601 1145 sibi
638 1073 707 1141 eit
741 1080 1016 1157 Poppaea
1056 1078 1240 1133 filiam
1274 1075 1430 1132 Nero
1472 1075 1631 1132 ultra
1670 1076 1918 1131 mortale
1959 1094 2102 1148 gau—-

244 1176 415 1238 dium
448 1168 672 1248 aceepit
703 1165 1137 1244 appellavitque
1171 1157 1503 1234 Augustam
1538 1161 1673 1218 dato
1712 1173 1768 1218 et
1794 1158 2101 1235 Poppaeae

245 1266 454 1323 eodem
504 1264 914 1331 cognomento,
999 1250 1165 1306 locus
1213 1241 1529 1323 puerperio
1579 1245 1812 1302 colonia
1852 1240 2104 1301 Antium

240 1351 387 1419 fuit,
428 1346 538 1404 ubi
560 1345 684 1419 ipse
708 1348 1017 1413 generatus
1043 1343 1182 1392 erat.
1272 1330 1399 1387 Iam
1424 1342 1659 1388 senatus
1681 1342 1918 1388 uterum
1941 1328 2102 1405 Pop-

229 1453 423 1516 ‘paeae
466 1426 980 1490 commendaverat
1014 1420 1130 1478 diis
1173 1424 1428 1494 votaque
1469 1414 1706 1493 publice
1757 1425 2104 1491 susceperat.

298 1665 724 1731 proveconsulibus.
756 1655 1147 1704 Vales.adAmm.
1217 1651 1287 1696 68.
1326 1651 1404 1694 ubi
1445 1648 1655 1693 nonnulli
1687 1648 1847 1693 volunt
1874 1657 2108 1706 proruunt

243 1731 326 1785 30,
363 1729 405 1773 5.
450 1725 557 1769 >vult
622 1735 798 1777 proque
864 1715 1145 1761 consulibus,
1218 1726 1312 1754 esse
1336 1724 1419 1767 pro
1436 1715 1768 1774 prorumpunt:

245 1785 556 1835 consentiente
612 1777 840 1823 Ernestio.
941 1771 1030 1816 Sed
1079 1769 1140 1814 cf.
1276 1767 1389 1810 CAP.
1428 1765 1498 1808 23.
1559 1766 1784 1819 Vergzmo
1820 1763 1972 1820 Rufo.
2043 1763 2107 1807 Ex

243 1855 340 1893 not.
362 1845 417 1889 ad
440 1843 483 1895 3,
502 1840 574 1884 57.
1058 1892 1061 1895 ᾗ
1130 1896 1142 1910 ⁴

304 1919 485 1962 iisdem.
563 1908 650 1954 Ed.
691 1906 812 1965 Spir.
857 1905 1029 1951 isdem.
1076 1907 1144 1943 uti

245 1977 378 2023 solet.

303 2040 616 2102 gymnasium.
674 2035 761 2079 Ed.
788 2033 908 2100 Spir.
934 2031 1144 2085 gingna-

246 2106 391 2149 sium.
423 2098 484 2144 cf.
516 2098 584 2145 14,
605 2095 677 2139 47.
733 2091 898 2150 Xiphxl.
924 2090 996 2140 61,
1017 2088 1088 2130 21.

305 2177 413 2219 ictu.
466 2165 622 2213 Guelf.
644 2166 687 2222 (a
709 2176 777 2223 pr.
800 2162 883 2218 m.)
905 2161 987 2202 itu.
1038 2157 1147 2202 Rec.
1176 2184 1178 2187 ·

246 2250 311 2278 m.
337 2227 509 2275 addidit
529 2241 565 2268 c.

306 2301 587 2359 effigiesque.
656 2290 732 2336 Sic
769 2287 870 2333 edd.
904 2286 1009 2329 Put.
1046 2300 1143 2342 sqq·

247 2363 308 2407 At
340 2353 476 2401 MSS.
502 2353 629 2398 Flor.
665 2352 786 2405 (test.
817 2345 957 2400 Vict.)
990 2341 1143 2387 Guelf.

249 2421 319 2467 ed.
351 2415 471 2474 Spir.
507 2409 678 2469 effigies
712 2418 879 2461 usque,
926 2400 1049 2460 quod
1081 2399 1146 2444 vi-

246 2478 358 2523 tium
383 2479 588 2516 exortum
616 2464 750 2509 credo
774 2475 823 2505 ex
850 2459 1033 2504 ultimae
1059 2456 1148 2515 syl·

247 2536 372 2580 labae
415 2530 461 2573 in
505 2524 676 2583 effigies
718 2519 988 2579 repetitione
1029 2515 1146 2558 inter

247 2590 487 2637 transitum
508 2584 563 2629 ad
586 2594 755 2626 novum
780 2591 958 2620 versum
979 2575 1115 2618 faeta.

306 2679 436 2718 motu
455 2678 612 2712 terrae
689 2663 762 2708 Ad
783 2667 1019 2718 sequentes
1040 2672 1146 2701 con⁴

250 2734 368 2779 sules
412 2729 535 2772 hunc
584 2733 728 2768 terrae
761 2728 960 2768 ,motum
1011 2714 1149 2781 ref-ert

251 2793 411 2837 senec.
457 2782 556 2828 Nat.
603 2781 666 2838 Q.
710 2780 752 2831 6,
794 2778 817 2820 1
914 2776 1147 2839 Broterius

249 2857 496 2903 utrumque
527 2841 797 2898 scriptorem
832 2835 891 2877 ita
925 2830 1150 2880 conciliat,

250 2915 303 2950 ut
336 2913 484 2946 terrae
518 2906 695 2942 motum
731 2893 929 2951 coepisse
967 2896 1151 2953 exeunte

251 2978 372 3009 anno
405 2969 450 3004 et
476 2955 702 3002 duravisse
723 2953 772 2996 in
795 2950 985 2993 alterum
1008 2961 1150 3004 suspi-

251 3029 395 3067 cetur.

307 3101 516 3160 proruit.
576 3097 614 3142 1.
638 3096 716 3139 Fr.
743 3088 1001 3136 Gronovius
1029 3086 1150 3129 vole·

253 3164 332 3207 bat
391 3157 581 3216 proruit
637 3153 840 3210 accipere
896 3144 1150 3203 significatu

255 3220 401 3265 activo
426 3225 468 3260 et
491 3216 638 3272 legere
670 3217 821 3252 motus
855 3213 1029 3247 terrae.
1090 3202 1149 3243 At

252 3287 349 3321 turn
384 3275 517 3319 etiam
555 3267 848 3315 scribendum
880 3269 972 3330 erat
1003 3258 1147 3302 Pom-

252 3335 402 3389 peios.
434 3330 496 3376 cf.
517 3338 612 3373 not.
635 3327 691 3371 ad
716 3327 754 3372 1,
770 3323 841 3366 68.
900 3318 988 3361 bed
1009 3332 1149 3375 quum

174 3420 177 3421 ν
256 3405 395 3435 ruere
430 3397 619 3445 utraque
650 3383 696 3429 vi
727 3390 770 3426 et
803 3378 946 3422 activa
981 3383 1024 3418 et
1056 3389 1151 3432 pas-

258 3449 348 3492 siva
383 3453 560 3493 utatur,
613 3457 707 3486 non
740 3438 898 3487 video,
945 3448 1027 3476 cur
1056 3447 1152 3474 non

258 3505 375 3550 idem
418 3502 589 3560 opinari
633 3499 876 3543 debeamus
917 3492 971 3535 de
1010 3490 1152 3534 verbo

250 3575 498 3619 proruere.
560 3558 707 3602 Aliter
736 3571 782 3598 se
806 3553 936 3596 habet
963 3546 1092 3591 locus
1115 3547 1154 3597 1,

1212 1823 1584 1881 inscriptionibus
1596 1822 1768 1881 Lipsius
1788 1821 1978 1865 restituit
1993 1822 2108 1865 Ver·

1213 1882 1355 1937 ginio.
1395 1879 1455 1924 cf.
1480 1880 1661 1924 Gruter.
1729 1911 1739 1922 .
1769 1879 1810 1922 8.
1843 1886 1885 1921 et
1917 1887 2014 1924 not.
2049 1878 2107 1922 ad

1212 1940 1327 1983 Hist.
1352 1941 1392 1990 1,
1407 1940 1502 1981 8.9.
1526 1952 1622 1996 sqq.
1680 1895 1860 1980 ssriores
1882 1936 1981 1979 edd.
2002 1951 2108 1980 cum

1215 1998 1320 2041 MS.
1354 1995 1509 2040 Guelf.
1556 1995 1788 2050 Virginio.
1857 1993 1943 2036 Ed.
1987 1994 2108 2052 Spir.

1216 2055 1383 2108 Ruffo,
1423 2055 1486 2097 uti
1523 2053 1649 2096 solet.
1718 2052 1811 2095 Pro
1847 2054 2114 2105 consulibus¹

1219 2112 1317 2154 MS.
1341 2111 1462 2154 Flor.
1487 2112 1601 2165 (test.
1627 2108 1767 2162 Vict.)
1794 2108 1883 2152 fert
1904 2111 2107 2153 consule.

1217 2168 1337 2212 ‘Alibi
1358 2167 1395 2211 is
1429 2167 1543 2211 liber
1573 2183 1671 2210 eam
1699 2181 1863 2211 vocem
1891 2166 1947 2210 ab
1980 2164 2107 2210 initio

1215 2241 1442 2270 annorum
1464 2224 1621 2268 scribit
1645 2232 1738 2267 οδε.

1274 2286 1403 2325 ultra
1445 2284 1646 2325 mortale
1685 2281 1926 2337 gaudium.
2002 2279 2108 2325 ΜΒ.

1218 2339 1370 2384 Guelf.
1396 2342 1522 2382 ultra
1546 2342 1740 2382 modum
1760 2341 2001 2395 gaudium.

1273 2401 1388 2440 dato
1423 2404 1468 2439 et
1497 2396 1746 2453 Poppaeae
1781 2399 1881 2441 eod.
1917 2413 1954 2442 c.
2025 2396 2111 2442 Ed.

1218 2456 1335 2514 Spir.
1363 2455 1551 2510 Poppeo
1587 2458 1754 2498 eodem
1780 2469 1906 2510 cogn,
1945 2454 2112 2498 omisso

1217 2513 1353 2557 verbo
1377 2521 1420 2554 et
1443 2511 1618 2570 copula.
1871 2548 1874 2554 .

1276 2573 1475 2623 Antium
1501 2569 1618 2625 fuit.
1696 2567 1774 2614 Sic
1809 2568 1947 2614 MSS.
1983 2569 2111 2614 Flor.

1217 2629 1331 2682 (test.
1362 2626 1504 2683 Pich.)
1539 2626 1649 2684 Reg.
1679 2621 1819 2671 (furh.
1855 2628 1956 2670 edd.
1985 2627 2108 2684 Spir.

1219 2686 1322 2728 Put.
1347 2685 1414 2727 M.
1438 2694 1481 2727 et
1495 2684 1550 2726 V.
1575 2684 1781 2728 Beroald.
1806 2685 1865 2739 (c.
1892 2684 1960 2727 sil.
1977 2683 2112 2740 Vict.)

1218 2743 1319 2786 Ale.
1351 2770 1408 2778 -
1468 2741 1517 2784 ln
1543 2740 1970 2786 MSS.B=1d.Guelf.
1985 2742 2110 2784 Harl.

1217 2800 1354 2844 Bodl.
1399 2800 1480 2841 [es.
1524 2798 1625 2842 edd.
1668 2798 1809 2843 Rhen.
1849 2813 1948 2856 sqq.
1991 2800 2114 2842 deest

1207 2858 1322 2917 suit.
1383 2854 1590 2900 Restituit
1606 2855 1804 2899 Piehena
1826 2874 1850 2901 e
1871 2856 2112 2901 Ms.Flor.

1222 2923 1264 2958 et
1306 2913 1375 2957 ed.
1405 2913 1502 2955 Riv.
1572 2913 1664 2956 Pro
1706 2916 1888 2958 colonia
1929 2915 1974 2957 in
2007 2913 2111 2956 MS.

1221 2971 1348 3017 Flor.
1372 2971 1486 3025 (test.
1511 2971 1648 3027 Vict.)
1670 2972 1844 3015 calinia
1863 2972 2037 3031 legitur.

1279 3031 1376 3072 iam
1407 3035 1616 3071 senatus.
1678 3029 1760 3071 Ed.
1785 3028 1903 3087 Spir.
1928 3031 2114 3084 iamque

1220 3093 1428 3129 senatus.
1501 3085 1742 3144 Vulgatum
1784 3096 1967 3130 tuentur
2008 3087 2110 3129 edd.

1221 3144 1326 3189 Put.
1362 3144 1428 3189 M.
1463 3153 1507 3187 et
1538 3143 1593 3186 V.
1625 3143 1831 3187 Beroald.
1873 3145 1930 3195 (c.
1966 3142 2109 3187 silent.

1220 3201 1359 3257 Vict.)
1383 3201 1482 3244 Alc,
1506 3200 1649 3244 Rhen.
1672 3216 1770 3259 sqq.
1788 3227 1847 3242 0-
1880 3197 1988 3243 Mox
2012 3209 2112 3242 ante

1220 3267 1407 3302 uterum
1428 3258 1531 3301 MS.
1556 3257 1707 3301 Guelf.
1731 3258 1831 3302 edd.
1855 3257 1956 3300 Put.
1979 3257 2044 3300 M.
2070 3266 2115 3301 et

1219 3315 1279 3360 V.
1314 3315 1521 3359 Beroald.
1558 3315 1659 3359 Alc.
1699 3315 1869 3357 addunt
1910 3315 2116 3365 interim,

1255 3372 1344 3416 uod
1367 3389 1508 3432 quum
1528 3372 1639 3416 absit
1658 3389 1681 3415 a
1695 3372 1829 3415 MSS.
1846 3371 1971 3414 Flor.
1996 3372 2113 3425 (test.

1221 3389 1365 3487 zict.)
1399 3430 1514 3474 Bud.
1535 3432 1623 3488 (pr.
1649 3431 1728 3485 m.)
1759 3429 1829 3473 ed.
1852 3428 1969 3487 Spir.
1999 3427 2113 3477 Rhe-

1222 3505 1366 3532 nanus
1404 3496 1525 3532 recte
1559 3487 1734 3530 videtur
1768 3486 2002 3531 delevisse.
2064 3486 2116 3529 ln

1221 3546 1341 3590 Bud.
1361 3562 1449 3591 sec.
1475 3559 1631 3589 manus
1653 3543 1764 3588 illud
1790 3543 1986 3587 intrusit.
