2164 3990
614 223 787 284 LIB.
812 222 949 283 XII.
1012 220 1209 283 CAP.
1246 220 1305 280 5.
1345 220 1400 280 6.
1855 225 1937 281 69

86 358 343 438 opperiri
362 357 518 413 intra
536 352 821 429 palatium
835 350 1016 410 iubet.
1049 351 1172 426 ipse
1187 350 1412 407 curiam
1428 350 1758 423 ingreditur
1774 374 1936 409 sum-

85 463 357 521 mamque
380 438 825 515 rempublicam
847 437 1259 510 agiobtestans
1277 436 1512 491 veniam
1536 436 1774 492 dicendi.
1795 451 1932 495 ante
1968 441 1979 447 ”’

85 531 231 589 alios
253 527 510 603 exposcit
534 524 908 599 orditurque:
955 518 1350 578 Gravissimos
1375 520 1662 596 principis
1685 522 1934 592 laboreS,

85 615 218 693 quis
252 614 459 670 orbem
496 623 685 668 terrae
721 618 1009 683 capessat,
1061 626 1226 680 egere
1261 605 1667 676 adminiculiS,
1723 620 1791 664 ut
1825 608 1935 663 do-

83 699 322 758 mestica
353 717 492 754 cura
515 713 734 752 vacuus
759 693 825 748 in
853 713 1164 749 commune
1189 691 1471 750 consulat.
1558 692 1719 767 quod
1753 712 1933 768 porro

71 783 390 854 ,honestius
413 780 710 838 censoriae
733 778 947 834 mentis
968 779 1238 833 levamen
1261 797 1439 853 quam
1464 777 1770 834 adsumere
1790 798 1935 834 con-

84 871 279 944 iugem
304 866 600 943 prosperis
626 864 939 938 dubiisque
963 861 1209 930 sociam,
1254 862 1351 918 cui
1379 862 1759 934 cogitationes
1791 863 1934 918 inti-

81 975 237 1025 maS,
279 953 377 1009 cui
398 971 611 1028 parvos
633 951 851 1006 liberos
876 948 1098 1015 tradat,
1142 967 1265 1002 non
1288 947 1453 1009 luxui
1479 959 1581 1005 aut
1613 948 1936 1023 voluptati-

81 1041 195 1097 bus
231 1038 626 1105 adsuefactuS,
669 1035 771 1091 sed
806 1032 911 1109 qui
944 1031 1137 1106 prima
1174 1032 1249 1087 ab
1290 1032 1529 1089 iuventa
1562 1033 1791 1106 legibus
1826 1034 1936 1090 ob-

82 1122 536 1201 temperavisset.
558 1117 563 1121 ⁵
1678 1196 1680 1199 v

251 1205 359 1266 VI.
409 1205 730 1280 Postquam
773 1198 917 1278 haec
961 1201 1278 1259 favorabili
1323 1203 1591 1260 oratione
1630 1203 1938 1280 praemisit

82 1292 383 1369 multaque
424 1302 659 1367 patrum
704 1286 1028 1343 adsentatio
1078 1288 1462 1364 sequebatur,
1515 1299 1683 1364 capto
1730 1308 1936 1345 rursus

81 1379 253 1444 initio
270 1424 287 1448 ,
342 1376 578 1454 quando
603 1372 1003 1436 maritandum
1029 1372 1359 1448 principem
1388 1374 1584 1430 cuncti
1609 1375 1937 1442 suaderent,

83 1463 263 1538 deligi
300 1474 569 1538 oportere
605 1458 888 1514 feminam
925 1458 1263 1528 nobilitate,
1317 1459 1677 1534 puerperiiS,
1721 1455 1938 1516 sancti-

82 1549 283 1606 monia
329 1538 641 1620 insignem.
726 1563 834 1598 nec
875 1542 981 1598 diu
1015 1543 1484 1619 anquirendum,
1531 1544 1679 1621 quin
1718 1540 1938 1620 Agrip—

81 1635 224 1710 pina
246 1631 597 1689 claritudine
620 1628 848 1702 generis
874 1627 1147 1684 anteiret:
1191 1630 1394 1684 datum
1414 1629 1487 1685 ab
1513 1650 1579 1686 ea
1604 1629 1937 1689 fecundita—

83 1720 159 1776 tis
196 1717 658 1792 experimentum
688 1724 753 1770 'et
788 1731 1109 1785 congruere
1140 1725 1291 1770 artes
1315 1709 1609 1773 honestaS.
1696 1712 1767 1770 Id
1794 1735 1935 1770 vero

85 1802 408 1877 egregium,
450 1800 610 1876 quod
638 1797 880 1872 provisu
904 1798 1080 1853 deum
1103 1798 1284 1868 vidua
1306 1798 1648 1878 iungeretur
1675 1799 1939 1873 principi

85 1882 189 1945 sna
210 1897 440 1944 tantum
461 1881 840 1939 matrimonia
862 1894 1118 1957 expertO.
1206 1882 1499 1939 audivisse
1523 1904 1556 1940 a
1576 1884 1937 1958 parentib11S‚

83 1970 300 2030 vidisse
334 1970 492 2045 ipsos
522 1966 717 2042 adripi
742 1967 1019 2040 coniuges
1042 1967 1117 2035 ad
1142 1967 1312 2025 libita
1334 1965 1678 2025 Caesarum:
1729 1970 1940 2044 procul

170 229 224 263 A.
244 225 295 266 U.
313 225 399 259 803.

169 273 223 306 A.
240 269 287 307 C.
331 267 399 302 60.

137 2145 353 2202 opperiri.
411 2144 496 2194 Ed.
515 2143 634 2201 Spir.
657 2144 847 2199 operiri.

136 2210 465 2259 summamque
499 2218 604 2245 rem
633 2217 684 2256 p.
755 2200 831 2244 Sic
869 2201 970 2245 edd.

79 2263 120 2306 R
140 2260 225 2305 ‘clm
249 2276 346 2319 sqq.
376 2288 436 2296 -
474 2274 801 2314 summamque
828 2259 901 2300 rei
922 2275 970 2310 p.

80 2337 104 2363 e
138 2319 181 2362 d.
205 2325 308 2361 vett.
330 2334 434 2362 cum
447 2317 549 2360 MS.
565 2314 718 2359 Guelf.
762 2315 851 2358 Sed
865 2316 968 2359 MS.

79 2378 204 2421 Flor.
229 2376 278 2430 (t.
302 2375 339 2418 I.
361 2373 614 2428 Gronovio)
644 2387 970 2428 summamque

80 2438 144 2492 Ῐῖ.
164 2446 242 2497 Ρ.,
282 2443 390 2488 infr.
414 2445 482 2494 16,
503 2444 576 2487 28.
604 2457 848 2485 summam
871 2444 973 2497 rep.

78 2502 311 2548 Ernestius
330 2510 575 2560 utrumque
597 2500 716 2549 idem
738 2516 831 2543 esse
858 2516 971 2544 con-

79 2560 240 2611 tendit.
310 2558 491 2618 Aliquid
523 2567 671 2601 tamen
700 2556 973 2614 discriminis

79 2619 259 2667 videtur
291 2614 584 2659 intercedere.
662 2616 880 2660 Summa·
903 2616 978 2657 rei

76 2675 287 2734 publicae
310 2672 483 2730 agitur,
512 2688 618 2717 cum
644 2671 793 2714 omnis
815 2670 971 2722 civita-

83 2734 139 2777 tis
158 2747 228 2776 res
248 2739 380 2788 atque
403 2731 519 2775 salus
541 2729 646 2772 inde
667 2729 846 2787 pendet.
908 2729 970 2773 cf.

82 2791 141 2834 dc
189 2803 381 2832 summa
424 2803 589 2830 rerum
632 2786 724 2828 illic
767 2795 971 2829 certaret

82 2847 195 2891 Hist.
215 2844 256 2898 8,
273 2846 343 2888 70.
384 2860 602 2888 summae
620 2858 783 2888 rerum
811 2852 856 2886 et
871 2845 971 2886 im-

81 2905 206 2961 perii
238 2917 289 2946 se
329 2910 616 2945 reservaret.
675 2901 790 2945 Hist.
825 2902 868 2953 2,
898 2901 970 2945 33.

84 2962 285 3006 Summa
303 2961 561 3016 respublica
578 2958 754 3016 agitur,
792 2975 895 3002 cum
924 2958 972 3001 id

84 3021 252 3088 agitur,
281 3033 374 3075 quo
394 3017 502 3060 nihil
521 3016 570 3059 in
590 3017 768 3060 civitate
787 3024 854 3059 est
875 3032 974 3073 gra-

82 3092 198 3122 vius·
265 3075 357 3118 Pro
398 3077 640 3117 obtestans
678 3073 781 3117 MS.
818 3072 972 3117 Guelf.

85 3140 341 3183 ostentatur.
418 3174 420 3180 ,

89 3232 95 3240 ,
138 3195 364 3246 capessat.
422 3188 527 3232 MS.
559 3187 686 3240 Flor.
719 3196 818 3232 test.
845 3187 968 3232 Vict.

85 3253 319 3301 capescat,
359 3253 410 3289 ut
441 3262 574 3304 supra
607 3247 676 3294 11,
708 3244 780 3289 34.
851 3245 967 3289 Edd-

85 3302 202 3361 Spir.
223 3311 268 3355 et
287 3303 395 3357 Ald.
420 3301 494 3348 hic
514 3302 678 3353 habent
698 3311 931 3357 capessat.

141 3375 400 3408 commune.
475 3359 579 3410 MS.
610 3359 763 3404 Guelf.
797 3363 974 3403 contio-

86 3431 230 3466 nem„
262 3416 435 3464 Vitium
458 3425 609 3468 ortum
629 3425 699 3460 est
715 3433 740 3460 e
762 3433 972 3475 compen·

88 3474 286 3575 ἐιίοὐοδε,
308 3476 429 3533 quod
443 3482 596 3527 ,exstat
609 3473 657 3527 iu
677 3473 973 3527 edd-PunM.

1101 2144 1339 2188 censoriae
1359 2146 1545 2189 mentis.
1604 2145 1808 2204 Intellige
1821 2146 1936 2190 Cae-

1044 2201 1179 2252 saris,
1224 2202 1297 2246 cui
1333 2204 1604 2246 censoriam
1636 2204 1709 2246 dat
1739 2211 1937 2247 mentem

1043 2258 1327 2310 adulatione,
1357 2259 1453 2304 h.e.
1479 2261 1697 2319 gravitate
1719 2261 1938 2319 insignem

1040 2311 1336 2375 gravibusque
1372 2318 1507 2361 rebus
1541 2334 1718 2376 semper
1750 2333 1940 2374 occupa-

1039 2382 1146 2416 tam.
1210 2373 1268 2418 cf.
1298 2373 1420 2422 Plin.
1453 2391 1553 2433 epp.
1588 2375 1629 2426 3,
1650 2376 1724 2418 20.
1744 2375 1936 2428 'Audie-

1046 2431 1128 2472 bat
1176 2439 1370 2482 senatus
1416 2435 1655 2486 gravitate
1707 2433 1936 2475 censoria.

1045 2487 1244 2545 Respicit
1287 2488 1494 2533 Vitellius
1555 2489 1611 2532 ad
1675 2489 1936 2548 dignitatem

1047 2543 1224 2588 Claudii
1284 2547 1552 2591 censoriam.
1612 2546 1693 2596 cf.
1751 2546 1936 2594 Sueton.

1047 2601 1205 2646 Claud.
1239 2619 1279 2647 c.
1304 2603 1374 2646 16.
1435 2603 1528 2647 Pro
1558 2603 1798 2660 ceizsoriae
1831 2602 1935 2647 MS.

1041 2660 1227 2703 Farnes.
1252 2653 1386 2703 habet
1414 2660 1661 2713 Caesaris;
1692 2661 1798 2713 hinc
1819 2661 1934 2704 Aci-

1042 2715 1185 2759 dalius
1217 2724 1260 2770 et
1287 2715 1487 2762 Pichena
1520 2717 1729 2762 volebant
1758 2718 1934 2770 Caesa-

1042 2788 1168 2816 reae.
1225 2773 1428 2818 Frustra.
1609 2774 1612 2778 ⁸

1099 2831 1354 2887 dubiisque.

1043 2889 1138 2931 sine
1163 2887 1339 2946 copula.
1435 2944 1436 2948 Ἰ

1100 2947 1255 2989 luxui.
1310 2945 1410 2989 MS.
1434 2944 1740 2999 Oxonduxu.
1799 2947 1938 2997 Rece-

1044 3003 1109 3062 pit
1129 3002 1441 3060 Kiesslingius.
1501 3005 1591 3048 Sed
1620 3006 1726 3063 quid
1751 3005 1846 3049 aliis
1871 3005 1935 3047 lo-

1047 3060 1109 3104 cis
1140 3060 1355 3104 faciemus
1390 3060 1465 3104 ubi
1495 3073 1695 3120 superest
1719 3062 1934 3107 termina-

1046 3118 1109 3169 tio
1142 3119 1221 3161 ui?
1279 3117 1337 3160 cf.
1359 3133 1494 3176 supra
1518 3129 1613 3164 not.
1639 3120 1723 3165 sub
1747 3136 1787 3164 v,
1818 3134 1935 3162 con-

1046 3189 1223 3218 sensui.

1052 3296 1057 3301 -
1095 3245 1216 3289 CAP.
1241 3245 1283 3288 6.
1317 3259 1381 3287 an
1415 3245 1683 3298 nitendum.
1740 3246 1930 3291 SicMS.

1039 3303 1164 3346 Flor.
1188 3304 1236 3358 (t.
1251 3302 1308 3347 V.
1333 3261 1532 3361 cffiieh.)
1563 3304 1666 3357 edd.
1686 3302 1815 3348 Pich.
1838 3322 1936 3364 sqq.

1043 3360 1108 3405 cf.
1139 3367 1237 3413 not.
1271 3359 1325 3402 ad
1359 3358 1427 3414 13,
1458 3359 1500 3411 6.
1519 3368 1577 3405 -et
1602 3361 1851 3420 interprett.
1883 3363 1938 3410 ad

1047 3417 1142 3463 Cic.
1169 3416 1224 3459 de
1247 3415 1339 3470 Off.
1356 3417 1477 3471 1,3o.
1500 3426 1544 3462 et
1561 3418 1776 3470 ,Fin.4,7,
1793 3420 1860 3463 16.
1878 3443 1936 3452 -

1045 3474 1380 3576 awende
1408 3475 1936 3523 Μ

1086 3548 1159 3575 u.
1236 3547 1293 3575 a.
1377 3549 1454 3578 ar.
1527 3549 1619 3576 o.
1681 3550 1742 3581 es.
1826 3550 1933 3580 ue.

1433 2831 1535 2876 MS.
1584 2833 1735 2878 Guelf.
1787 2834 1938 2876 dubiis
