2164 3990
616 252 796 315 LIB.
837 252 1011 339 XIV.
1089 250 1310 316 cA-P:
1337 254 1433 315 14.
1831 258 1953 319 251

105 382 280 447 dibus
308 379 533 442 celeBre
559 376 619 440 et
646 381 895 440 deorum
930 377 1149 440 honori
1179 385 1402 458 datum.
1489 383 1786 442 enimvero
1822 407 1963 444 can-

104 466 516 545 tus‘Apollini
555 487 782 537 sacros,
836 468 1059 543 talique
1097 475 1314 525 ornatu
1346 468 1573 525 adstare
1612 489 1736 526 non
1781 473 1960 530 modo

102 551 455 634 'Graecis-in
495 553 776 621 urbibus,
831 553 931 608 sed
968 551 1254 612 Romana
1283 555 1439 629 apud
1478 554 1696 628 templa
1740 576 1963 614 numen

186 255 240 289 A.
253 253 304 289 n.
318 224 404 286 sis.

190 297 239 333 A.
259 296 305 333 c,
342 295 408 333 60.

104 640 487 718 praecipuum
522 651 579 695 et
616 637 962 712 praescium.
1046 637 1168 695 Nec
1207 639 1326 694 iam
1367 637 1492 695 sisti
1529 650 1786 714 poterat,
1829 663 1963 699 cum
2027 643 2053 665 ²*

103 725 364 790 ,Senecae
403 745 468 780 ac
509 721 703 779 Burro
745 723 968 791 visum,
1021 743 1096 779 ne
1137 735 1384 799 utraque
1421 723 1817 799 pervinceret,
1864 727 1964 784 ⁴al-

105 823 301 869 terum
341 809 677 867 concedere.
779 809 1157 884 clausumque
1193 809 1346 865 valle
1370 799 1656 866 Vaticana
1695 811 1966 886 spatium,

105 895 173 953 in
202 916 320 972 quo
351 913 530 971 equos
570 904 794 966 regeret
833 888 994 950 haud
1024 893 1358 968 promiscuo
1398 893 1743 969 spectaculo.
1827 915 1966 954 mox

104 981 263 1039 ultro
287 979 489 1036 vocari
512 978 768 1053 populus
791 976 1102 1037 Romanus
1129 978 1521 1055 laudibusque
1550 980 1826 1037 extollere
1841 1028 1858 1052 ,
1899 994 1968 1040 ut

108 1077 195 1123 est
236 1065 449 1138 vulgus
499 1063 742 1138 cupiens
784 1063 1159 1138 voluptatum
1200 1074 1283 1133 et,
1349 1063 1400 1119 si
1442 1065 1647 1120 eodem
1685 1066 1966 1146 princeps

108 1146 333 1220 trahat,
397 1149 635 1207 laetum.
748 1145 1024 1205 Ceterum
1079 1149 1385 1222 evulgatus
1440 1151 1637 1224 pudor
1693 1163 1819 1208 non
1867 1143 1968 1209 Γεθ-

109 1236 400 1304 tietatem‚
449 1244 520 1290 ut
560 1234 872 1303 rebantur,
928 1233 1028 1290 sed
1068 1233 1517 1291 incitamentum
1561 1237 1776 1297 attulit.
1848 1256 1969 1295 ‘ra-

102 1331 321 1407 tusque
365 1319 618 1377 dedecus
652 1318 906 1389 molliri,
972 1318 1022 1375 si
1058 1319 1257 1397 plures
1301 1320 1619 1390 foedasset,
1673 1322 1969 1382 nobilium

112 1571 177 1606 est
206 1563 254 1605 in
277 1561 413 1606 MSS.
434 1560 588 1605 Guelf.
624 1561 740 1605 Bud.
777 1563 871 1618 (pr.
908 1563 1000 1617 m.)

111 1620 239 1664 Harl.
274 1621 356 1663 les.
391 1619 521 1662 Bodl.
562 1619 633 1672 (in
666 1619 916 1677 margine).
947 1647 1007 1660 -.-

115 1679 214 1735 quis
233 1679 413 1731 regibus
442 1676 543 1718 MS.
571 1675 678 1733 Reg.
706 1676 773 1719 ed.
798 1675 918 1733 Spir.
948 1703 1007 1711 -—

106 1738 238 1792 vquod
258 1732 552 1788 regibusMS.
566 1732 699 1775 Bodl.
717 1733 763 1775 in
785 1741 1006 1784 contextu,

101 1793 217 1836 edd.
250 1791 351 1834 Put.
385 1791 453 1834 M.
485 1800 527 1833 et
563 1790 618 1832 V.
652 1790 858 1833 Beroaid.
902 1790 1004 1834 Ale.

110 1849 261 1893 Rhen.
286 1864 384 1906 sqq.
459 1849 545 1891 lac.
574 1845 1005 1890 Gronovius⁴male-

113 1908 191 1951 bat
226 1909 366 1963 quasi
395 1906 578 1958 regium
610 1912 652 1947 et
689 1921 790 1946 mox
825 1919 1008 1945 memo-

115 1979 248 2007 rans.
317 1962 575 2005 Ernestius:
609 1963 812 2017 antiquis
841 1977 1007 2015 regum

118 2030 163 2064 et
178 2022 378 2063 ducibus.
426 2019 720 2076 Kiesslingius
743 2019 797 2060 de
819 2021 1008 2076 scriptu·

114 2095 190 2127 ra,
221 2093 353 2135 quam
384 2076 556 2133 recepi,
599 2076 835 2118 consentit.
916 2076 1006 2119 Pro

118 2137 414 2178 memorabat
449 2134 522 2177 ed.
558 2133 679 2190 Spir.
718 2133 789 2176 dat
821 2148 1004 2176 memo-

115 2201 202 2237 ret.
261 2191 298 2234 E
321 2190 422 2234 MS.
439 2190 568 2234 Flor.
591 2189 801 2236 adferunt
821 2206 1005 2233 memo-

115 2260 225 2299 rat,
269 2249 484 2307 quod-*ita
524 2247 700 2291 defendi
734 2257 905 2306 potest,
958 2258 1008 2291 ut

116 2308 322 2351 Tacitum
343 2314 562 2362 ⁴putemus
594 2305 787 2347 hausisse
813 2322 860 2348 ex
882 2315 1007 2349 auto-

119 2365 288 2424 grapho
318 2362 518 2421 quodam
541 2362 733 2404 Neronis
766 2363 831 2404 vel
864 2363 1006 2405 moui-

118 2430 271 2465 mento
296 2418 610 2477 qualicunque,
640 2418 843 2461 fortassis
870 2437 891 2459 e
916 2436 1008 2461 car·

119 2480 346 2528 minibus,
378 2492 488 2534 quae
517 2493 554 2519 c.
581 2476 648 2519 16.
673 2475 794 2518 dicit.
855 2475 1011 2519 Victo·

117 2537 211 2579 rius
235 2545 385 2579 tamen
410 2535 627 2577 intactum
653 2533 836 2590 reliquit
860 2532 1012 2590 vulga·

117 2601 234 2639 tum.
303 2591 407 2635 MS.
435 2589 587 2635 Guelf.
606 2590 802 2646 factum
825 2606 907 2649 pro
921 2592 1009 2648 fa-

121 2652 351 2695 ditatum.

177 2706 400 2760 Apollini.
482 2705 564 2749 Ed.
611 2705 729 2762 Spir.
769 2705 1012 2758 Apollinis.

121 2765 331 2810 Adhaesit
350 2762 494 2807 littera
519 2772 743 2820 postrema
769 2779 791 2805 e
812 2778 922 2806 voce
948 2777 1013 2805 se-

123 2823 294 2882 quenti.

797 2876 872 2919 Sic
915 2875 1014 2919 edd.

178 2893 354 2922 numen
386 2879 689 2931 praecipuum
699 2909 709 2919 .

1077 1561 1222 1607 roald.
1249 1563 1348 1606 Ale.
1371 1563 1573 1607 Rhenan.
1600 1580 1698 1623 sqq.
1782 1566 1835 1610 In
1864 1565 1966 1612 MS.

1078 1621 1209 1667 Bud.
1256 1636 1347 1663 sec.
1402 1638 1464 1664 m.
1526 1622 1647 1665 dedit
1707 1631 1971 1681 utrumque,

1078 1677 1199 1736 quod
1228 1676 1410 1723 volebat
1433 1678 1621 1736 Lipsius.
1683 1679 1971 1726 Vocabulum

1079 1744 1278 1791 utraque
1300 1736 1451 1794 accipe
1469 1751 1554 1793 pro
1575 1738 1826 1781 accusativo
1847 1742 1972 1806 grae-

1079 1809 1130 1835 ce
1154 1793 1323 1850 posim,
1354 1801 1429 1836 aut
1463 1809 1568 1836 cum
1593 1793 1817 1837 Oberlino
1847 1795 1980 1839 intel-s

1078 1850 1166 1908 lige
1194 1857 1347 1903 parte.
1410 1849 1524 1893 Nam
1561 1851 1683 1908 quod
1721 1853 1879 1896 volunt
1901 1852 1973 1897 Bi·

1080 1907 1278 1966 ponfini,
1317 1916 1513 1962 utraque
1549 1925 1609 1951 sc.
1652 1907 1817 1960 libido,
1847 1910 1974 1955 nihili

1080 1972 1158 2008 est.
1243 1964 1455 2007 Ceterum
1494 1980 1639 2021 neque
1679 1974 1876 2023 utroque
1909 1969 1973 2012 in·

1079 2029 1232 2079 eptum
1259 2037 1352 2064 esse
1373 2022 1560 2064 videtur.
1598 2023 1808 2081 'Heinsius
1827 2041 1976 2069 emen·

1080 2080 1233 2123 dabat:
1265 2095 1322 2121 ne
1348 2086 1549 2134 utraque
1572 2081 1914 2140 pervincerent.

1129 2151 1413 2203 promiscuo.
1475 2150 1576 2197 MS.
1600 2145 1722 2194 Flor.
1756 2159 1810 2205 (t.
1832 2153 1974 2212 Vict.)

1074 2210 1342 2262 promisco,
1394 2207 1455 2249 uti
1501 2208 1631 2251 solet.
1721 2208 1805 2253 Ed.
1855 2211 1974 2269 Spir-

1075 2267 1399 2319 promz's·cu03‚
1429 2273 1614 2308 attracta
1640 2266 1798 2309 ultima
1825 2267 1973 2315 littera

1080 2339 1103 2365 e
1125 2323 1346 2368 vocabulo
1372 2323 1591 2378 sequenti.

1138 2395 1454 2446 laudibusque.
1547 2391 1624 2436 Sic
1672 2393 1808 2438 MSS.
1846 2396 1882 2438 F
1887 2395 1974 2442 lor.

1083 2452 1200 2504 (test.
1227 2449 1440 2503 Piehena)
1466 2448 1590 2491 Harl.
1619 2450 1773 2498 Guelf.
1812 2453 1852 2507 (a
1887 2469 1976 2499 sec.

1083 2508 1166 2562 m.)
1198 2506 1296 2548 edd.
1331 2506 1448 2561 Spir.
1486 2506 1699 2553 Beroald.
1741 2510 1799 2562 (c.
1829 2511 1974 2555 silent.

1082 2562 1224 2629 Vient.)
1255 2562 1442 2639 Pielien.
1473 2577 1573 2639 sqq.
1638 2564 1854 2623 Copulam
1889 2584 1978 2625 que

1085 2627 1297 2662 omittunt
1331 2619 1430 2661 Mb,
1453 2620 1566 2662 hud.
1591 2622 1692 2666 edd.
1715 2623 1819 2668 Put.
1841 2624 1910 2670 Μ.
1936 2637 1980 2672 et

1084 2677 1141 2721 V.
1162 2676 1269 2721 Alc.
1292 2676 1436 2718 Rhen.
1463 2693 1562 2734 sqq.

1143 2750 1324 2790 eodem.
1387 2747 1488 2790 MS.
1507 2747 1622 2792 Bud.
1647 2757 1688 2792 et
1712 2749 1811 2794 edd.
1833 2750 1976 2800 Rhen.

1089 2821 1186 2863 sqq,
1215 2819 1279 2846 ea.
1341 2803 1535 2848 Pichena
1559 2807 1788 2851 revocavit
1815 2813 1979 2853 eodem

1086 2879 1109 2906 e
1141 2862 1243 2904 MS.
1271 2861 1419 2909 Flor„
1453 2878 1555 2905 cum
1583 2879 1672 2919 quo
1699 2865 1798 2909 MS.
1825 2865 1976 2912 Guelf.

120 2937 325 2981 Rhenan.
362 2951 458 2992 sqq.
493 2963 550 2970 -
619 2948 794 2976 nomen
830 2933 1015 2988 praeci-

118 3010 269 3051 puum
294 2992 394 3035 edd.
421 2992 536 3047 Spir.
564 2991 668 3034 Put.
692 2991 759 3034 M,
785 3000 826 3033 ct
851 2991 909 3034 V.
934 2991 1014 3033 Be-

122 3051 268 3095 roald.
294 3051 412 3104 (cum
437 3048 618 3093 silentio
643 3047 780 3103 Vict.)
809 3047 909 3090 Ale.
950 3064 1017 3091 ea·

125 3109 227 3153 dem
261 3107 553 3157 confusione,
588 3122 722 3164 quam
753 3106 948 3148 vidimus
979 3107 1018 3156 1,

121 3165 194 3210 73.
213 3190 265 3199 --
293 3179 462 3207 nomen
471 3165 735 3218 principum
747 3162 848 3206 MS.
860 3162 1014 3206 Guelf.

124 3224 247 3267 ldem
275 3238 375 3264 mox
398 3222 499 3263 viso
524 3236 608 3280 pro
634 3220 799 3262 visum.

184 3300 395 3347 utraque.
466 3290 543 3333 Sic
574 3289 712 3332 MSS.
745 3289 868 3331 Flor.
900 3289 1016 3344 (test.

126 3347 276 3403 Pich.)
310 3348 433 3391 Harl.
474 3348 592 3402 (sec.
629 3346 720 3401 m.)
759 3346 861 3389 edd.
896 3345 1015 3403 Spir.

127 3405 309 3449 Pichcu.
346 3422 444 3462 sqq.
511 3403 739 3447 Victorius
773 3411 922 3445 tamen
954 3404 1019 3446 in·

129 3469 295 3504 tactum
325 3462 503 3519 reliquit
535 3469 752 3517 utroque,
793 3460 918 3518 quod
957 3469 1021 3503 est

127 3517 189 3576 in-
208 3519 342 3562 MSS.
370 3518 504 3562 Bodl.
539 3519 621 3562 les.
656 3517 780 3562 Harl.
818 3518 904 3576 (pr.
933 3521 1016 3573 ω.)

131 3572 282 3620 Guelf.
307 3575 424 3620 Bud.
449 3575 549 3645 edd.
570 3575 674 3623 Put.
699 3576 765 3621 M.
792 3584 835 3618 et
858 3575 915 3620 V.
940 3574 1021 3619 Be·

1087 2928 1130 2963 et
1155 2919 1255 2962 edd.
1279 2927 1382 2964 ante
1402 2917 1670 2963 Rhenanam
1697 2936 1855 2966 onmes
1875 2941 1982 2969 con·

1087 2977 1299 3020 sentiunt.

1145 3048 1401 3099 evulgatus.
1462 3045 1539 3089 sie
1561 3046 1695 3093 MSS.
1716 3049 1841 3096 Flor.
1866 3052 1981 3106 (test.

1087 3103 1231 3155 Vict.)
1259 3103 1371 3147 Bud.
1389 3102 1542 3146 Guels.
1566 3104 1667 3147 edd.
1695 3106 1814 3164 Spir.
1832 3108 1976 3155 Rhen.

1088 3178 1186 3266 ΧΨ.
1225 3184 1284 3194 --
1351 3163 1569 3214 vulgatus
1603 3163 1704 3207 edd.
1736 3163 1841 3211 Put.
1875 3167 1979 3212 Ber.

1153 3234 1192 3262 c.

1146 3289 1342 3334 molliri.
1421 3287 1497 3331 Sic
1532 3288 1667 3334 MSS.
1702 3289 1826 3341 Flor.

1088 3345 1209 3390 Vict.
1245 3362 1285 3389 c.
1309 3345 1519 3400 Pichen.)
1553 3345 1671 3392 Bud.
1702 3343 1814 3408 Agr.
1883 3303 1981 3345 iesu

1091 3403 1215 3446 Harl.
1250 3403 1362 3459 (sec.
1385 3403 1479 3456 m.)
1512 3403 1614 3448 edd.
1644 3403 1764 3505 Spir.
1797 3416 1840 3451 et
1867 3351 1983 3454 gili-

1091 3459 1207 3503 terii.
1251 3487 1309 3495 --
1378 3460 1513 3504 MSS.
1559 3460 1674 3512 Guel
1748 3462 1861 3523 Reg.
1897 3466 1981 3515 les.

1090 3516 1219 3563 Harl.
1244 3520 1334 3575 (pr.
1363 3519 1442 3574 m.)
1469 3519 1650 3572 moliri,
1680 3535 1736 3564 ne
1770 3521 1904 3576 lecta,
1934 3532 1984 3567 ut

1092 3575 1164 3624 fn,
1185 3575 1320 3620 altera
1344 3574 1487 3620 littera
1509 3578 1551 3626 l,
1598 3592 1685 3638 qua
1707 3595 1730 3624 a
1752 3579 1889 3625 terius
1911 3581 1981 3628 lit.
