2164 3990
1739 215 1793 251 A.
1811 215 1868 252 11.
1885 218 1974 255 8⁰9.

1740 258 1794 296 A.
1812 259 1860 296 C.
1909 261 1968 299 66.

132 253 138 263 -
204 218 325 276 170
618 294 625 316 k
870 212 1386 278 ANNALIUM

197 348 413 405 tatoris
445 347 716 420 solituni,
756 346 1037 424 utxmatriq
1048 348 1470 420 servabantur,
1515 360 1572 407 et
1593 335 1928 409 Germanos
1955 372 2058 417 su·-

196 454 304 510 per
329 434 582 491 eundern
605 429 899 492 honorem
923 431 1190 489 custodes
1215 434 1448 491 additos
1475 435 1717 513 degredi
1742 437 1926 498 iubet.
1987 458 2057 495 ae

196 540 273 576 ne
298 531 490 577 ··coetu
536 519 920 578 salutantium
965 517 1464 592 frequentaretur,
1531 533 1762 595 separat
1810 523 2089 580 domum·

194 616 560 682 matremque
581 605 859 661 transfert
879 601 945 656 in
971 621 1126 672 eam,
1172 623 1322 678 quae
1337 601 1636 662 Antoniae
1657 607 1874 678 fuerat,
1905 629 2056 684 quo-

195 690 350 748 tiens
382 692 505 765 ipse
539 690 682 746 illuc
715 687 1059 756 ventitaret,
1103 698 1300 762 septus
1334 691 1508 748 turba
1545 692 1962 750 centurionum
2000 705 2057 751 et
2136 742 2139 746 .

193 788 328 851 post
353 775 533 833 breve
558 774 826 832 osculum
855 772 1211 846 digrediens·

335 923 531 988 ,XIX.
569 921 741 982 Nihil
766 945 974 1001 ¹rerum
1006 924 1350 983 mortalium
1386 936 1507 981 tam
1540 926 1814 987 instabile
1849 949 1916 987 ac
1938 930 2056 988 flu·

193 1031 337 1069 xum
365 1022 451 1069 est
475 1030 655 1087 quam
686 1010 844 1067 fama
879 1010 1177 1086 potentiae
1217 1031 1343 1067 non
1378 1029 1484 1067 sua
1518 1011 1582 1067 vi
1616 1014 1774 1074 nixa.
1859 1017 2056 1073 statim

194 1097 469 1154 relictum
499 1091 864 1171 Agrippinae
898 1096 1100 1156 limen.
1188 1116 1363 1152 nemo
1403 1096 1616 1166 solari,
1659 1116 1834 1156 nemo
1874 1101 2055 1170 adire,

192 1193 424 1257 praeter
447 1200 662 1257 paucas
685 1181 939 1237 feminas
967 1201 1167 1238 amore
1195 1203 1272 1238 an
1301 1181 1438 1238 odio
1466 1182 1737 1244 incertaS.

170 1261 306 1324 'bus
335 1277 459 1323 erat
483 1264 660 1323 Iunia
684 1265 919 1337 Silana,
963 1287 1142 1344 quam
1172 1267 1551 1324 matrimonio
1581 1265 1648 1327 C.
1673 1268 1810 1326 Silii
1835 1289 1870 1326 a
1894 1268 2059 1328 Mes-

193 1352 406 1410 sallina
440 1353 747 1429 depulsam
785 1372 964 1429 supra
1000 1352 1235 1423 rettuli,
1278 1352 1528 1426 insignis
1566 1372 1808 1427 genere,
1848 1355 2057 1426 forma,

1163 1589 1268 1632 ritas
1293 1588 1491 1632 accedat.
1552 1587 1667 1632 Nam
1691 1605 1771 1647 per
1796 1605 1843 1633 se
1871 1597 2056 1648 utraque

191 1588 279 1634 nisi
309 1589 435 1648 quod
460 1588 666 1634 scribunt
699 1590 796 1633 solz·
822 1596 927 1632 tum
960 1596 1005 1632 et
1042 1597 1091 1632 ut

1163 1647 1279 1690 ratio
1305 1645 1440 1691 valet:
1498 1647 1636 1691 Fama
1657 1647 1884 1704 potentiae
1901 1647 2057 1691 nititur

191 1664 257 1691 m.
273 1673 324 1682 -—
337 1647 439 1691 MS.
452 1649 562 1706 Agr.
576 1655 620 1691 et
639 1647 744 1691 inde
771 1647 872 1690 edd.
888 1646 1032 1707 Ryck.
1049 1656 1092 1690 et

1825 1204 1894 1240 ex
1924 1185 2058 1260 qui·
2142 1259 2147 1263 Π

190 1705 385 1750 Broterii
407 1721 492 1762 pro
510 1714 562 1748 ut
581 1705 907 1748 matrihabent
929 1713 974 1748 et
994 1721 1091 1748 ma-

191 1764 269 1810 tri.
330 1760 504 1822 Lipsius
527 1764 870 1807 emendaverat:
901 1778 1021 1818 quae
1039 1770 1091 1804 ut

189 1822 378 1876 coniugi
406 1821 708 1876 imperatoris
739 1821 848 1863 olim
862 1854 874 1876 ,
918 1828 1019 1862 tum
1047 1826 1092 1862 et

192 1887 245 1922 ut
279 1880 452 1927 matri,
497 1895 610 1934 quae
640 1887 821 1935 recepta
845 1895 868 1921 a
892 1876 1090 1921 Piehena

190 1935 326 1980 hodie
346 1935 607 1992 vulgantur.
656 1935 949 1993 Kiesslingius
969 1933 1090 1979 vult:

189 1995 406 2042 solitum,
437 2000 537 2036 tum
563 2001 613 2035 ut
637 1993 799 2035 mat'ri.
859 1993 946 2036 Sed
977 1990 1090 2035 illud

190 2058 295 2094 tum
317 2066 703 2109 supervacaneum
723 2059 802 2094 est.

248 2104 456 2176 degredi.
538 2119 604 2163 Ex
645 2118 961 2163 emendatione
1001 2118 1091 2161 Er-

189 2179 338 2224 nestii.
410 2177 532 2222 Vett.
573 2178 674 2222 libri
713 2180 914 2231 digredi,
966 2176 1089 2235 quod

191 2237 345 2281 nescio
372 2252 430 2280 an
451 2235 591 2294 possit
615 2235 814 2280 defendi.
871 2234 987 2278 Nam
1012 2238 1090 2276 de-

189 2297 327 2351 gredi
345 2293 530 2394 quidem
553 2291 744 2337 <verbum
778 2299 844 2335 est
878 2292 1090 2335 usitatum

191 2352 247 2397 de
290 2351 353 2395 mi
376 2351 511 2394 itibus
553 2350 745 2394 statione
795 2349 1094 2401 abeuntibus3

157 2449 166 2453 ,
189 2409 264 2454 hie
283 2419 432 2460 tamen
453 2408 574 2452 Nero
598 2407 700 2451 illos
720 2406 985 2451 non-solum
1004 2407 1092 2449 ius-

190 2468 248 2512 sit
279 2467 460 2524 degredi
491 2465 707 2516 statione,
745 2464 824 2508 sed
862 2463 994 2523 plane
1028 2464 1091 2506 di-

192 2524 316 2570 misit
335 2525 390 2568 ab
414 2525 490 2567 illa
518 2523 733 2574 statione,
773 2531 824 2566 ut
849 2537 945 2564 non
971 2521 1090 2563 redi—

190 2591 316 2634 rent,
365 2581 500 2641 plane
537 2580 737 2628 abolevit
769 2579 894 2624 illam
934 2579 1091 2623 statio-

192 2656 317 2685 nem.

167 2758 171 2762 .
247 2718 470 2766 separat.
516 2708 619 2753 MS.
644 2707 795 2752 Guelf.
819 2715 1024 2762 seper-at.

247 2782 504 2827 Antoniae.
589 2773 824 2823 Ernestius
869 2778 926 2821 ad
971 2778 1012 2821 h.
1057 2777 1088 2822 l.

191 2840 438 2891 „niaiori3‚
470 2847 518 2882 ut
540 2838 728 2897 opinor,
760 2852 874 2895 quae
895 2835 992 2880 avia
1005 2834 1090 2877 Ne-

191 2897 378 2946 ronis.”
437 2896 555 2940 Edd.
589 2895 691 2938 Put.
724 2895 792 2938 M.
822 2903 865 2937 et
891 2893 954 2936 V.
988 2908 1092 2936 cum

135 2958 165 3000 ’.
191 2946 299 2999 MS.
342 2953 496 2998 Guelf.
538 2969 624 3012 pro
675 2954 723 2996 in
765 2967 875 2996 eam
927 2950 1092 2995 habent

193 3028 244 3056 ln
278 3028 350 3057 ea·

250 3082 365 3127 C‘AP.
408 3082 479 3126 19.
539 3081 751 3124 instabile
768 3086 846 3123 ‘ao
870 3077 1087 3136 fluxum.

194 3142 474 3199 Synonyma.
521 3137 584 3182 ef.
609 3137 746 3181 Roth.
776 3154 821 3207 p.
849 3136 917 3179 15.
950 3191 959 3201 ⁸

250 3212 348 3239 non
378 3213 465 3242 sua
491 3196 541 3239 vi
564 3197 700 3239 nixa.
761 3194 839 3239 sic
859 3195 961 3237 libri
981 3200 1086 3236 vett.

193 3263 411 3314 quantum
447 3255 649 3296 innotuit
677 3267 854 3296 omnes.
913 3250 1089 3294 Deinde

193 3311 521 3357 emendationis
548 3327 680 3355 causa
709 3327 734 3354 a
754 3308 907 3369 Lipsio
941 3316 984 3351 et
1016 3325 1091 3352 se-

192 3367 437 3428 quentibus
469 3367 720 3412 editoribus
754 3374 990 3425 receptum
1027 3373 1093 3408 est

193 3429 360 3470 natae.
439 3424 669 3469 Ernestius
711 3424 906 3469 restituit
947 3425 1094 3474 nixa,-

193 3482 426 3529 Bekkerus
446 3483 613 3533 nixae,
651 3499 786 3542 quem
815 3481 939 3540 sequi
967 3482 1094 3529 nolo,

197 3542 347 3593 donec.
373 3538 538 3587 idonea
559 3548 667 3587 vett.
689 3540 909 3588 librorum
934 3548 1093 3588 aucto-

1163 1720 1240 1747 sua
1262 1704 1302 1747 vi
1318 1736 1329 1753 ,
1353 1704 1387 1746 si
1411 1719 1507 1746 non
1531 1719 1644 1750 vana
1670 1711 1734 1746 est
1757 1712 1831 1746 aut
1853 1721 1957 1751 vera
1980 1721 2058 1763 po·

1163 1762 1300 1805 tentia
1337 1761 1616 1814 destituitur;
1666 1761 1862 1820 potentia
1895 1761 2059 1805 ‘nititur

1163 1835 1242 1862 sua
1282 1818 1348 1870 vi,
1396 1818 1433 1862 si
1468 1837 1560 1863 non
1594 1835 1644 1862 ex
1676 1818 1871 1862 aliorum
1904 1817 2059 1863 favore

1161 1885 1236 1919 aut
1263 1876 1390 1922 vanis
1412 1877 1546 1920 rebus
1569 1875 1749 1935 pendet.
1807 1876 1857 1919 ld
1883 1884 2056 1919 tantum

1162 1934 1306 1982 addo,
1339 1933 1575 1987 Tacitum,
1614 1933 1650 1976 si
1675 1935 1824 1977 nixae
1849 1933 2056 1991 scripsis-

1161 1999 1251 2043 set,
1317 1991 1549 2034 dicturum
1599 1989 1764 2034 fuisse:
1821 1993 2059 2046 polentiae

1150 2048 1325 2105 fama,
1353 2065 1449 2091 non
1462 2050 1610 2106 fama
1625 2050 1887 2103 potentiae.

1219 2120 1438 2162 incertas.
1508 2118 1586 2163 Sic
1612 2118 1750 2163 MSS.
1780 2118 1904 2163 Flor.
1939 2120 2056 2175 (test.

1162 2177 1242 2234 V.)
1264 2176 1506 2234 Bud.Reg.
1521 2175 1653 2220 Bodt.
1674 2176 1788 2221 ed.S
1821 2176 1874 2220 ir.
1896 2200 1953 2210 —
1988 2180 2058 2221 ιἠ·

1162 2243 1339 2278 certum
1366 2236 1467 2279 MS.
1488 2232 1639 2277 Guetf.
1667 2233 1770 2277 edd.
1833 2241 1895 2278 ul.
1919 2235 1989 2278 M.
2015 2231 2058 2278 et

1162 2293 1221 2336 V.
1236 2291 1339 2335 Ber.
1361 2291 1458 2335 Alc.
1484 2291 1626 2334 Rhen.
1652 2306 1747 2349 sqq.
1773 2298 1839 2343 et,
1869 2291 1955 2335 nisi
1975 2291 2059 2336 fal-

1161 2351 1260 2399 lor,
1314 2349 1452 2394 MSS.
1487 2349 1542 2392 de
1582 2349 1935 2405 quibus'taeent
1972 2349 2058 2396 viri

1163 2406 1302 2451 docti.
1363 2407 1447 2450 Sed
1478 2405 1826 2465 praeferendum
1858 2406 2061 2450 moer-tas

1161 2465 1206 2508 h.
1229 2481 1267 2508 e.
1294 2465 1347 2508 de
1372 2465 1534 2522 quibus
1560 2479 1656 2506 non
1679 2462 1783 2506 satis
1810 2471 1935 2506 certo
1967 2463 2057 2508 diei

1162 2531 1334 2580 potest,
1355 2531 1507 2565 utrum
1535 2536 1710 2572 amore,
1733 2537 1789 2564 an
1812 2520 1920 2564 odio
1943 2521 2057 2564 adie-

1161 2580 1268 2623 rint.
1314 2579 1428 2623 Nam
1453 2595 1505 2622 eo
1527 2594 1660 2621 sensu
1683 2576 1859 2635 saepius
1877 2579 2060 2620 ineerta

1166 2638 1394 2681 dicuntur.
1452 2637 1694 2678 Incertum
1718 2635 2056 2693 ambiguitatem

1161 2696 1264 2738 loco
1295 2694 1455 2737 adfert.
1525 2692 1679 2735 Nescis
1711 2691 1860 2744 enim,
1902 2701 2056 2736 utrum

1161 2751 1214 2795 ad
1233 2765 1410 2805 paucas
1434 2750 1624 2792 feminas
1647 2749 1889 2807 pertineat,
1921 2766 1978 2793 an
2003 2765 2058 2793 eo

1161 2809 1216 2853 sit
1237 2807 1523 2851 referendum
1537 2841 1549 2860 ,
1589 2806 1712 2866 quod
1734 2821 1868 2850 nemo
1887 2806 2058 2862 solatus

1164 2874 1254 2915 est,
1286 2881 1421 2908 nemo
1450 2864 1571 2908 adiit.
1911 2888 1918 2893 2

1221 2936 1374 2978 lunia.
1434 2934 1512 2979 Sic
1545 2935 1644 2978 edd.
1678 2942 1867 2979 recentt.
1898 2933 2004 2978 inde
2034 2952 2058 2978 a

1162 2993 1297 3052 Lipsii
1341 2993 1500 3051 prima,
1589 2993 1718 3035 Iulia
1758 2992 1862 3036 MS.
1904 2991 2056 3036 Guelf.

1163 3051 1267 3095 edd.
1294 3059 1406 3094 vett.
1471 3050 1558 3094 Sed
1585 3050 1643 3094 cf.
1670 3051 1738 3099 11,
1761 3051 1828 3094 12.
1941 3059 1944 3064 “

1217 3138 1250 3164 a
1272 3122 1559 3165 Messallina.
1627 3120 1711 3164 Ed.
1731 3121 1849 3179 Spir.
1873 3120 2052 3165 Messa-

1158 3180 1286 3223 linae
1308 3180 1432 3222 odio.

1203 3251 1402 3306 forma,
1435 3249 1641 3293 lascivia.
1707 3248 1784 3293 Sic
1807 3247 1910 3291 MS.
1931 3246 2056 3291 Flor.

1161 3308 1262 3351 edd.
1296 3308 1416 3367 Spir.
1449 3308 1552 3351 Put.
1584 3307 1656 3350 M.
1688 3315 1731 3350 et
1762 3305 1816 3349 V.
1846 3305 2057 3348 Beroald-

1164 3365 1464 3409 Ale.Pic.hen.
1488 3380 1586 3422 sqq.
1609 3387 1667 3397 —
1685 3363 1858 3419 forma
1881 3362 2060 3405 lasciva

1163 3423 1303 3468 MSS.
1335 3423 1451 3466 Bud.
1486 3421 1637 3474 Guelf.
1669 3422 1753 3466 les.
1783 3419 1886 3463 edd.
1915 3419 2058 3463 Rhen.

1165 3496 1264 3538 sqq.
1325 3480 1378 3523 ln
1403 3481 1506 3526 MS.
1527 3478 1652 3525 Harl.
1674 3477 1963 3526 emendatum
1995 3486 2059 3527 est

1167 3539 1378 3582 lascivia.
