2164 3990
133 112 138 114 ’
183 103 194 128 ‚nl

190 274 313 320 Asu.
335 280 420 317 ms.

191 327 243 363 A.
266 324 314 362 C.
358 323 418 360 52·

594 270 767 342 Lm.
795 276 934 348 ΧΠ.
1013 274 1127 358 CA
1140 273 1208 338 P.
1228 273 1338 340 44.
1363 275 1469 342 45.
1841 267 1960 351 1115

20 408 22 410 ¹
104 419 224 478 suis
246 417 515 473 nietue'ns
541 410 717 467 aliam
742 407 817 466 ad
846 426 1008 482 spem
1036 401 1264 464 trahere
1289 417 1347 465 et
1372 403 1721 494 A7rmeniam
1757 427 1957 474 osten-

102 517 226 563 tare
252 499 443 577 pulsis
469 490 705 554 Parthis
734 495 930 550 datam
957 487 1302 550 Mithridati
1338 512 1373 549 a
1406 505 1588 553 semet
1619 516 1959 565 rnemoran..

101 591 207 647 do:
250 587 351 643 sed
376 583 499 640 vim
526 579 916 638 differendam
942 589 999 634 et
1022 577 1314 652 potiorem
1341 578 1566 649 dolum,
1604 583 1958 658 quoincau-

101 686 230 732 tum
263 666 680 746 opprimerent.
782 661 871 720 Ita
906 658 1330 721 Rhadamistus
1360 662 1634 724 simulata
1677 668 1958 731 adversus

100 769 325 834 patrem
368 751 661 811 discordia
697 760 982 826 tanquam
1018 767 1303 805 novercae
1340 748 1493 807 odiis
1527 749 1722 827 impar
1766 758 1960 831 pergit

100 844 176 900 ad
212 853 540 918 patruum?
557 836 861 911 multaque
900 834 976 890 ab
1010 852 1078 889 eo
1114 833 1384 892 comitate
1416 833 1500 892 in-
1519 837 1773 911 speciem
1806 841 1962 899 libe-

99 948 236 985 rum
279 927 468 984 cultus
504 923 793 999 primores
831 915 1257 977 Armeniorum
1300 920 1375 977 ad
1409 939 1504 979 res
1537 941 1722 980 novas
1764 925 1958 990 inlicit

101 1013 305 1088 ignaro
331 1023 387 1068 et
412 1020 659 1067 ornante
682 1007 925 1081 insuper
947 999 1318 1066 Mithridate.
1360 1069 1366 1075 ¹

267 1119 453 1182 XLV.
525 1116 1051 1178 Reconciliationis
1076 1116 1263 1191 specie
1298 1117 1604 1194 adsumpta
1631 1133 1958 1196 regressu&

101 1227 214 1286 que
246 1208 316 1265 ad
344 1217 600 1283 patrem,
645 1223 794 1280 quae
826 1202 1033 1259 fraude
1071 1201 1280 1258 confici
1312 1205 1642 1277 potuerint,
1682 1221 1957 1287 prompta

99 1293 364 1361 nuntiat,
413 1302 601 1347 cetera
636 1288 815 1345 armis
854 1287 1235 1363 exsequenda.
1323 1285 1570 1345 Interim
1604 1285 1957 1354 Pharasma-

99 1398 203 1435 nes
225 1376 371 1434 belli
398 1395 596 1433 causas
617 1373 926 1446 confingit:
967 1371 1286 1453 proelianti
1312 1373 1427 1429 sibi
1453 1376 1730 1434 adversus
1758 1399 1955 1454 regem

98 1460 473 1520 Albanorum
508 1473 564 1518 et
595 1458 902 1518 Romanos
936 1458 1155 1514 auxilio
1190 1459 1429 1515 vocanti
1460 1461 1703 1517 fratrem
1742 1466 1956 1523 adver..

99 1560 290 1605 satum
344 1565 587 1622 eamque
640 1544 924 1600 iniuriam
979 1543 1203 1599 excidio
1249 1543 1433 1618 ipsius
1475 1545 1668 1602 ultum
1710 1548 1955 1614 iturum.

99 1634 275 1690 simul
303 1650 544 1704 magnas
582 1629 777 1703 copias
814 1628 935 1684 filio
973 1627 1232 1686 tradidit.
1328 1628 1429 1684 ille
1467 1629 1812 1706 inruptione
1853 1627 1977 1693 su·-⁴

99 1719 221 1776 bita
246 1717 516 1775 territum
531 1725 887 1790 exutumque
912 1713 1131 1788 campis
1142 1708 1558 1772 Mithridatem
1584 1719 1871 1794 compulit
1886 1721 1952 1778 in

154 1947 355 1990 trahere.
414 1942 514 1987 MS.
545 1940 702 1986 Guelf.
733 1943 988 1985 trahet-ere.

98 2003 206 2046 Mox
231 2003 308 2044 vin
331 2007 414 2060 pro
437 2004 545 2044 vim.

97 2134 129 2174 d
154 2073 480 2128 differendam.
534 2070 618 2116 Ed.
642 2069 759 2129 Spir.
783 2070 984 2125 afferen-

129 2146 226 2175 am.
256 2146 260 2149 ’

154 2202 388 2244 comitate.
448 2199 531 2244 Ed.
561 2197 679 2255 Spir.
713 2200 983 2243 comitatur.

95 2258 262 2304 Eadem
283 2260 459 2300 cultum
484 2273 568 2316 pro
592 2260 758 2300 cultus.

153 2345 310 2386 inlicit.
372 2342 448 2386 Sic
465 2340 565 2384 MS.
583 2341 704 2384 Flor.
731 2338 984 2396 (test.Vict.)
1020 2370 1021 2375 =

97 2401 166 2445 ed.
202 2399 392 2445 Bekker.
452 2397 603 2457 Vulgo
640 2398 784 2445 illicit.
847 2396 909 2443 cf.
945 2400 985 2447 1,

16 2480 20 2493 ¹
99 2462 204 2503 10.<

153 2547 372 2585 ornante.
452 2538 555 2582 MS.
594 2536 706 2595 Re„
753 2535 826 2581 ed.
861 2537 892 2581 S
927 2537 984 2581 ir.

97 2603 357 2654 ignorante.
417 2595 555 2639 MSS.
587 2595 712 2638 Har.
742 2594 871 2639 Bodl.
922 2611 983 2642 es.

94 2657 212 2701 Bud.
231 2653 385 2700 Guelf.
417 2652 517 2697 edd.
540 2652 645 2695 Put.
669 2652 737 2694 Μ.
758 2660 801 2694 et
825 2651 880 2696 V.
902 2652 984 2694 Be.

58 2757 72 2770 ,
95 2713 237 2758 roald.
273 2713 330 2768 (c.
362 2710 507 2764 silent.
536 2710 671 2765 Vici.)
709 2708 852 2752 Rhen.
880 2709 984 2755 Ald-

96 2776 276 2815 orante.
322 2768 529 2812 Pichena
553 2783 575 2809 e
603 2766 705 2810 MS.
733 2767 853 2810 Flor.
880 2784 983 2825 pro-

97 2826 208 2871 didit
250 2834 473 2873 ornante‚
529 2833 630 2882 post
666 2840 768 2866 uam
807 2824 982 2882 Lipsius

96 2887 152 2928 ita
192 2902 242 2928 ex
284 2883 465 2940 ingenio
510 2897 637 2924 emen
676 2889 841 2932 averat3
896 2882 983 2925 lac.

96 2942 358 2986 Gronovius
393 2939 446 2983 de
467 2939 590 2982 Flor.
624 2939 892 2984 contradicit
917 2947 983 2982 te·

96 3008 324 3056 staturque
343 2997 404 3041 ibi
420 3005 593 3040 *exstare
615 3003 790 3040 orante.

151 3081 263 3125 CAP.
295 3081 367 3123 45.
451 3080 870 3123 Reconciliationis
913 3094 983 3132 sp.

95 3145 365 3193 adsumpta.
447 3138 569 3180 Haec
601 3138 735 3181 verba
766 3137 811 3178 in
847 3136 982 3179 MSS.

96 3206 138 3242 et
160 3205 269 3242 vett.
291 3194 392 3239 edd.
425 3196 479 3237 ad
507 3194 655 3250 priora
680 3194 791 3236 trahi
814 3194 980 3237 solent.

94 3253 267 3298 Deinde
290 3261 484 3310 pergunt
506 3265 836 3306 regressusque
858 3252 979 3306 (cum

97 3311 243 3355 silent.
267 3311 427 3361 Viet.).
485 3307 724 3350 Rhenanus
755 3307 853 3350 dat:
889 3308 980 3350 Mi-

98 3369 328 3416 thridate,
377 3381 468 3408 rec.
524 3367 671 3419 specie
719 3373 980 3419 assumpta,

96 3438 335 3477 regressus
357 3428 421 3466 ad
443 3432 527 3466 etc.
588 3421 754 3464 Melius
781 3422 880 3464 edd.
914 3439 981 3466 re-

97 3488 232 3530 centt.
259 3480 361 3524 inde
383 3498 406 3524 a
429 3479 564 3538 Lipsii
592 3479 737 3536 prima
760 3488 979 3535 punctum

98 3544 272 3595 ponunt
293 3547 392 3581 ante
415 3538 817 3579 reconciliationis.
875 3536 979 3578 Pot-

99 3601 162 3637 est
194 3602 342 3638 tamen
377 3594 447 3642 vel
480 3594 542 3639 sic
580 3594 740 3651 copula
774 3608 858 3648 que
892 3609 978 3637 ser-

1059 1940 1180 1991 vari,
1213 1957 1349 1999 quam
1374 1942 1560 1986 restitui.
1622 1941 1832 1994 Ceterum
1850 1944 1954 1992 MS.

1060 1996 1213 2041 Guelf.
1243 1998 1397 2041 scribit
1419 2001 1822 2046 recunciliatioms.
1871 2004 1956 2049 Ed.

1058 2054 1176 2112 Spir.
1206 2069 1289 2112 pro
1320 2056 1471 2108 specie
1504 2056 1639 2102 habet
1669 2072 1826 2114 spem,
1857 2064 1955 2107 vul-

1058 2113 1153 2170 gari
1200 2110 1490 2156 confusione.
1578 2114 1695 2159 Nam
1735 2119 1954 2164 vocabula

1056 2170 1255 2222 speciem
1275 2177 1318 2212 et
1335 2173 1483 2223 specie
1506 2171 1552 2214 in
1566 2172 1703 2217 MSS.
1725 2190 1807 2232 per
1827 2192 1951 2220 com·

1056 2227 1273 2284 pendium
1308 2226 1570 2272 scribuntur
1599 2231 1700 2285 spe'.
1759 2232 1820 2276 cf.
1849 2243 1946 2280 not.

1055 2284 1111 2328 ad
1134 2285 1200 2335 15,
1222 2283 1295 2327 79.
1355 2284 1471 2328 Hist.
1497 2285 1537 2336 3,
1560 2286 1630 2332 84.
1662 2287 1703 2340 4,
1725 2289 1799 2332 46.

1111 2382 1231 2423 quae
1267 2366 1446 2423 fraude
1500 2370 1664 2425 confici
1693 2375 1962 2428 potuerint,

1051 2433 1278 2479 prompta
1299 2441 1346 2468 n.
1393 2425 1455 2467 Ex
1471 2428 1950 2489 emendationeLipsii.

1056 2481 1192 2537 MSS.
1231 2481 1364 2524 Bodl.
1399 2483 1480 2526 les.
1518 2482 1668 2526 Guelf.
1704 2487 1804 2530 edd.
1843 2489 1948 2533 Put.

1058 2539 1124 2582 Μ.
1150 2547 1192 2581 et
1217 2539 1274 2582 V.
1304 2538 1408 2582 Ber.
1441 2542 1500 2595 (c.
1527 2540 1597 2584 sil.
1626 2542 1766 2599 vict.)
1797 2543 1943 2591 Rhen-

1057 2595 1164 2639 Ald.
1213 2594 1393 2653 legunt:
1445 2613 1535 2653 qua
1563 2597 1749 2653 fraude
1790 2603 1953 2657 confici

1050 2655 1257 2708 potuerit
1301 2662 1519 2709 prompte
1568 2660 1776 2703 nuntiat.
1862 2661 1948 2706 Ed.

1055 2710 1175 2767 Spir.
1216 2725 1310 2766 qua
1339 2742 1350 2754 .
1374 2741 1388 2755 .
1410 2741 1421 2753 .
1450 2715 1694 2767 potuerint
1729 2726 1947 2775 prompte

1054 2770 1253 2810 nuntiat.

1113 2841 1277 2880 ultum.
1338 2836 1422 2882 Ed.
1448 2836 1568 2896 Spir.
1593 2846 1810 2892 multum.

1111 2908 1389 2962 inruptione.
1447 2909 1521 2953 Sic
1542 2908 1646 2956 libri
1661 2924 1764 2958 vett.
1785 2933 1943 2962 omnes

1054 2967 1134 3021 (sc.
1161 2966 1455 3021 irruptione).
1506 2967 1622 3011 Nam
1643 2971 1774 3015 etiam
1789 2972 1942 3018 Victo-

1053 3024 1145 3066 rius
1182 3022 1291 3065 illud
1331 3025 1593 3078 irruptione
1623 3027 1831 3073 Beroald.
1874 3033 1941 3076 in-

1053 3090 1221 3125 tactum
1243 3080 1436 3138 reliquit.
1455 3114 1458 3117 A
1498 3082 1670 3142 Lipsius
1694 3086 1943 3134 etPiehena

1053 3139 1287 3181 ediderant
1306 3139 1570 3191 eruptione,
1599 3143 1720 3198 quod
1741 3143 1939 3204 Ryclrius

1053 3203 1095 3237 et
1115 3195 1347 3237 Broterius
1376 3195 1622 3241 credebant
1657 3215 1749 3244 esse
1783 3216 1807 3245 e
1837 3202 1940 3250 MS.

1051 3253 1174 3295 Flor.
1255 3251 1304 3294 In
1338 3251 1471 3305 Lipsii
1509 3254 1578 3297 ed.
1619 3256 1760 3314 prima
1793 3260 1941 3307 adhuc

1053 3317 1190 3351 exstat
1220 3309 1490 3362 irruptione.
1567 3311 1691 3356 Idem
1725 3331 1795 3358 an.
1829 3317 1940 3362 1598

1053 3365 1189 3408 edidit
1222 3368 1475 3420 eruptione.
1531 3367 1683 3414 Falsus
1713 3373 1849 3431 igitur
1873 3385 1941 3420 est

1052 3423 1140 3466 Iac.
1185 3421 1472 3482 Gronovius,
1525 3426 1601 3482 qui
1644 3429 1849 3475 adfirmat
1890 3433 1938 3476 in

1053 3479 1261 3522 omnibus
1274 3480 1321 3522 Li
1359 3479 1409 3523 sii
1430 3481 1534 3526 edd.
1557 3500 1650 3529 esse
1669 3487 1938 3541 irruptione.

1053 3536 1234 3579 Scilicet
1275 3496 1390 3580 vigit
1421 3537 1493 3583 ille
1548 3543 1718 3599 priores
1763 3553 1938 3589 tantum

1051 3592 1188 3652 Lipsii
1207 3592 1440 3639 editiones.

1260 3654 1395 3714 ΗΞ
