2164 3990
260 156 384 217 368

931 158 1441 222 ANNALIUM

1808 166 1860 199 A.
1875 164 1930 200 U.
1943 166 2028 201 818.

1808 207 1862 243 A.
1883 207 1928 247 C.
1967 210 2027 245 6⁵.

257 310 372 367 que
411 289 560 346 urbe
599 289 767 366 quasi
801 290 979 344 domo
1019 288 1140 355 uti.
1214 301 1272 348 et
1307 293 1720 356 celeberrimae
1758 289 2114 360 luxu'fania-

256 395 370 452 que
414 375 619 450 epulae
658 375 852 442 fuere,
897 391 1041 448 quas
1071 395 1103 429 a
1130 371 1429 448 Tigellino
1467 391 1696 453 para-tas
1722 395 1791 441 ut
1818 387 2113 463 exemplar

254 461 534 543 referam,
601 480 677 515 ne
734 459 963 532 saepius
1017 459 1221 515 eadem
1273 463 1642 537 prodigentia
1689 473 1984 546 narranda
2022 473 2113 533 sit.

254 545 441 620 Igitur
466 547 529 600 in
560 557 763 617 stagno
799 538 1098 618 Agrippae
1137 544 1458 604 fabricatus
1493 561 1577 606 est
1618 563 1838 624 ratem-5·
1876 557 1973 614 cui
2014 577 2112 614 su-

251 631 618 707 perpositum
659 628 1000 687 convivium
1037 629 1283 686 navium
1327 631 1576 690 aliarum
1614 647 1805 695 tractu
1843 657 2113 699 movere-

253 728 370 777 tur.
455 733 635 771 naves
663 733 808 770 auro
839 723 894 770 et
924 714 1100 770 ebore
1131 715 1470 794 distinct-aes
1490 714 1870 800 ‘remigesque
1900 720 2112 785 exoleti

247 816 366 879 pen
385 811 598 858 aetates
628 809 686 856 et
712 799 1014 856 scientiam
1042 800 1364 857 libidinum
1399 809 1926 878 componebantur.
2003 833 2111 869 vo·-

249 888 441 946 lucres
477 896 533 941 et
570 884 723 942 feras
749 884 998 940 diversis
1022 905 1053 940 e
1075 886 1249 942 terris
1275 897 1332 943 et
1360 880 1642 947 animalia
1658 894 1850 951 maris
1867 893 2109 956 ,Oceano

194 1084 215 1098 ,
260 1080 268 1084 .

247 1132 496 1178 coniectat:
534 1131 654 1174 nihil
683 1143 881 1185 usquam
908 1131 1140 1186 periculo-

243 1206 351 1241 sum
369 1190 482 1238 sibi,
511 1191 663 1231 laetus
678 1190 811 1244 publ.
832 1191 864 1230 l.
925 1187 1012 1231 Sed
1039 1189 1140 1233 vul-

245 1254 343 1308 gata
394 1255 492 1289 non
541 1246 762 1289 laborant.
845 1245 948 1289 MS.
988 1246 1139 1290 Guelf.

247 1314 348 1349 ante
391 1304 598 1359 publius
629 1302 753 1347 addit
798 1319 952 1359 quam.
1045 1304 1138 1349 Pro

240 1373 423 1407 struere
443 1361 548 1405 MS.
572 1360 656 1404 Ies.
683 1360 772 1402 fert
798 1369 1020 1406 statuere.

289 1436 542 1494 famaque.
622 1432 726 1478 MS.
756 1433 869 1491 Agr.
906 1434 1140 1490 infizmia-

243 1510 346 1552 que.

300 1579 417 1622 quas
450 1579 485 1606 a
514 1564 738 1618 Tigellino
770 1571 990 1616 paratas.
1062 1564 1139 1609 Sic

240 1622 378 1667 MSS.
398 1622 520 1666 Flor.
547 1629 669 1672 (test.
689 1620 836 1678 Pich.)
864 1620 975 1678 Reg.
1000 1621 1138 1667 Corh.

241 1682 344 1726 edd.
371 1680 492 1739 Spir.
519 1679 703 1723 Pichen.
731 1695 832 1736 sqq.
905 1679 1137 1724 Victorius

241 1747 392 1782 tamen
421 1739 634 1781 intactam
657 1736 840 1795 reliquit
866 1736 1135 1795 scripturam

271 1796 441 1840 uasiT.
455 1802 684 1851 paratae,
717 1810 829 1851 quae
851 1804 916 1837 est
940 1795 985 1837 in
1001 1796 1137 1839 MSS.

241 1856 244 1859 ’
283 1852 375 1897 odt.
405 1853 487 1897 les.
505 1851 656 1896 Guelf.
683 1852 798 1895 Bud.
826 1854 867 1907 (a
888 1868 957 1909 pr.
983 1855 1135 1908 manu)

239 1911 342 1955 edd.
382 1911 487 1954 Put.
520 1910 588 1953 M.
621 1919 664 1953 et
693 1908 749 1952 V.
783 1909 994 1953 Beroald.
1028 1910 1134 1954 Alc.

239 1967 514 2013 Emendavit
541 1965 804 2010 Rhenanus:
844 1982 965 2023 qaas
988 1969 1134 2023 Tigil-

238 2027 337 2069 lino
369 2031 592 2080 paratas,
635 2039 748 2081 quae
781 2033 885 2067 sunt
915 2027 1029 2083 apud
1055 2026 1131 2068 Li-

238 2084 389 2142 psium
423 2091 466 2126 et
491 2081 756 2124 Gruterum.
818 2082 869 2124 In
905 2083 1132 2127 vocabulo

239 2142 469 2197 Tigellino
515 2139 756 2183 scribendo
798 2138 901 2183 libri
946 2140 1134 2192 variant,

239 2208 297 2262 nt¹
319 2193 384 2248 14,
406 2197 477 2241 48.

295 2290 348 2327 ut
371 2283 619 2336 exemplar
643 2281 865 2337 referam.
927 2280 1005 2324 Sic
1030 2280 1132 2325 MS.

237 2340 365 2391 Flor.
391 2347 489 2384 test.
509 2337 723 2382 Pichena.
785 2338 956 2381 Mirum
981 2348 1045 2381 est
1065 2355 1132 2382 re-

238 2398 461 2449 centiores
495 2395 757 2454 interpretes
792 2411 951 2438 omnes
995 2396 1131 2438 adfir-

235 2471 384 2507 mare,
425 2455 469 2497 in
497 2453 597 2496 MS.
625 2454 662 2496 F
665 2452 750 2497 lor.
777 2469 870 2496 esse
893 2460 943 2494 ut
968 2468 1132 2496 exem-

232 2519 370 2571 plum
399 2511 627 2567 referam.
700 2511 836 2555 MSS.
855 2510 965 2570 Reg.
993 2509 1130 2555 Corb-

235 2578 344 2631 Agr.
378 2570 479 2614 edd.
508 2567 627 2626 Spir.
650 2568 858 2612 Beroald.
894 2569 950 2622 (c.
982 2569 1129 2612 silent.

234 2630 379 2681 vict.)
409 2627 513 2671 Alc.
549 2635 603 2681 ut
639 2628 860 2680 exempla
900 2627 1130 2681 referam.

234 2687 416 2738 Scilicet
436 2699 464 2727 1·
487 2683 656 2727 initiale
689 2684 907 2741 absorpsit
939 2685 1129 2727 litteram

233 2762 259 2789 r
282 2740 488 2792 finalem,
519 2758 610 2800 quo
646 2741 751 2784 vitio
785 2742 830 2784 in
867 2749 967 2784 vett.
1005 2740 1129 2784 libris

233 2803 300 2847 nil
335 2809 399 2845 est
429 2799 723 2858 frequentius.
797 2798 968 2842 Contra
995 2797 1128 2842 MSS.

233 2858 358 2904 llari.
389 2856 523 2900 Bo'dl.
558 2856 642 2900 I'es.
680 2855 833 2900 Guelf.
871 2857 987 2899 Bud.
1025 2855 1128 2899 edd.

234 2916 336 2962 Pet.
359 2916 429 2958 M.
455 2922 496 2957 et
510 2913 644 2957 V.'ut
665 2916 934 2967 exemplum
947 2915 1128 2969 seram.

232 2976 341 3019 Inde
355 2973 598 3016 Rhenanus
621 2970 762 3015 fecitz·
785 2980 836 3013 ut
859 2974 1127 3025 &templum

234 3033 472 3090 referam,
517 3045 651 3088 quem
684 3029 840 3072 imitati
879 3038 981 3071 sunt
1004 3028 1123 3085 Lips.

232 3090 363 3135 Pich.
383 3097 434 3131 et·
448 3089 567 3130 inter
589 3088 866 3130 recentiores
880 3086 1137 3136 Ernestiuss

231 3146 491 3196 Bmterius,
533 3143 693 3188 Oberl.
725 3160 823 3202 sqq.
893 3144 988 3202 Ego
1022 3159 1125 3186 curn

232 3205 533 3262 Berneggero‚
563 3201 828 3253 Gronoviis,
859 3201 1032 3260 Ryckio
1059 3218 1125 3243 ve-

233 3278 331 3304 ram
388 3260 657 3318 scripturam
700 3275 905 3302 revoco,
1010 3258 1124 3302 Nam

233 3320 505 3371 exemplum
534 3325 598 3360 est
630 3317 756 3373 quod
791 3317 919 3360 datur
941 3317 995 3359 ad
1018 3315 1126 3358 hor-

235 3376 452 3418 tationem
507 3383 581 3417 aut
631 3374 986 3417 dehortationem
1043 3373 1121 3427 (cf.

235 3440 330 3475 not.
355 3433 410 3478 ad
434 3435 473 3483 1,
490 3432 608 3486 38.);
636 3434 880 3487 exemplar
909 3440 972 3474 est
990 3429 1123 3487 &026¹-

233 3502 408 3544 τυπον,
453 3490 574 3546 quod
601 3490 842 3547 genuinam
878 3504 1123 3547 veramque

1213 1131 1279 1177 rei
1302 1131 1547 1190 imaginem
1566 1134 1717 1190 refert,
1741 1138 1863 1194 quod
1888 1141 2108 1184 estinstar

1215 1189 1423 1232 omnium
1472 1191 1673 1236 eiusdem
1717 1197 1891 1262 generis
1930 1213 2107 1240 rerum:

1213 1247 1348 1304 idque
1393 1247 1481 1290 hoc
1519 1249 1624 1292 loco
1658 1250 1741 1294 sibi
1774 1252 1874 1298 vult
1906 1252 2104 1299 Tacitus.

1213 1305 1322 1347 Mox
1359 1305 1428 1348 ed.
1463 1307 1583 1364 Spir.
1619 1323 1679 1351 ne
1717 1312 1904 1365 saepius
1942 1316 2108 1355 eadem

1208 1376 1299 1416 pro
1323 1363 1569 1418 diligentia
1590 1372 1842 1411 narranda
1863 1370 1972 1413 sint.
2002 1364 2006 1371 ’
2034 1366 2104 1413 De

1210 1436 1260 1463 re
1288 1414 1533 1479 cf.'Xipliil.
1559 1421 1628 1474 62,
1656 1423 1724 1468 1¹5.

1266 1506 1460 1547 navium
1501 1507 1712 1563 aliarum
1755 1510 1928 1554 tractu.
2029 1512 2105 1555 Sic

1210 1561 1310 1606 MS.
1343 1561 1468 1605 Flor.
1506 1565 1622 1617 (test.
1649 1563 1768 1610 Vict.
1800 1581 1843 1610 c.
1869 1567 2102 1623 Pichena).

1213 1619 1499 1662 Vocabulum
1548 1623 1742 1664 navium
1792 1624 2024 1668 omittitur
2056 1627 2103 1669 in

1209 1676 1345 1721 MSS.
1383 1675 1507 1719 Harl.
1539 1677 1670 1722 Bodt.
1707 1679 1790 1724 les.
1829 1680 1975 1725 Guelf.
2014 1684 2101 1742 (pr.

1207 1753 1270 1779 m.
1305 1762 1363 1769 —-
1393 1734 1536 1777 altera
1572 1752 1632 1778 m.
1678 1737 1722 1780 in
1756 1755 1853 1781 mar
1885 1771 1896 1782 .
1931 1741 2098 1799 posuit)

1208 1791 1326 1836 Bud.
1365 1791 1469 1834 edd.
1501 1792 1605 1836 Put.
1634 1794 1700 1837 M.
1722 1803 1766 1837 et
1790 1756 1971 1849 V.{'ber·
1995 1797 2098 1842 Alc.

1208 1851 1352 1894 Rhen.
1378 1865 1475 1907 sqq.
1537 1850 1720 1895 Scilicet
1749 1853 1806 1897 ob
1837 1853 2100 1899 similitudi-

1206 1926 1309 1952 nem
1345 1908 1595 1951 litterarum
1625 1913 1819 1952 navium
1848 1912 1984 1956 facile
2013 1928 2096 1972 po-

1205 1966 1291 2009 tuit
1333 1964 1565 2008 absorberi
1605 1982 1628 2008 a
1671 1983 1781 2011 voce
1819 1972 2098 2016 convivium.

1206 2023 1294 2067 Alii
1321 2022 1420 2064 libri
1442 2026 1636 2065 navium
1665 2025 1812 2068 alieno
1840 2025 1943 2071 loco
1966 2030 2099 2072 resti-

1206 2089 1352 2123 tuere:
1385 2081 1592 2122 aliarum
1616 2089 1768 2124 tractu
1790 2088 2005 2138 navium,
2034 2087 2096 2128 uti
2158 2094 2162 2099 ‘

1206 2147 1271 2181 est
1299 2137 1345 2180 iu
1381 2134 1510 2180 MSS.
1545 2138 1652 2195 Reg.
1679 2138 1827 2183 Corbu
1850 2142 1951 2186 edd.
1977 2143 2094 2201 Spir.

1206 2195 1383 2238 E'rnest.
1409 2194 1583 2238 Broter.
1607 2207 1703 2254 sqq.
1763 2196 1877 2241 Nam
1895 2203 2096 2244 navium

1205 2255 1300 2296 iure
1323 2253 1499 2294 merito(
1519 2269 1572 2295 ue
1598 2254 1670 2297 hie
1703 2257 1919 2313 praeponi
1953 2259 2095 2315 quivis

1203 2309 1350 2353 latinis
1395 2269 1577 2353 aurilms
1616 2311 1841 2368 praeditus
1873 2314 2094 2374 intelligit.

1205 2367 1343 2425 Igitur
1380 2382 1546 2424 sequor
1576 2367 1843 2422 Pichenam,
1894 2371 2092 2429 Lipsium

1205 2425 1372 2481 (1607.)
1398 2439 1499 2482 sqq.
1528 2426 1582 2469 ad
1605 2426 1876 2474 Ernestium.
1953 2429 2094 2474 Plane

1204 2492 1352 2525 autem
1375 2499 1724 2540 supervacaneae
1741 2495 1846 2528 sunt
1865 2487 2092 2531 coniectu-

1203 2557 1278 2583 rae
1307 2540 1526 2583 Ernestii:
1564 2543 1911 2593 astoer-iarum,
1945 2553 1988 2587 et
2015 2547 2095 2588 ui-

1204 2597 1522 2655 poutinorum:
1558 2601 1818 2642 multarum
1848 2617 1934 2658 pro
1966 2605 2091 2646 atia-

1203 2672 1311 2697 rum
1348 2656 1605 2711 legentium.
1680 2657 1853 2699 Ratem
1894 2659 2089 2718 intellige

1202 2728 1466 2770 compagem
1526 2715 1754 2770 tignorum
1805 2723 2091 2776 asserumqne

1202 2771 1385 2818 navibus
1441 2771 1681 2827 suppositis
1738 2773 2100 2830 contabulatam3

1199 2827 1306 2871 hinc
1323 2834 1422 2884 apte
1443 2828 1643 2885 sequitur
1663 2830 1868 2871 alimum
1887 2834 2090 2876 navium

1200 2884 1387 2927 mentio.
1451 2884 1511 2928 cf.
1533 2886 1702 2928 Lucan.
1726 2887 1768 2935 4,
1794 2887 1864 2930 17.

1253 2968 1340 3007 per
1374 2961 1560 2996 aetates
1594 2963 1637 2996 et
1669 2957 1924 3001 scientiam.
2002 2960 2086 3005 Ed.

1197 3011 1317 3069 Spir.
1343 3026 1429 3065 per
1455 3018 1635 3055 aetates
1658 3014 1781 3064 seit-13
1808 3013 1850 3058 h.
1874 3032 1913 3059 e.
1934 3019 2084 3061 scien-

1197 3072 1416 3125 tiamque.
1476 3069 1645 3112 Eadem
1677 3076 1980 3126 componebat
2004 3092 2098 3134 prm

1196 3130 1617 3181 componebantur,
1645 3134 1692 3170 et
1717 3129 1876 3172 deinde
1901 3133 2083 3185 petive-

1195 3191 1306 3226 rant
1338 3200 1421 3242 pro
1460 3185 1711 3239 petiverat.
1796 3185 1896 3231 MS.
1930 3188 2082 3234 Guelf.

1192 3256 1280 3295 per
1324 3250 1529 3284 aetatem
1574 3243 1750 3285 exoleti
1786 3257 1870 3301 pro
1905 3251 2098 3290 *exoleti-

1190 3315 1278 3354 ρει*
1297 3308 1496 3344 aetates.

1251 3375 1399 3415 maris
1414 3373 1597 3415 Oceano
1620 3375 1853 3430 abusqueo·
1900 3374 2080 3420 Frustra

1195 3428 1426 3473 Heinsius:
1481 3433 1631 3472 marc*
1652 3432 1849 3473 Oceano.
1932 3433 2081 3476 Immo

1193 3488 1427 3531 animalia
1447 3491 1599 3531 maris
1625 3487 1776 3545 petivit
1810 3500 1901 3531 non
1935 3492 2080 3535 sotum
