2196 4004
185 213 397 298 ἓῖέἆεῗές

651 213 825 276 LIB.
852 213 960 277 XI.
1026 210 1221 276 CAP.
1247 215 1305 277 7.
1335 216 1392 274 8.

1881 211 1959 278 17

101 340 399 429 capiendis
423 345 687 424 pecuniis
711 343 911 421 posuit
939 345 1188 402 modum
1224 363 1420 421 usque·
1452 344 1529 400 ad
1564 345 1716 402 dena
1748 358 1960 406 sestera

102 437 216 508 tia,
257 454 432 512 quem
458 430 670 506 egressi
697 430 1160 506 repetundarum
1186 439 1547 490 tenerentur.

267 571 437 634 VIII.
481 572 607 631 Sub
645 572 803 629 idem
837 579 1067 646 tempus
1096 567 1506 641 Mithridates,
1556 588 1731 649 quem
1767 571 1960 648 impe-

101 662 302 733 ritass'e
326 654 628 718 Armeniis
652 699 830 718 ......
857 654 1122 714 Caesaris
1141 649 1409 714 vinctum
1433 656 1788 727 memoravi,
1827 678 1961 714 mo-

103 757 281 821 nente
317 742 569 802 Claudio
618 743 683 798 in
725 761 974 815 regnum
1022 741 1308 799 remeavit
1361 732 1498 798 fisus
1541 737 1960 799 Pharasmanis

103 831 334 908 opibus.
421 827 478 884 Is
502 849 604 885 rex
620 826 808 884 Iberis
832 828 1105 904 idemque
1119 822 1491 902 Mithridatis
1511 827 1694 883 frater
1717 828 1961 884 nuntia-

101 917 203 974 bat
226 915 558 972 discordare
582 909 832 970 Parthos
863 931 1204 988 summaque
1225 911 1460 987 imperii
1484 911 1788 985 ambigua,
1844 913 1963 968 mi-

101 1021 249 1058 nora
267 1000 393 1056 sine
413 1020 550 1058 cura
569 993 793 1058 haberi.
835 995 988 1054 Nam
1010 997 1164 1053 inter
1180 993 1451 1053 Gotarzis
1470 998 1752 1074 pleraque
1775 1016 1963 1068 saeva,

103 1086 208 1164 qui
242 1106 444 1142 necem
476 1083 645 1140 fratri
668 1077 972 1139 Artabano
1011 1081 1365 1159 coniugique
1399 1103 1464 1140 ac
1493 1083 1615 1139 filio
1645 1082 1771 1139 eius
1791 1103 1964 1159 prae-

160 1322 296 1364 quem
333 1305 524 1360 egressi.
584 1301 661 1347 Sic
687 1300 883 1344 Piehena
918 1301 993 1344 de·

103 1364 192 1417 dit,
221 1371 272 1406 ut
300 1363 394 1421 ipse
425 1361 654 1409 adfirmat,
694 1375 717 1402 e
740 1359 844 1402 MS.
867 1358 992 1402 Flor.

103 1423 193 1466 Sed
237 1419 465 1463 Victorius
520 1418 816 1475 scripturamt
875 1431 994 1472 quae

101 1471 471 1581 &reffezssdgugm
508 1473 857 1576 hzbentMMSESv
875 1474 991 1574 Il33ud.

102 1552 203 1638 Alii?
230 1551 377 1636 figens
398 1548 527 1648 sgilri,
563 1540 735 1632 iiii-suo.
757 1547 992 1647 {xeniplgii

101 1649 312 1696 Beroald.
345 1649 557 1692 intactam
581 1648 661 1690 reli
696 1647 776 1690 uit.
839 1646 994 1702 Quare

102 1709 205 1754 satis
242 1705 375 1754 dubia
418 1705 567 1749 evadit
594 1703 676 1748 Pic
709 1719 816 1747 enae
845 1719 994 1747 emen·

103 1767 272 1867 daggi‘.
306 1820 347 1863 8.
409 1817 722 1863 Mithridates.
781 1817 858 1862 Sic
892 1817 994 1860 edd.

99 1881 203 1924 Ber.
216 1877 318 1922 Alc.
334 1874 589 1918 Rhen.Ald.
601 1874 924 1932 Bernegg.sqq.
939 1898 996 1909 —

99 1938 207 1982 MS.
224 1933 375 1978 Guelf.
399 1931 499 1975 edd.
523 1930 554 1974 S
589 1932 643 1976 ir.
663 1931 766 1976 Put.
789 1933 857 1976 Μ.
880 1940 923 1974 et
939 1932 995 1974 V.

99 1994 377 2038 Mitridates.
434 2014 488 2024 -
598 1989 670 2032 dd.
705 1990 826 2049 LiPS.
861 1988 994 2032 Grut.

101 2050 229 2097 Pich.¹
256 2057 301 2092 et
321 2062 467 2105 nuper
487 2046 778 2105 Kiesslingius
800 2047 996 2089 Mithra-

101 2113 251 2152 dates.
299 2106 401 2148 MS.
417 2103 564 2147 Guelf.
588 2105 669 2146 sub
695 2106 744 2147 id
766 2114 964 2161 tempus.

159 2164 400 2208 Armeniis
423 2192 618 2206 ......
645 2162 862 2205 Caesaris
886 2163 995 2204 vin-

103 2231 242 2270 ctum.
301 2219 490 2264 SieMS.
510 2219 635 2262 Flor.
660 2219 905 2277 eademque
926 2220 987 2263 la-

104 2296 247 2327 cuna,
276 2285 463 2322 testante
487 2275 707 2322 Victorio.
766 2277 849 2320 Ed.
874 2277 998 2335 Spir.

103 2337 334 2381 armeniis
373 2335 578 2377 caesaris
616 2336 846 2384 vinctum,
901 2335 999 2378 sine

106 2395 282 2438 lacuna.
343 2392 562 2434 Vinctum
594 2390 758 2434 habent
791 2402 834 2435 et
861 2392 999 2450 Lipsii

103 2450 238 2496 MSS.
276 2447 413 2506 idque
449 2447 723 2491 vocabulum
758 2449 862 2492 satis
894 2466 1000 2492 cer-

103 2518 201 2554 tum
234 2514 298 2549 est
329 2507 386 2548 ob
419 2504 584 2547 Dionis
615 2504 828 2549 ἐδεδέκει.
887 2506 996 2550 Vid.

103 2565 212 2612 infr.
273 2562 444 2607 Contra
475 2562 646 2604 victum
676 2562 778 2606 MS.
811 2563 924 2607 Eud.
956 2571 1000 2606 et

104 2624 152 2667 in
185 2635 325 2676 marg.
357 2621 419 2662 al.
453 2627 645 2662 vectum.
714 2618 772 2662 Et
818 2628 1000 2664 vectum

105 2680 268 2724 habent
329 2674 467 2720 MSS.
529 2675 662 2719 Bodl.
723 2676 846 2721 Harl.
914 2678 996 2721 les.

107 2734 259 2780 Guelf.
294 2733 447 2776 Verba
486 2737 551 2776 ad
584 2736 915 2787 praesentiam.
952 2735 1000 2777 in

104 2795 224 2838 hisce
263 2791 386 2835 libris
420 2791 568 2834 omitti
609 2807 746 2834 nemo
784 2792 1001 2850 prodidit.

105 2852 286 2897 Adsunt
341 2840 388 2891 in
439 2848 597 2892 codice
648 2847 799 2892 Guelf.
881 2850 997 2892 Edd.

104 2909 206 2953 Put.
236 2907 302 2949 M.
333 2913 374 2948 et
405 2907 459 2948 V.
495 2906 702 2949 Beroald.
740 2906 843 2950 Alc.
874 2906 997 2949 Rhe-

106 2982 211 3009 nan.
234 2980 330 3021 sqq.
363 2963 603 3006 Armeniis
622 2971 668 3004 et
686 2966 751 3005 ad
768 2978 997 3018 praesen-

107 3024 227 3067 tiam
260 3021 475 3063 Caesaris
511 3028 706 3064 vectum.
773 3021 887 3063 Satis
919 3037 1000 3079 ap-

106 3086 231 3136 paret
273 3077 503 3128 lacunam,
554 3093 668 3135 quae
710 3087 774 3121 est
817 3078 862 3119 iu
898 3078 999 3121 MS.

106 3137 231 3184 Flor.
247 3165 260 3182 ,
290 3151 313 3177 a
334 3150 470 3176 manu
498 3135 792 3177 emendatoris
816 3135 882 3178 sic
904 3151 999 3180 esse

106 3192 349 3251 expletam,
387 3206 474 3234 nec
503 3192 604 3234 satis
636 3191 843 3236 feliciter.
915 3193 998 3236 Ni-

104 3251 181 3295 hili
219 3249 339 3292 enim
380 3255 443 3290 est
487 3248 710 3291 formula:
751 3253 817 3291 ad
849 3264 997 3303 prae·-

105 3309 309 3352 sentiam
344 3306 539 3348 alicuius
578 3307 690 3350 vehi.
761 3307 913 3363 Quare
946 3322 997 3350 ex

107 3363 420 3408 emendatione
435 3362 617 3420 Bipont.
640 3361 774 3405 hodie
797 3363 996 3422 plerique

107 3422 271 3465 edunt:
297 3428 341 3462 et
362 3421 426 3461 ad
442 3434 521 3474 pr.
541 3419 588 3462 C.
613 3427 843 3465 vocatum.
882 3422 996 3464 Sunt

107 3479 264 3528 etiam,
315 3477 391 3535 qui
432 3477 696 3527 coniiciant,
744 3482 810 3521 ad
848 3493 996 3533 prae-

107 3535 330 3588 scriptum
358 3535 600 3589 Caesaris,
637 3550 748 3593 quae
783 3535 993 3599 expressit

191 3601 433 3656 TAGITUS
479 3598 547 3654 II.

1065 1298 1280 1344 Rieklefs.
1361 1300 1654 1359 Kiesslingius
1691 1302 1964 1362 scripturam

1065 1358 1243 1401 Puteol.
1278 1358 1522 1402 revocavit.
1582 1359 1725 1403 Malui
1756 1362 1862 1404 dare
1894 1362 1962 1404 la-

1065 1431 1230 1460 cunam
1254 1414 1516 1467 MS.Flor.,
1543 1432 1675 1473 quam
1696 1417 1829 1461 edere
1853 1434 1963 1477 spu-

1064 1472 1145 1517 ria.
1205 1471 1277 1515 De
1313 1473 1470 1516 eadem
1492 1489 1539 1515 re
1566 1473 1659 1516 Dio
1679 1474 1750 1524 60,
1773 1476 1814 1518 8.
1833 1475 1967 1520 habet

1063 1530 1197 1574 haec:
1238 1527 1321 1573 τὸν
1348 1528 1655 1590 Μιθριδάτην
1685 1529 1769 1575 τὸν
1784 1530 1963 1590 Ἴβηρα,

1065 1585 1122 1632 ὃν
1146 1584 1170 1631 ὁ
1194 1585 1333 1636 Γάϊος
1352 1584 1780 1646 μεταπεμψάμενος
1805 1591 1966 1635 ἐδεδέ-

1066 1658 1159 1700 κει,
1195 1645 1353 1688 οἴκαδε
1377 1644 1493 1702 πρὸς
1515 1644 1751 1701 ἀνάληψιν
1773 1650 1852 1702 τῆς
1880 1647 1967 1708 ἆρ-

1059 1704 1150 1761 χῆς
1169 1700 1463 1762 ἀπέπεμψεν.
1526 1704 1578 1746 In
1605 1704 1699 1748 Caii
1724 1713 1876 1749 tamen
1897 1723 1965 1748 re-

1071 1760 1265 1806 busvDio
1287 1776 1371 1803 nus
1407 1776 1511 1802 uam
1533 1761 1664 1803 buius
1685 1762 1751 1804 rei
1773 1763 1966 1807 mentio-

1068 1832 1174 1859 nem
1196 1817 1322 1860 fecit.
1420 1830 1544 1860 enee.
1568 1818 1623 1860 de
1643 1818 1813 1877 Tranq.
1845 1836 1884 1864 c.
1900 1822 1969 1865 11.

1068 1874 1397 1916 Ptolemaeum
1421 1874 1612 1928 Africae
1645 1890 1828 1929 regem,
1866 1879 1968 1921 Ar-

1069 1932 1259 1973 meniae
1270 1930 1589 1974 Mithridatem
1614 1933 1740 1975 inter
1757 1934 1970 1979 Gaianas

1069 1990 1302 2031 custodias
1323 1990 1545 2031 vidimus.

1113 2047 1238 2102 fisus
1267 2045 1613 2089 Pharasmanis
1646 2049 1823 2102 opibus.
1882 2049 1917 2092 F
1922 2049 1968 2094 d.

1067 2102 1186 2161 Spir.
1211 2111 1491 2146 monstrose:
1521 2106 1770 2151 remeavit.
1833 2107 1971 2152 Fisus

1053 2162 1207 2218 saras
1229 2163 1421 2214 magnis
1446 2162 1624 2217 opibus.

1122 2217 1290 2260 Iberis.
1351 2217 1437 2260 Ed.
1465 2217 1584 2275 Spir.
1609 2220 1795 2264 hiberis.
1854 2221 1968 2266 Edd.

1070 2273 1173 2318 Put.
1197 2277 1266 2317 Μ.
1287 2283 1330 2318 et
1354 2275 1409 2318 V.
1445 2274 1654 2319 Beroald.
1688 2276 1795 2321 Alc.
1817 2277 1969 2325 Rhen.

1070 2332 1177 2376 And.
1195 2347 1293 2389 sqq.
1326 2348 1430 2375 eum
1447 2332 1548 2379 MS.
1566 2332 1722 2376 Guelf.
1739 2335 1951 2392 Hyberis.

1126 2391 1333 2431 minora.
1393 2389 1478 2432 Ed.
1496 2390 1614 2448 Spir.
1639 2392 1844 2437 minore.
1887 2393 1968 2438 Ce-

1069 2447 1151 2489 teri
1177 2445 1282 2489 libri
1302 2447 1535 2505 vulgatum
1559 2455 1760 2492 tuentur.

1128 2518 1244 2546 nam
1298 2504 1423 2546 inter
1465 2504 1689 2548 Gotarzis
1737 2509 1970 2565 pleraque

1069 2575 1213 2603 saeva
1241 2568 1327 2603 etc.
1397 2561 1498 2605 MS.
1522 2562 1646 2606 Flor.
1687 2565 1805 2616 (test.
1830 2565 1969 2623 Vict.)

1075 2618 1371 2670 Gatharzes,·
1403 2618 1468 2662 sic
1493 2626 1536 2661 et
1558 2619 1627 2663 ed.
1651 2619 1772 2678 Spir.
1833 2622 1971 2669 Cete-

1070 2691 1172 2719 rum
1194 2682 1301 2717 nota
1323 2690 1454 2717 usum
1476 2677 1820 2734 praepositionis
1839 2681 1972 2733 inter,

1073 2747 1187 2791 quae
1210 2731 1450 2788 significat,
1483 2748 1623 2789 quum
1649 2734 1857 2780 Gotarzis
1876 2737 1970 2796 ple-

1072 2804 1209 2846 raque
1232 2804 1356 2831 saeva
1380 2797 1540 2832 essent.
1603 2790 1663 2836 cf.
1689 2808 1729 2836 c.
1758 2795 1826 2836 10.
1848 2795 1972 2839 inter

1070 2846 1313 2900 ambiguos
1349 2844 1393 2889 h.
1424 2862 1462 2889 e.
1494 2861 1634 2903 quum
1669 2850 1866 2907 ambigui
1897 2867 1970 2894 es-

1071 2911 1186 2947 sent.
1246 2902 1359 2946 Hist.
1385 2903 1426 2953 4,
1448 2902 1517 2946 59.
1548 2907 1702 2947 oratio
1727 2909 1859 2950 varie
1878 2923 1968 2952 ex-

1075 2968 1204 3015 cepta
1226 2961 1353 3001 inter
1370 2974 1500 3014 spem
1521 2969 1792 3019 metumque
1811 2978 1869 3006 ac
1885 2981 1970 3020 pu-

1072 3023 1253 3061 dorem.
1313 3016 1425 3072 Agr.
1440 3033 1479 3060 c.
1493 3017 1564 3061 32.
1593 3019 1722 3061 inter
1740 3025 1868 3064 male
1883 3039 1971 3079 pa·

1072 3083 1227 3119 rentes
1250 3082 1295 3116 et
1322 3075 1488 3117 iniuste
1515 3075 1819 3129 imperantes-

1129 3133 1209 3188 qui
1229 3146 1390 3174 necem
1423 3162 1434 3174 .
1461 3162 1472 3174 .
1498 3163 1510 3175 .
1532 3163 1543 3174 .
1568 3146 1967 3188 praeparaverat.

1071 3189 1298 3234 Bekkerus
1325 3188 1502 3231 sustulit
1528 3191 1802 3247 parenthesis
1830 3195 1968 3253 signa,

1069 3249 1168 3307 quis
1201 3247 1304 3289 inde
1333 3261 1356 3287 a
1377 3244 1592 3290 Rhenano
1616 3246 1969 3296 includebantur

1067 3306 1235 3350 verba:
1295 3304 1378 3358 qui
1405 3334 1416 3345 .
1447 3333 1460 3346 .
1491 3335 1503 3346 .
1540 3311 1736 3348 ceteros.
1814 3307 1967 3354 Recte.

1068 3363 1182 3405 Nam
1205 3360 1330 3403 nulla
1354 3359 1427 3402 hie
1449 3360 1724 3420 parenthesis
1744 3364 1861 3408 ratio
1885 3374 1967 3411 est.

1067 3420 1184 3462 Hinc
1221 3419 1354 3460 etiam
1391 3417 1560 3461 inutilis
1597 3418 1742 3462 evadit
1770 3420 1971 3467 Ernestii‘

1070 3476 1328 3520 coniectura
1359 3475 1572 3518 mutantis
1642 3478 1693 3518 ui
1711 3477 1758 3519 in
1784 3481 1964 3534 quippe.

1068 3533 1247 3578 Deinde
1266 3532 1500 3584 Muretus,
1546 3532 1579 3575 1.
1603 3491 1679 3577 lgr.
1703 3532 1964 3581 Gronovius

1306 3591 1357 3651 B
