2164 3990
1760 236 1810 271 A.
1825 235 1876 273 U.
1887 234 1970 270 819ss

1757 279 1810 313 A.
1827 277 1876 314 C.
1909 279 1972 314 δῦ.

159 220 163 230 ’
205 231 332 290 428
397 188 403 191 “
885 228 1391 305 ANNALIUM

201 358 397 417 modis
418 359 746 436 plausuque
767 360 1109 435 composito,
1197 365 1461 422 crederes
1484 367 1712 441 laetari:
1757 389 1824 427 ac
1844 373 2059 428 fortes-

199 464 262 502 se
284 445 658 503 laetabantur
680 462 786 519 per
810 443 1101 502 incuriam
1122 447 1347 521 publici
1371 451 1599 526 flagitii.

373 555 447 619 V.
494 555 611 615 Sed
639 551 741 632 qui
765 557 1009 614 remotis
1030 577 1061 614 e
1081 558 1423 636 municipiis
1448 582 1826 644 severamque
1860 564 2053 626 adhuc

203 654 259 698 et
275 641 506 718 antiqui
522 642 705 698 moris
720 641 1038 699 retinentes
1051 641 1302 714 Italiam,
1328 646 1547 724 quique
1567 670 1672 725 per
1694 650 2055 734 longinquas

199 728 536 804 provincias
551 772 567 795 ‚
633 727 904 783 lasciviae
940 728 1262 804 inexperti,
1326 731 1517 789 officio
1555 735 1916 809 legationum
1955 751 2056 796 aut

195 810 424 891 privata
449 812 703 869 utilitate
727 814 1089 870 advenerant
1104 860 1120 884 ‚
1163 835 1357 893 neque
1381 832 1680 894 aspectum
1707 820 1881 880 illum
1903 825 2054 880 tole-

196 920 327 956 rare
379 917 571 974 neque
615 897 819 954 labore
870 892 1185 956 inhonesto
1235 902 1496 962 sufficere
1515 951 1533 974 ‚
1598 927 1731 963 cum
1778 910 2054 967 manibus

196 984 407 1041 nesciis
430 983 767 1040 fatiscerent
783 1030 798 1053 ‚
849 984 1158 1042 turbarent
1185 1004 1399 1060 gnaros
1422 1009 1488 1045 ac
1517 1009 1686 1067 saepe
1709 1011 1742 1048 a
1761 992 2054 1052 militibus

192 1070 679 1137 verberarentur,
723 1069 827 1146 qui
850 1090 956 1144 per
979 1090 1194 1127 cuneos
1219 1074 1479 1144 stabant,
1535 1096 1610 1132 ne
1641 1078 1802 1154 quod
1826 1090 2054 1155 tempo-

191 1156 274 1215 ris
298 1164 665 1211 momentum
688 1154 903 1231 impari
928 1156 1189 1212 clamore
1215 1170 1316 1215 aut
1341 1160 1576 1218 silentio
1605 1164 1768 1237 segni
1789 1175 2053 1240 praeter-

241 1385 506 1438 plausuque
530 1382 800 1436 composito.
861 1383 1081 1442 MS.Agr.
1149 1401 1236 1439 per
1284 1389 1595 1443 longinquas‚'
1642 1390 1766 1446 quod
1817 1391 1903 1435 sihi
1954 1394 2052 1439 vult

184 1443 421 1496 apposito,
458 1439 580 1498 quod
614 1448 765 1482 ortum
803 1449 868 1484 est
905 1457 927 1483 e
960 1458 1081 1484 com·
1154 1445 1476 1502 compendium
1501 1445 1603 1488 MS.
1628 1446 1752 1490 Flor.
1810 1449 1927 1493 Nam
1948 1451 2051 1497 licet

187 1499 356 1558 pendio
386 1500 578 1552 aposita.
1153 1505 1318 1555 longus
1341 1517 1523 1560 quoque
1550 1519 1635 1559 pro
1667 1506 1946 1562 longinquus
1975 1509 2049 1551 di-

1155 1568 1282 1602 catur
1307 1559 1462 1612 (Silius
1478 1560 1519 1610 6,
1534 1561 1640 1613 628)
1657 1595 1668 1611 ‚
1701 1564 1820 1620 apud
1839 1563 2047 1611 Tacitum

1154 1620 1348 1671 longum
1373 1618 1539 1674 ubique
1564 1627 1628 1660 est
1649 1618 1702 1661 de
1724 1628 1812 1662 tem
1851 1637 1930 1664 ore
1951 1622 2047 1667 diu-

1154 1683 1341 1717 turnum
1379 1676 1435 1729 (l,
1471 1677 1508 1717 1.
1537 1675 1577 1718 8.
1608 1676 1680 1720 46.
1717 1676 1788 1721 58.
1820 1637 1891 1723 ἓξ).
1918 1685 2050 1740 sqq.)‚

1155 1733 1210 1775 de
1247 1733 1390 1789 spatio
1423 1733 1557 1790 longe
1591 1744 1849 1790 porrectum
1888 1738 1947 1792 (1,
1973 1741 2046 1784 20.

237 1597 326 1636 per
347 1584 595 1626 incuriam.
655 1581 694 1625 E
724 1581 959 1626 verissima
978 1582 1082 1626 Aei-

186 1639 290 1683 datii
323 1640 661 1692 emendatione,
703 1655 836 1696 quam
874 1656 1082 1698 recepere

186 1697 366 1742 Ernest.
412 1698 516 1756 Bip.
553 1697 713 1742 Oberl.
747 1714 848 1756 sqq.
943 1698 1081 1741 MSS.

185 1763 229 1798 et
262 1755 362 1799 edd.
394 1764 494 1798 ante
524 1755 702 1799 Ernest.
733 1770 823 1807 per
846 1756 1082 1804 iniuriam,

217 1813 308 1855 uod
344 1813 528 1856 retinuit
550 1813 784 1856 Broterius
815 1822 946 1869 atque
977 1829 1082 1855 cum

228 1873 346 1914 u'etio
374 1870 610 1928 explicuit:
652 1871 769 1923 „etsi
804 1870 888 1914 sibi
917 1870 1082 1913 iniuria

184 1945 265 1986 per
297 1928 532 1987 publicum
577 1928 666 1972 hoc
700 1928 920 1985 flagitium
954 1927 1081 1971 fieret

185 1994 229 2029 et
257 2002 468 2042 magnum
496 1987 577 2029 sibi
605 1987 796 2029 dedecus
820 1986 1081 2028 conscisce-

182 2043 356 2087 retur.''
418 2044 504 2087 Sed
527 2044 636 2087 haec
658 2059 751 2086 non
773 2043 942 2086 insunt.

238 2143 351 2188 CAP.
397 2142 438 2187 5.
506 2159 811 2200 severamque
850 2176 860 2187 .
886 2173 898 2185 .
924 2175 935 2186 .
971 2143 1077 2185 Ita-

179 2204 311 2246 liam.
371 2202 447 2246 Sic
470 2201 606 2245 MSS.
641 2210 685 2244 et
717 2209 828 2246 vett.
865 2200 967 2244 edd.
1002 2218 1078 2242 ex-

181 2268 314 2318 cepto
336 2275 428 2302 uno
455 2258 699 2317 cod.Agr.,
723 2258 770 2301 in
791 2275 882 2316 quo
913 2259 1070 2315 legun-

178 2328 256 2363 tur
283 2317 414 2360 haec:
459 2330 718 2372 severaque
743 2323 787 2358 et
810 2317 961 2358 adhue
983 2331 1076 2358 an-

179 2376 299 2432 tiqui
336 2375 486 2418 moris
524 2377 751 2416 retinente
783 2373 947 2415 Italia.
1021 2372 1074 2416 ln

179 2441 439 2477 contextum
465 2431 573 2476 baec
596 2447 810 2488 recepere
833 2430 1072 2474 Freinshe-

178 2491 321 2540 mius,
367 2489 619 2538 Gronovii‚
658 2488 884 2547 Ryckius,
932 2505 1077 2547 nuper

177 2547 501 2592 Li'memannus
526 2546 845 2606 etRupertius.
879 2545 1074 2596 ef.2‚38.

177 2607 217 2658 5,
245 2609 314 2650 11.
375 2605 463 2649 Sed
488 2608 610 2663 quod
635 2606 696 2649 ibi
718 2603 878 2661 legitur
902 2605 1077 2646 nobili-

175 2665 293 2707 tatis
333 2663 543 2707 retinens
582 2673 625 2707 et
667 2663 925 2705 modestiae
963 2664 1075 2704 reti-

173 2735 319 2771 nens,
371 2721 477 2765 inde
517 2737 613 2764 non
657 2720 857 2778 sequitur
887 2720 1075 2763 eandem

171 2780 250 2823 hic
288 2795 382 2823 esse
415 2787 706 2823 structuram.
775 2778 904 2820 Bona
939 2777 1072 2820 etiam

175 2845 254 2881 est-
273 2838 472 2881 formula
502 2838 709 2880 retinere
741 2837 881 2891 (noch
901 2836 1072 2892 haben)

172 2909 392 2940 severam
434 2897 589 2938 adhuc
623 2901 668 2936 et
699 2894 888 2950 antiqui
918 2894 1072 2936 moris

173 2952 398 3002 Italiam,
436 2969 570 3011 quam
596 2950 829 2995 Ernestius
853 2951 967 2994 bene
993 2967 1068 2994 re-

174 3011 372 3055 vocavit.
434 3010 495 3054 cf.
513 3011 550 3062 1,
564 3010 635 3053 45.
665 3010 768 3052 iras
789 3009 1073 3062 retinebant3

175 3073 218 3121 1,
246 3070 313 3113 12.
330 3069 570 3125 ferociam
594 3067 816 3111 retinere.
878 3065 968 3109 Pro
990 3070 1073 3108 ad·

171 3129 258 3170 huc
280 3128 380 3171 MS.
402 3125 556 3170 Guelf.
584 3125 672 3169 fert
701 3126 908 3174 adfinem
949 3123 1072 3168 idem

172 3194 241 3229 est
262 3202 343 3245 pro
365 3193 410 3228 et
435 3192 537 3227 ante
560 3183 841 3238 municipiis-

223 3287 311 3325 per
330 3270 609 3326 longinquas
624 3267 906 3323 provincias·
970 3264 1069 3310 MS.

175 3342 300 3386 Flor.
325 3351 423 3386 test.
443 3339 566 3384 Pich.
580 3353 670 3395 per
690 3341 918 3397 lonquas,
948 3336 1068 3379 unde

153 3400 367 3453 «aliorum
391 3397 600 3443 codicum
622 3405 872 3441 exarator-es
897 3402 939 3437 et
972 3393 1067 3437 edi-

179 3467 300 3502 tores
321 3465 428 3499 vett.
452 3457 600 3499 fecere
617 3469 705 3508 per
724 3455 914 3508 longas,
946 3451 1068 3520 quod

177 3517 231 3559 ab
257 3515 463 3558 Ernestio
488 3513 726 3556 reductum
754 3510 886 3554 hodie
909 3510 1069 3553 editur.

174 3572 361 3621 Rectius
382 3581 529 3617 tamen
542 3568 736 3615 Pichena
756 3578 793 3612 ct
811 3584 908 3627 sqq.
934 3567 1069 3611 edunt

1152 1790 1222 1845 50,
1251 1790 1367 1846 63.);
1412 1792 1720 1847 longinquum
1753 1793 1807 1836 de
1841 1794 2049 1840 distantia

1152 1846 1288 1905 longe
1338 1856 1582 1892 remotum.
1644 1850 1705 1894 cf.
1751 1850 1864 1895 Hist.
1901 1855 1941 1904 1,
1976 1854 2045 1899 76.

1151 1906 1439 1961 longinquae
1459 1908 1748 1961 provinciae.
1776 1951 1785 1957 „

1211 2005 1429 2046 lasciviae
1471 2006 1724 2059 inexperti.
1816 2007 1894 2052 Sic
1942 2011 2044 2055 edd.

1152 2061 1254 2103 Put.
1279 2061 1381 2104 Ber.
1403 2062 1502 2105 Alc.
1525 2063 1667 2106 Rhen.
1689 2080 1786 2122 sqq.
1815 2090 1873 2099 —
1913 2069 2046 2112 lasci-

1154 2122 1278 2159 vium
1334 2122 1520 2173 experti
1561 2120 1699 2164 MSS.
1751 2123 1786 2164 F
1791 2122 1876 2166 lor.
1929 2127 2046 2178 (test.

1151 2175 1294 2228 Vict.)
1323 2175 1439 2218 Bud.
1464 2175 1616 2220 Guelf.
1646 2177 1716 2221 ed.
1742 2178 1862 2238 Spir.
1923 2180 2042 2226 Coa-

1148 2233 1230 2333 luig
1262 2233 1430 2334 {yllaba
1453 2237 1501 2276 in
1528 2250 1633 2277 cum
1653 2238 1939 2293 praecedenti
1963 2256 2043 2284 vo-

1147 2306 1199 2334 ca
1236 2307 1260 2333 u
1284 2307 1326 2334 0.

1741 2389 1846 2435 MS.
1891 2390 2043 2438 Guelf.

1202 2401 1349 2444 neque
1392 2395 1647 2443 aspectum.

1147 2459 1232 2488 nee
1254 2454 1511 2500 aspectum.

1203 2531 1371 2573 labore
1393 2531 1657 2575 inhonesto.
1686 2529 1763 2576 Sic
1773 2532 1875 2578 MS.
1889 2533 2043 2580 Guelf.

1148 2587 1248 2631 edd.
1281 2588 1399 2645 Spir.
1436 2588 1536 2631 Put.
1573 2589 1640 2631 M.
1673 2595 1715 2632 et
1746 2588 1802 2632 V.
1841 2590 1941 2637 Ber.
1980 2595 2039 2648 (c.

1147 2644 1480 2701 si1.Viet.)Ate.
1517 2670 1567 2679 -
1618 2647 1775 2689 labori
1793 2650 2040 2693 inhonesto

1148 2703 1252 2746 edd.
1275 2701 1419 2746 Rhen.
1443 2719 1541 2761 sqq.
1600 2703 1686 2746 Sed
1712 2705 1891 2764 antiqua
1923 2709 2039 2752 scri-

1144 2768 1280 2860 Xtura
1312 2776 1419 2804 vera
1451 2769 1530 2803 est.
1590 2760 1806 2816 sufficere
1838 2763 2040 2810 absolute

1177 2818 1324 2863 icitur.
1369 2816 1431 2862 cf.
1459 2820 1496 2872 1,
1525 2817 1593 2861 13.
1625 2820 1823 2874 quinam
1848 2823 2049 2878 adipisci

1136 2876 1394 2931 prinmpem
1420 2877 1571 2918 locum
1602 2875 1939 2933 suffecturi
1964 2883 2041 2923 ab·

1142 2940 1357 2977 emerent.
1418 2931 1523 2990 Qua
1546 2933 1594 2976 in
1613 2950 1662 2977 re
1686 2933 1753 2977 illi
1778 2951 1874 2979 non
1902 2938 2038 2982 suffe-

1144 2991 1290 3035 cerint
1317 2990 1377 3046 (h.
1403 3007 1440 3033 e.
1468 3006 1563 3033 non
1585 2991 1687 3035 satis
1709 2991 1856 3038 faeere
1880 3004 2040 3054 potue·

1141 3049 1271 3105 rint),
1323 3047 1505 3091 additur
1537 3049 1584 3091 in
1618 3048 1848 3103 ablativo,
1877 3054 2039 3097 labore

1141 3106 1391 3148 inhonesto
1474 3107 1550 3162 (in
1615 3109 1875 3164 Ansehung
1950 3115 2038 3154 der

1141 3166 1468 3207 schandbaren
1495 3164 1696 3219 Arbeit).
1756 3167 1863 3208 Non
1897 3169 2034 3226 suffi-

1142 3236 1242 3264 cere
1264 3223 1418 3263 labori
1435 3229 1603 3280 spectat
1626 3221 1680 3264 ad
1705 3222 1827 3268 vires
1852 3225 2033 3280 (unter-

1139 3279 1324 3334 liegen).

1199 3366 1444 3407 turbarem
1489 3377 1683 3417 gnaros.

1773 3364 1874 3409 MS.
1922 3367 2032 3424 Agr.

1143 3425 1492 3478 turborencque.
1552 3420 1634 3463 Ed.
1667 3420 1773 3466 Put.
1809 3421 1861 3467 V.
1897 3425 2031 3480 tgna-
2106 3451 2112 3457 .

1144 3494 1239 3524 7⁶05.

1199 3578 1351 3615 sae-pe.
1417 3563 1516 3607 MS.
1540 3563 1689 3607 Guelf.
1711 3578 1804 3617 spe.
