2164 3990
90 331 94 334 -
172 285 295 347 118

1720 283 1953 323 A.U.fflss;r

839 278 1344 381 ANNALmM
1719 327 1838 364 Μ,
1876 330 1942 373 ἢ

168 413 445 472 molliora
495 415 862 491 respondens
904 412 1136 470 secretis
1176 413 1402 472 nuntiis
1447 425 1654 473 monet
1697 413 2034 483 Rhadami-

170 513 328 559 stum
365 500 867 576 oppugnationem
903 519 1154 575 quoquo
1191 501 1372 557 modo
1413 501 1683 562 celerare.
1786 516 2034 579 augetur

118 658 122 663 s
167 585 380 659 flagitii
403 604 624 643 merces
650 597 707 643 et
727 584 923 642 Pollio
949 583 1178 642 occulta
1210 586 1590 661 corruptione
1629 587 1884 662 impellit
1915 591 2032 646 mi·-

169 671 330 741 lites,
371 682 441 728 ut
471 690 674 747 pacem
708 670 1040 743 flagitarent
1077 687 1252 746 seque
1287 671 1580 745 praesidio
1620 673 2035 747 abitur-osmi-

175 756 527 818 nitarentur.
615 776 732 833 qua
767 755 1108 811 necessitate
1131 751 1511 814 Mithridates
1536 758 1695 815 diem
1719 759 2034 838 locumque

173 842 406 901 foederi
428 841 649 918 accepit
675 840 1031 918 castelloque
1058 840 1370 914 egreditur.
1712 854 1717 861 '
2039 858 2041 860 ·

344 982 591 1044 XLVII.
656 978 746 1042 Ac
780 983 973 1060 primo
1003 979 1431 1043 Rhadamistus
1470 983 1535 1040 in
1576 985 1877 1063 amplexus
1911 989 2036 1048 eius

177 1070 396 1129 effusus
433 1069 714 1134 simulare
751 1070 1133 1147 obsequium,
1191 1090 1458 1147 socerum
1497 1091 1562 1127 ac
1598 1084 1900 1147 parentem
1934 1095 2039 1161 ap-

175 1157 418 1232 pellare.
514 1155 726 1213 adiicit
755 1155 1206 1225 iusiurandum,
1250 1175 1376 1212 non
1411 1156 1597 1226 ferm,
1647 1177 1772 1214 non
1809 1179 2049 1235 veneno*

174 1242 301 1300 vim
321 1242 692 1300 adlaturum:
732 1241 911 1298 simul
932 1242 998 1298 in
1022 1242 1223 1298 lucum
1247 1241 1650 1318 propinquum
1676 1238 1877 1315 trahit,
1899 1236 2049 1321 pro-⁴*

178 1328 374 1385 visum
421 1327 545 1384 illic
589 1326 970 1398 sacrificium,
1037 1327 1392 1402 imperatum
1438 1327 1750 1399 dictitanS‚
1814 1331 1883 1387 ut
1926 1330 2078 1387 diis·

178 1413 427 1473 testibus
464 1432 579 1488 pax
613 1411 965 1473 firmaretur.
1052 1410 1191 1469 Mos
1233 1423 1317 1469 est
1351 1412 1614 1486 regibUS‚
1668 1414 1943 1491 quotiens
1968 1404 2044 1472 in

180 1498 515 1566 societatem
561 1504 795 1568 coeant,
858 1497 1164 1574 implicare
1199 1498 1429 1555 dextras
1485 1498 1844 1577 pollicesque
1888 1490 2046 1558 inter

178 1602 257 1648 se*
290 1583 517 1642 vincire
573 1584 852 1661 nodoque
914 1583 1371 1659 praestringere:
1443 1604 1580 1641 mox
1639 1585 1746 1642 ubi
1804 1587 2045 1662 sanguis

240 1825 480 1870 molliora.
558 1825 642 1869 Ed.
690 1825 810 1884 Spir.
860 1826 1075 1868 meliora.

1209 1823 1323 1870 CAP.
1344 1824 1416 1868 47.
1474 1838 1704 1870 socerum.
1763 1825 1866 1871 MS.
1892 1825 2046 1872 Guelf.

180 1882 243 1928 ef.
262 1892 358 1925 not.
381 1883 436 1926 ad
457 1883 569 1927 Hist.
598 1887 636 1936 1,
658 1884 729 1926 69.
762 1884 805 1929 4,
827 1883 897 1928 32.

1150 1885 1334 1927 soceris.

238 1955 460 1997 celerare.
531 1953 611 1998 Sic
641 1954 776 1997 MSS.
812 1953 938 1996 Flor.
969 1951 1035 1995 Re
1069 1983 1079 1993 .

179 2009 291 2069 Agr.
317 2009 472 2055 Guelf.
498 2011 855 2070 edd.Spir.Put.
879 2010 946 2052 Μ.
968 2017 1010 2052 et
1066 2039 1077 2051 .

178 2067 388 2113 Beroald.
403 2069 502 2112 Ale.
533 2068 680 2111 Etiam
698 2068 831 2112 codd.
847 2066 1079 2111 Oxonien-

180 2143 250 2173 ses
273 2125 486 2170 videntur
504 2125 779 2171 consentire.
838 2125 942 2168 MS.
962 2123 1079 2170 Bud.

182 2193 226 2229 et
255 2183 363 2226 inde
395 2184 498 2232 edd.
529 2183 676 2230 Rhen.
710 2199 809 2242 sqq.
843 2197 987 2240 usque
1026 2182 1081 2225 ad

182 2238 408 2302 Rycltium
445 2245 727 2285 accelerare.
799 2240 890 2285 Sed
924 2238 984 2282 cf.
1016 2240 1082 2292 12,

183 2301 257 2344 64.
341 2297 550 2343 Heinsius
599 2297 804 2345 volebat:
856 2300 1082 2346 celeraret

185 2354 261 2402 vel
282 2359 577 2400 acceleraret.
627 2354 835 2414 Utraque
858 2362 1085 2399 structura

186 2416 308 2460 hona
329 2422 411 2459 est.
473 2413 535 2462 cf.
562 2421 660 2456 not.
689 2413 744 2456 ad
776 2415 843 2462 11,
871 2414 910 2457 1.

243 2472 551 2528 corruptione.
611 2469 715 2517 MS.
742 2469 897 2517 Guelf.
926 2471 1083 2524 pollu-

190 2532 337 2574 tione.

190 2586 931 2700 M}‘³s‘⁷“1}uff”‘('2f⁸r‘⁰ffsss⁰m⁰{’i‘c3‘52i⁹f
964 2582 1089 2683 nasi?

190 2702 329 2747 Bodl.
369 2702 451 2751 les.
485 2703 587 2749 edd.
609 2702 713 2745 Put.
736 2701 804 2747 Μ.
832 2710 875 2744 et
896 2699 954 2742 V.
982 2699 1086 2741 Ber.

195 2762 254 2814 (c.
282 2761 429 2806 silent.
454 2759 595 2818 Vict.)
628 2761 727 2804 Ale.
758 2758 964 2802 Rhenan.
991 2771 1089 2815 sqq.

190 2817 391 2865 Pichena
424 2835 447 2861 e
468 2818 555 2860 MS
599 2817 722 2861 Fior.
747 2817 914 2859 adserit
954 2826 1092 2869 seque

186 2876 478 2931 praesidium
520 2876 696 2918 ammis
741 2874 1090 2917 minitarentur,

192 2934 348 2992 ignota
370 2931 591 2976 Victorio.
663 2929 765 2975 MS.
791 2931 901 2986 Reg.
939 2937 982 2971 et
1017 2927 1087 2970 ed.

195 2991 315 3048 Spir.
336 3005 474 3047 seque
489 2991 747 3045 presidium
764 2980 981 3046 ‹51111'nuse
1005 2985 1076 3026 mi
1082 3007 1091 3014 -

193 3050 482 3092 nitarentur.
540 3048 642 3092 MS.
669 3048 776 3105 Agr.
804 3044 1091 3099 praesidium

195 3108 476 3155 tradituros,
536 3105 590 3148 In
623 3104 723 3153 MS.
749 3102 865 3146 Bud.
899 3118 923 3144 a
955 3102 994 3142 1.
1029 3116 1091 3142 m.

196 3163 375 3207 videtur
394 3163 530 3207 fuisse
547 3164 784 3218 praesidii
801 3159 986 3202 ammis.
1041 3157 1093 3198 ln

198 3235 285 3277 qua
319 3220 541 3264 librorum
569 3220 773 3263 varietate
801 3217 956 3261 vitium
991 3213 1094 3257 late·

196 3292 248 3320 re
279 3285 409 3320 ratus'
435 3277 769 3321 Freinshemius
805 3273 1096 3318 emendabat:

194 3335 488 3390 praesidium
510 3336 796 3386 omissuros;
834 3333 930 3389 Bip.
957 3344 1094 3385 prae-

199 3391 317 3437 sidii
366 3392 614 3436 inmunes.
704 3391 791 3435 Sed
829 3389 992 3433 merito
1028 3403 1097 3430 ac-

201 3447 476 3508 quiescimus
499 3448 546 3490 in
570 3449 769 3507 vulgato.
989 3455 993 3459 ’

260 3507 540 3560 castelloque
563 3508 817 3560 egreditur.
878 3503 962 3549 Ed.
981 3502 1098 3562 Spir.

203 3562 408 3614 Castello
431 3563 616 3618 quidem
643 3564 899 3617 egreditur,
930 3569 1100 3624 puncto

201 3618 350 3680 posito
372 3627 474 3679 post
501 3619 692 3675 accepit.

1204 1954 1448 2010 provisum
1487 1953 1578 1996 illic
1608 1950 1912 2011 sacrificium,
1957 1955 2050 1997 im·-

1147 2020 1370 2068 peratum
1394 2011 1636 2062 dictitans,
1671 2019 1721 2053 uc
1743 2020 1827 2054 etc.
1885 2010 1962 2056 Sic
1983 2013 2050 2056 lo-

1153 2086 1259 2114 cum
1297 2068 1551 2127 distinguo,
1604 2076 1653 2111 ut
1686 2070 1910 2112 dictitans
1952 2086 2050 2129 per-

1152 2129 1291 2171 tineat
1320 2126 1375 2169 ad
1410 2143 1569 2171 vocem
1603 2127 1915 2180 imperatum,
1956 2142 2052 2171 non

1154 2185 1210 2229 ad
1237 2184 1561 2242 praecedentia.
1633 2182 1884 2229 Converte:
1923 2186 2053 2229 Dorc

1152 2244 1271 2286 habe
1298 2256 1414 2283 man
1439 2244 1529 2284 das
1556 2240 1703 2297 Opfer
1728 2245 2052 2294 veranstaltet‚

1155 2301 1372 2347 welches,
1411 2301 1582 2353 sprach
1615 2315 1690 2347 er,
1728 2299 1942 2355 befohlen
1975 2314 2055 2357 ει]

1158 2366 1245 2402 etc.
1304 2356 1478 2413 Nempe
1509 2359 1796 2411 imperatum
1829 2373 1882 2399 eo
1914 2359 2053 2415 respi-

1159 2416 1243 2463 cit,
1275 2414 1397 2472 quod
1427 2412 1743 2457 Rhadamistus
1778 2414 1894 2458 iussa
1924 2413 2054 2458 habe·

1158 2474 1236 2516 bat
1264 2471 1418 2529 patris.
1499 2471 1662 2514 Errant
1695 2470 1855 2529 igitur,
1896 2472 1975 2530 qui
2003 2471 2054 2514 id

1159 2529 1437 2573 vocabulum
1485 2545 1568 2586 pro
1620 2529 2055 2585 glossematefferbi

1155 2589 1395 2644 provisum
1419 2585 1660 2643 accipiunt.
1722 2585 1934 2634 Ceterum
1951 2586 2054 2631 MS.

1163 2644 1314 2688 Guelf.
1341 2644 1469 2688 habet
1494 2647 1616 2699 quod
1646 2645 1792 2685 visum
1821 2659 1906 2701 pro
1935 2657 2055 2699 pro-

1162 2705 1328 2745 visum.
1390 2702 1514 2743 ldem
1541 2707 1644 2743 mox
1669 2701 1719 2742 ιή
1742 2702 1990 2744 societate.-

1219 2778 1396 2815 coeant.
1457 2771 1572 2813 Edd.
1597 2770 1702 2813 Pus.
1726 2769 1805 2814 M.=
1822 2780 1866 2814 et
1885 2771 2057 2815 v.·-Be·

1162 2830 1308 2873 roald.
1345 2831 1406 2885 (c.
1445 2829 1625 2872 silentio
1659 2828 1799 2887 Viet.)
1839 2829 1942 2875 Ale·
1974 2845 2059 2875 00-

1164 2890 1320 2930 lzeant.

1220 2958 1475 3012 implicare.
1538 2956 1623 3001 Ed.
1648 2956 1767 3015 Spir.
1803 2959 2057 3012 applicare.

1216 3030 1581 3085 praestringere.
1643 3027 1720 3071 Sic
1744 3028 1845 3072 edd.
1871 3035 2059 3073 recenti.

1163 3087 1267 3131 iude
1298 3101 1321 3127 a
1347 3085 1486 3143 Lipsii
1518 3086 1679 3143 prima.
1740 3085 1925 3129 Veteres
1959 3084 2061 3129 libri

1167 3160 1326 3187 omnes
1353 3146 1685 3198 perstringere.
1766 3142 1884 3186 Illud
1917 3143 2061 3200 aptius

1167 3202 1343 3244 videtur
1378 3203 1481 3245 viris
1515 3201 1658 3243 doctis
1687 3215 1782 3243 uno
1816 3206 1995 3258 excepto
2023 3198 2059 3243 I.

1169 3259 1428 3304 Gronovio.
1536 3257 1897 3315 praepositiones
1924 3268 2063 3310 'prae

1169 3326 1212 3361 et
1241 3331 1330 3371 per
1361 3318 1418 3358 ob
1455 3315 1774 3372 compendium
1816 3313 2062 3371 scripturae

1171 3374 1425 3440 saepissime
1458 3372 1702 3430 permutari
1735 3373 1779 3413 in
1805 3379 1912 3416 vett.
1939 3372 2063 3415 libris

1170 3432 1458 3474 notissimum
1484 3439 1565 3472 est.
1619 3429 1685 3472 cf.
1710 3438 1806 3473 not.
1833 3428 1886 3470 ad
1914 3430 1978 3481 14,
1994 3427 2065 3475 54·

1172 3491 1241 3537 11,
1265 3487 1335 3531 37.
1370 3489 1437 3537 15,
1461 3491 1528 3531 15.
1552 3487 1624 3530 64.
1686 3485 1797 3531 Hist.
1834 3488 1871 3538 1,
1893 3486 1963 3530 29.
1988 3486 2061 3531 84·

1171 3547 1214 3598 2,
1236 3546 1281 3590 4.
1325 3546 1453 3602 .Agr.
1486 3561 1525 3589 c.
1546 3544 1617 3587 23.
1641 3553 1684 3587 et
1704 3542 1822 3586 alibi.

1233 3630 1349 3658 mox
1370 3618 1458 3659 ubi.
1522 3615 1605 3658 Ed.
1630 3614 1750 3672 Spir.
1776 3615 1854 3657 ubi
1867 3628 1996 3659 mox.
