2164 3990
1367 65 1413 79 ·
1683 89 1686 98 ι
2043 94 2049 103 ⁶
2119 70 2164 100 ’ξι

207 226 345 306 ‘153
884 206 1394 292 ANNALIUM
1753 232 1982 317 ,ἳῑὲῑ-’ἐὲἐ

218 354 497 416 iuvenilis
537 357 770 415 animus
809 357 1031 414 levium
1066 371 1304 437 quoque
1334 381 1533 419 rerum
1566 365 1763 438 gloria
1803 358 2074 428 sublatus*

217 442 471 500 maiores
525 443 912 501 continuaret.
1006 441 1366 521 'Secutaque'
1397 448 1607 505 lenitas
1658 451 1723 506 in
1763 450 2074 512 Plautium
2134 443 2138 460 ’Δ

217 529 606 596 Lateranum,
674 547 851 602 quem
905 527 983 582 ob
1028 528 1384 587 adulterium
1427 532 1804 593 Messallinae
1858 540 2075 598 ordine*

209 625 510 671 'remotum
532 612 791 668 reddidit
813 611 1068 679 senatui,
1113 613 1480 672 clementiam
1505 638 1670 675 suam
1695 611 2084 698 obstringens·

217 696 437 757 crebris
475 696 871 764 orationibuS‚
914 716 1057 771 quas
1091 695 1310 762 Seneca
1343 703 1704 762 testificando
1745 729 1923 783 quam
1957 706 2070 767 ho-
2149 696 2151 700 ’

216 796 381 841 nesta
405 781 764 859 praeciperet
785 781 879 836 vel
901 780 1159 838 iactandi
1182 782 1406 857 ingenii
1436 807 1577 844 voce
1610 791 1897 868 principis
1933 795 2069 851 vul-
2113 860 2116 867 ¹

219 871 423 945 gabat..

385 950 522 1021 XII.
589 947 864 1007 Ceterum
912 949 1159 1007 infracta
1209 953 1497 1027 pa'ulatim
1543 961 1803 1031 potentia
1859 965 2064 1021 matris

208 1040 452 1114 ¹delapso
468 1035 704 1092 Nerone
730 1034 794 1090 in
820 1055 1078 1091 amorem
1103 1037 1348 1094 libertae
1363 1085 1379 1108 ‚
1423 1040 1518 1096 cui
1543 1045 1895 1103 vocabulum
1918 1046 2065 1107 Acte

215 1113 359 1194 fuit,
401 1120 578 1178 simul
611 1120 933 1195 adsumptis
967 1121 1032 1176 in
1073 1123 1490 1180 conscientiam
1524 1122 1769 1184 Othone
1808 1142 1865 1188 et
1886 1129 2068 1190 Clau-

214 1211 313 1269 dio
350 1206 673 1266 Senecione
707 1205 1157 1263 adulescentulis
1197 1209 1452 1280 decori3‚
1495 1232 1751 1287 quorum
1778 1210 1944 1272 Otho
1979 1218 2071 1274 fa-

212 1295 380 1353 milia
415 1290 739 1362 consulari‚
783 1290 1029 1362 Senecio
1069 1292 1279 1351 liberto
1317 1292 1579 1353 Caesaris
1616 1310 1781 1373 patre
1818 1301 2067 1375 genitUS.

213 1511 278 1538 m.
304 1480 407 1536 edd.
431 1467 548 1548 Lips.
573 1503 672 1546 sqq.
721 1487 948 1543 principis
968 1488 1105 1534 MSS.
1233 1492 1496 1537 Senecione.
1567 1495 1644 1540 Sic
1670 1495 1768 1541 MS.
1789 1496 1826 1540 F
1827 1497 1912 1542 lor.
1948 1499 2063 1553 (test.

211 1550 347 1596 Bodl.
375 1553 415 1603 (a
435 1549 626 1603 seesrn.)
658 1543 807 1588 Guelf.
835 1555 878 1588 et
901 1545 1106 1605 plerique
1175 1547 1313 1606 Vici.)
1348 1551 1449 1594 edd.
1478 1551 1620 1595 Rhen.
1650 1570 1701 1611 sq
1741 1586 1754 1598 .
1813 1554 2063 1600 Senett'one

212 1608 350 1654 MSS.
377 1605 478 1648 edd.
504 1603 620 1660 Spir.
644 1602 744 1646 Put.
768 1602 838 1647 M.
862 1611 904 1647 et
917 1603 975 1646 V.
998 1604 1103 1648 Ber.
1177 1605 1279 1649 edd.
1305 1607 1422 1664 Spir.
1445 1607 1545 1652 Put.
1571 1610 1638 1653 M.
1664 1620 1707 1654 et
1775 1645 1788 1656 .
1822 1611 1928 1656 Ber.
1962 1614 2064 1659 Alc.

213 1665 314 1713 Alc.
343 1663 486 1707 Rhen.
512 1661 616 1704 Ald.
1177 1663 1449 1706 Senectione
1477 1666 1578 1712 MS.
1610 1667 1760 1712 Guelf.
1842 1670 1931 1714 Sed
1959 1685 2063 1714 mox

269 1722 442 1766 levium
475 1734 670 1775 quoque.
753 1718 855 1762 MS.
893 1717 1042 1763 Guelf.
1079 1734 1104 1763 a
1175 1720 1298 1764 idem
1318 1720 1525 1767 Senecio,
1921 1745 1926 1751 ·

210 1799 279 1840 pr.
293 1797 354 1823 m.
371 1779 623 1832 leuiumque
637 1790 652 1819 .·
684 1793 773 1822 sec.
790 1793 872 1826 m.‚
894 1785 942 1821 ut
962 1793 1105 1837 saepe,
1232 1780 1612 1826 adulescentulis,
1668 1781 1746 1828 Sic
1765 1791 1942 1841 praeter
1959 1784 2064 1831 MS.

211 1840 318 1885 feeit
341 1850 535 1892 quoque.
1175 1834 1300 1879 Flor.
1335 1836 1467 1880 etiam
1501 1839 1568 1883 ed.
1599 1839 1717 1897 Spir.
1779 1840 1840 1884 cf.
1874 1850 1970 1886 not.
2006 1844 2062 1887 ad

268 1897 450 1938 lenitas.
512 1891 594 1934 Ed.
619 1891 737 1949 Spir.
759 1893 942 1936 levitas.
1180 1896 1216 1944 1,
1239 1893 1281 1937 3.
1312 1916 1368 1926 —
1427 1891 1528 1939 MS.
1555 1894 1704 1941 Guelf.
1729 1901 2061 1943 adoloscentu-

268 1954 317 1996 in
347 1951 589 1994 Plautium
620 1949 935 1993 Lateranum.
1015 1950 1102 1994 Ed.
1173 1953 1244 1993 lis.

211 2012 328 2071 Spir.
351 2010 396 2051 in
415 2007 646 2062 palatium
669 2008 952 2052 lateranum.
1000 2007 1104 2052 MS.
1230 2008 1428 2061 genitus.
1500 2008 1640 2054 Plena
1692 2010 1917 2068 distinctio
1958 2023 2062 2074 post

213 2067 365 2114 Guelf.
400 2063 501 2108 edd.
539 2062 639 2105 Put.
673 2062 742 2106 M.
775 2071 817 2104 et
842 2062 897 2107 V.
922 2065 1022 2109 Alc.
1054 2067 1102 2108 in
1171 2066 1352 2120 genitus
1385 2067 1595 2123 ponenda
1627 2078 1743 2119 erat,
1785 2079 1832 2113 ut
1857 2070 1930 2114 hic
1961 2087 2060 2115 sen-

209 2124 455 2172 Plantium
492 2121 580 2176 (vel
603 2119 865 2176 Plancium>
896 2121 1099 2165 Latera·
1171 2123 1310 2167 tentia
1340 2123 1607 2168 absolvatur.
1687 2125 1739 2168 In
1773 2129 2061 2184 sequentibus

209 2200 341 2230 num.
415 2178 657 2236 Vulgatum
691 2177 855 2220 habent
888 2179 987 2223 edd.
1020 2180 1102 2223 Be·
1172 2179 1228 2222 ad
1270 2181 1462 2226 verbum
1498 2183 1766 2235 inrepserat
1809 2185 2061 2243 intelligen-

210 2239 362 2291 roald„
395 2239 454 2294 (c.
487 2236 635 2280 silent.
656 2233 797 2291 Viet.)
824 2234 967 2281 Rhen.
1001 2253 1098 2296 sqq.
1172 2237 1280 2280 dum
1305 2247 1369 2280 est
1391 2238 1520 2281 Acte.
1578 2239 1730 2298 Vulgo
1756 2243 2059 2300 coniungunt:

211 2300 272 2345 cf.
301 2299 368 2348 11,
391 2295 459 2339 36.
548 2295 662 2337 Voc.
695 2293 862 2335 ordine
897 2293 1020 2338 deest
1053 2297 1101 2339 in
1170 2309 1368 2350 quorum
1394 2296 1515 2338 Otho
1528 2296 1574 2352 f.
1596 2312 1656 2348 c.‚
1697 2297 1746 2342 S.
1768 2301 1797 2341 l.
1828 2299 1876 2343 C.
1895 2316 1945 2355 p.
1974 2317 2053 2356 ge-

211 2357 361 2402 Oxon.
386 2354 422 2397 Ι.
446 2350 655 2397 Gronov.
1170 2353 1317 2402 nitus,
1347 2353 1520 2405 ignara
1542 2362 1724 2406 matre,
1753 2357 1862 2399 dein
1886 2389 1898 2401 .
1915 2389 1926 2400 .
1945 2389 1957 2400 .
1981 2359 2058 2401 in..

268 2415 340 2457 vel
380 2409 604 2454 iactandi.
689 2407 767 2453 Sic
803 2406 940 2452 MSS.
973 2407 1100 2452 Flor.
1170 2417 1396 2462 repserat.
1478 2411 1567 2453 Sed
1602 2411 1700 2469 quis
1727 2412 1840 2457 feret
1867 2422 2061 2460 structu-

209 2467 479 2530 (test.Pich.)
503 2466 605 2510 Vat.
636 2464 686 2520 (t.
697 2465 837 2524 Lips.)
860 2465 978 2509 Bud.
1007 2467 1094 2524 (pr.
1168 2482 1290 2509 ram:
1323 2482 1522 2523 quorum
1542 2467 1596 2511 0.
1626 2476 1670 2510 et
1682 2468 1732 2512 S.
1757 2471 2063 2526 inrepserat?

208 2532 292 2587 m.)
328 2526 430 2570 edd.
455 2523 572 2583 [ἀρε.
596 2538 695 2582 sqq.
769 2523 1000 2567 Victorius
1034 2524 1100 2565 in·
1169 2523 1217 2565 in
1258 2540 1347 2582 qua
1372 2541 1453 2567 vox
1486 2541 1683 2581 quorum
1719 2526 1888 2573 indicat
1922 2529 2060 2576 fuisse

207 2594 374 2634 tactam
416 2581 599 2639 reliquit
643 2580 914 2639 scripturam
957 2595 1100 2624 causa
1169 2590 1344 2638 praeter
1384 2581 1615 2626 Othonem
1663 2592 1704 2628 et
1743 2585 2058 2639 Senecionem,

207 2641 439 2693 iactandi,
480 2638 647 2682 omisso
682 2642 777 2692 vel,
818 2653 932 2696 quae
957 2647 1021 2682 est
1049 2638 1098 2681 in
1169 2639 1244 2696 qui
1265 2639 1500 2697 inrepsisse
1523 2655 1618 2682 non
1643 2640 1971 2701 dicantur„qui
1996 2653 2059 2690 ta-

206 2699 343 2748 MSS.
371 2696 519 2742 Guelf.
542 2697 651 2753 Agr.
678 2705 720 2739 et
741 2695 875 2754 pleris
911 2711 965 2738 ue
989 2696 1098 2747 aliis,
1167 2710 1273 2738 rnen
1287 2695 1358 2739 hic
1379 2703 1481 2738 sunt
1505 2695 1631 2740 nulli.
1676 2696 1772 2740 Nee
1793 2701 2059 2755 inrepserat

207 2760 309 2803 edd.
343 2756 458 2815 Spir.
494 2754 596 2797 Put.
626 2753 694 2796 M.
732 2761 775 2797 et
796 2751 852 2796 V.
928 2754 1096 2797 eroald.
1167 2751 1215 2794 in
1238 2769 1366 2796 num.
1386 2752 1500 2810 sing.
1523 2753 1576 2796 de
1591 2753 1769 2797 duobus
1786 2756 1877 2801 dici
1896 2767 2057 2816 potest.

206 2816 308 2876 Alc.
398 2813 437 2856 E
472 2811 576 2854 MS.
610 2811 749 2862 Bud„
801 2810 873 2855 cui
908 2827 998 2854 sec.
1032 2827 1093 2853 m.
1169 2807 1308 2864 Quod
1335 2825 1373 2852 c.
1402 2810 1469 2853 15.
1499 2810 1687 2868 legimus
1713 2826 1819 2856 nox
1842 2823 1888 2857 et
1912 2817 2055 2860 lasci.

208 2871 376 2918 addidit
397 2884 567 2919 causa,
607 2867 847 2911 Rhenanus
881 2868 1001 2911 dedit
1025 2869 1101 2910 vel
1166 2867 1243 2909 via
1298 2875 1564 2917 exemerat,
1631 2868 1722 2913 huc
1777 2887 1871 2915 non
1929 2872 2058 2920 facit.

208 2945 346 2974 caasa
370 2927 592 2971 iactandi.
646 2924 929 2969 Vocabulum
953 2939 1096 2967 causa
1165 2924 1279 2967 Nam
1314 2923 1443 2968 huius
1481 2926 1654 2983 generis
1684 2927 1884 2972 subiecta
1924 2929 2058 2989 plura

206 2988 253 3031 in
285 2986 448 3032 talibus
478 2984 588 3028 locis
611 2982 767 3026 Tacito
802 2983 948 3025 omitti
980 2980 1094 3026 vidi·
1166 2981 1301 3024 verbo
1326 2981 1438 3040 sing.
1465 2998 1593 3028 num.
1618 2984 1722 3027 addi
1757 3000 1885 3043 posse
1917 3003 2056 3033 nemo

206 3061 308 3090 mus
332 3044 374 3092 2,
397 3043 465 3086 59.
539 3042 630 3083 Vel
658 3040 909 3083 necessario
943 3039 1094 3082 adesse
1165 3039 1326 3089 nescit,
1367 3048 1408 3081 et
1443 3041 1636 3097 exempla
1670 3050 1774 3084 sunt
1803 3042 2060 3092 innumera.

206 3103 411 3148 videtur.
459 3098 742 3156 Utrumque,
783 3099 855 3138 vel
881 3105 923 3139 et
951 3110 1094 3138 causa
1164 3094 1418 3153 Speciosius
1443 3105 1505 3139 est
1528 3100 1595 3149 12,
1606 3098 1679 3142 45.
1705 3100 1923 3154 militum,
1955 3103 2056 3159 quis

206 3160 253 3203 in
285 3157 421 3202 MSS.
501 3173 547 3199 er
588 3154 906 3211 compendium
950 3152 1095 3196 solent
1169 3153 1353 3195 Caelius
1382 3153 1530 3196 Pollio
1558 3159 1848 3211 praefectus,
1877 3168 2052 3202 centu-

207 3215 367 3264 scribi,
399 3231 458 3257 un
496 3230 517 3256 e
538 3212 681 3257 facilis
708 3211 792 3254 fuit
816 3227 960 3255 error.
1164 3213 1236 3252 rio
1253 3210 1497 3264 Casperius
1513 3221 1754 3265 praeerat.
1814 3214 1902 3259 Sed
1914 3232 2052 3272 prae·-

265 3271 379 3316 CAP.
408 3273 474 3313 12.
535 3273 665 3314 Acte.
726 3265 1094 3326 Edd.Spir.Put.
1163 3274 1270 3309 erat
1306 3267 1360 3310 ad
1397 3269 1618 3325 posterius
1657 3271 1913 3314 membrum
1957 3281 2053 3318 tan-

206 3329 274 3373 M.
294 3337 337 3370 et
361 3329 416 3369 V.
442 3329 542 3370 Ber.
570 3329 626 3383 (c.
654 3326 799 3369 silent.
823 3326 960 3382 Vict.)
986 3323 1090 3367 Ale.
1163 3333 1262 3368 tum
1297 3329 1513 3382 pertinen
1553 3327 1607 3369 ad
1640 3328 1765 3385 prius
1794 3330 2052 3385 membrum

208 3403 250 3430 c.
280 3385 379 3429 MS.
413 3383 564 3427 Guelf.
599 3387 770 3435 Actae,
826 3392 874 3426 ut
911 3381 1093 3429 volebat
1163 3381 1465 3439 supplendum
1484 3393 1547 3426 est
1569 3392 1687 3427 erat.
1731 3384 1856 3440 Quid
1881 3388 2057 3434 multa?

205 3441 430 3487 Heinsius.
514 3445 626 3483 Acte
669 3441 770 3485 edd.
810 3439 953 3483 Rhen.
995 3453 1091 3496 sqq.
1164 3438 1270 3482 Duo
1293 3441 1492 3482 subiecta
1520 3457 1731 3498 personas
1757 3442 2051 3499 praeferentia

206 3499 307 3544 MS.
334 3495 486 3541 Guelf.
517 3496 624 3540 haee
655 3497 783 3555 ponit
812 3498 989 3541 inverso
1021 3512 1092 3540 or·
1164 3495 1364 3553 sequitur
1387 3498 1571 3539 verbum
1592 3498 1705 3555 sing.
1729 3515 1882 3550 num.,
1921 3502 1957 3543 si
1987 3502 2053 3545 di·

207 3558 336 3602 dine:
365 3556 511 3600 Actae
532 3557 819 3601 vocabulum.
1109 3558 1114 3562 ’
1163 3569 1289 3598 versa
1322 3552 1377 3598 de
1407 3563 1601 3614 utroque
1637 3555 1840 3603 subiecto
1879 3559 2055 3615 praedia-
