2164 3990
197 201 324 259 230

880 154 1394 258 ANNALIUM

1938 0 1963 22 l

1743 193 1799 229 A·
1818 194 1872 230 U.
1887 163 1972 230 81³.

1744 237 1798 273 A.
1818 236 1865 274 C.
1906 236 1973 273 60.

203 330 500 402 incusaret
520 326 853 404 principem
879 337 938 384 et
958 326 1256 402 pupillum
1278 339 1545 399 vocaret,
1587 328 1694 405 qui
1715 329 1889 388 iussis
1912 329 2059 388 alie-

205 415 300 473 nis
322 412 614 471 obnoxius
635 433 762 470 non
784 412 964 469 modo
989 411 1254 486 imperii,
1296 414 1399 471 sed
1428 414 1716 471 libertatis
1749 416 1926 473 etiam
1960 415 2058 472 in-
2119 421 2123 427 '

206 500 449 576 digeret.
533 496 656 557 Cur
681 496 842 554 enim
869 495 1360 573 differri‘nuptias
1387 499 1559 556 suas?
1610 500 1864 557 formam
1898 500 2061 557 scili-

207 597 300 645 cet
337 583 646 660 displicere
688 593 744 639 et
777 577 1163 656 triumphales
1199 603 1370 654 avos,
1436 604 1514 641 an
1545 585 1966 643 fecunditatem
2002 595 2063 643 et

205 691 416 729 verum
450 669 714 727 animum
749 666 980 737 timeri,
1023 686 1099 722 ne
1122 688 1272 724 uxor
1298 669 1502 725 saltem
1527 669 1778 728 iniurias
1803 681 2060 746 patrum,

204 755 360 813 iram
401 753 611 832 populi
655 752 935 808 adversus
980 753 1317 827 superbiam
1374 755 1797 833 avaritiamque
1856 755 2064 813 matris

206 841 451 918 aperiat.

548 838 709 916 quod
744 836 795 893 si
831 857 1054 894 nurum
1087 836 1420 913 Agrippina
1462 858 1588 895 non
1631 841 1751 896 nisi
1797 841 1919 897 filio
1965 840 2067 896 in-‘

205 928 413 991 festam
434 926 587 984 ferre
610 933 835 1001 posset,
858 923 1143 980 reddatur
1164 918 1569 999 ipsa-Othonis
1593 926 1883 1000 coniugio.
1941 926 2061 983 itu-

1026 1140 1105 1189 Sic

1042 1201 1105 1243 At

267 1144 502 1189 incusaret
531 1172 544 1185 .
570 1172 583 1186 .
609 1175 620 1185 .
656 1149 845 1185 vocaret
870 1174 882 1186 .
907 1173 918 1184 .
944 1172 957 1185 .

205 1202 343 1247 MSS.
375 1209 418 1244 et
449 1207 561 1247 vett.
594 1200 697 1245 edd.
732 1214 971 1244 consensu.

206 1259 384 1319 Lipsius
406 1274 505 1318 sqq.
534 1260 750 1301 incusare
773 1288 808 1303 ..
822 1289 834 1306 ,
853 1272 1020 1303 vocare
1043 1289 1054 1300 .
1068 1288 1078 1300 .
1093 1287 1104 1298 .

205 1315 439 1361 Ernestius
458 1315 690 1362 revocavit
709 1322 903 1362 veterem
916 1347 928 1366 ‚
958 1314 1104 1358 Ober-

209 1375 330 1418 linus
352 1390 403 1417 re
438 1374 529 1418 etiit
541 1372 792 1431 Lipsianam
819 1367 1102 1436 scripturam.

207 1432 340 1475 Hanc
371 1391 621 1490 pliiniorem
652 1447 744 1474 esse
775 1429 947 1474 dicunt.
1011 1429 1098 1472 Ve-

207 1506 311 1533 rum
354 1505 451 1532 non
493 1487 759 1546 simplicite-r
802 1487 910 1531 haec
954 1494 1106 1530 narrat

208 1546 407 1599 Tacitus,
428 1546 504 1590 sed
527 1554 575 1589 ut
598 1545 802 1589 ostendat
826 1544 874 1588 in
897 1562 950 1588 eo
969 1545 1105 1587 fuisse

209 1620 416 1657 causam,
456 1620 538 1648 cur
560 1603 682 1646 Nero
708 1603 850 1646 scelus
874 1618 967 1646 non
988 1601 1104 1645 ultra

213 1661 453 1706 distulerit.
546 1661 680 1725 Quae
725 1661 862 1717 igitur
911 1669 977 1704 est
1023 1675 1105 1716 pro

210 1722 372 1777 quippe
408 1734 543 1777 quae.
616 1718 675 1765 cf.
713 1719 811 1765 Cic.
845 1734 932 1777 pro
966 1717 1104 1760 Rosc·

207 1779 367 1827 Amer.
404 1794 445 1821 c.
481 1778 551 1821 18.
595 1777 806 1819 convivia
838 1782 1109 1831 cum.patre

210 1850 306 1878 non
331 1837 498 1885 inibat,
538 1837 703 1892 quippe
727 1833 810 1890 qui
827 1849 884 1876 ne
906 1836 954 1876 in
977 1832 1107 1887 appi·-

210 1897 325 1938 dum
356 1895 540 1950 quidem
572 1894 669 1935 nisi
683 1906 888 1947 perraro
914 1893 1107 1934 veniret.

209 1949 358 1994 Tacit.
383 1950 495 1994 Hist.
512 1950 635 2002 239.
667 1950 800 1991 mile-s
822 1952 1004 2000 alacer,
1034 1948 1116 2003 qui

176 2023 179 2026 ·
212 2016 374 2051 tamen
415 2011 544 2052 iussa
585 2011 756 2050 ducum
806 2004 1116 2063 interpretari

212 2080 358 2122 quam
379 2066 572 2122 exsequi
591 2067 772 2107 mallet.
831 2063 946 2109 Ibid.
971 2063 1011 2114 3,
1035 2061 1107 2105 38.

211 2125 424 2167 exercitu
449 2124 579 2166 vario
605 2155 614 2164 .
639 2153 650 2164 .
672 2152 684 2165 .
710 2123 786 2164 cui
805 2153 816 2164 .
841 2151 853 2164 .
877 2153 888 2165 .
914 2122 1110 2163 interes·

211 2189 333 2229 sent.
393 2182 461 2230 lb.
485 2181 526 2232 4,
546 2181 619 2223 61.
652 2188 806 2222 vetere
835 2182 965 2233 apud
991 2177 1111 2220 Ger-

213 2253 384 2288 manos
404 2252 559 2290 more,
596 2252 684 2293 quo
702 2240 950 2293 plerasque
959 2236 1109 2293 semi-

213 2301 388 2341 narum
405 2296 636 2353 fatidicas
663 2304 707 2338 et
729 2301 1010 2349 augescente
1031 2308 1109 2335 su·-

209 2355 490 2412 perstitione
512 2354 801 2396 arbitrentur
821 2354 952 2397 deas.
1009 2351 1112 2399 Vid.

156 2429 159 2433 ·
213 2411 279 2462 ibi
311 2421 408 2458 not.
471 2410 583 2454 lbid.
607 2410 651 2462 4,
672 2410 743 2454 81.
781 2411 935 2458 multa
963 2410 1113 2453 mira-.

214 2472 322 2518 cula
347 2483 541 2516 evenere
556 2501 568 2519 ,
612 2469 715 2523 quis
739 2468 859 2512 coeli
875 2467 1027 2524 favor
1050 2498 1062 2510 .
1077 2499 1088 2510 .
1103 2500 1115 2517 .

216 2530 557 2575 ostenderetur.
616 2524 842 2571 Vertranii
864 2525 1115 2582 transposi-

216 2585 311 2637 tio,
352 2602 400 2631 ex
429 2599 515 2646 qua
540 2582 640 2632 vult
661 2583 769 2641 legi:
814 2583 990 2626 crebris
1025 2585 1116 2625 cri-

220 2643 555 2688 minationibus
577 2642 720 2688 incus.
742 2655 816 2696 pr.
839 2648 885 2684 et
910 2654 996 2696 per
1013 2641 1116 2696 sac.

214 2716 327 2756 pap.
358 2715 484 2752 voc.,
514 2698 640 2749 nihili
675 2707 754 2743 est.
816 2697 932 2742 Nam
961 2698 1117 2745 Verba:

219 2759 392 2805 crebris
433 2757 830 2805 criminationibus
866 2771 962 2800 non
1006 2771 1114 2814 pos-

221 2823 325 2863 sunt
355 2814 571 2871 coniungi
604 2830 707 2862 cum
729 2817 991 2867 incusaret,
1029 2829 1118 2861 nec

220 2872 471 2923 Neronem,
499 2871 576 2915 sed
601 2871 896 2930 Agrippinam
913 2869 1119 2928 Poppaea

222 2929 561 2974 criminabatur.
623 2929 860 2976 Ablativus
883 2928 1019 2985 igitur
1041 2943 1121 2986 per

221 3004 269 3035 se
295 2996 492 3045 constat,
533 2986 765 3030 intellecto
795 2985 1016 3033 adhibitis
1046 2982 1119 3030 vel

223 3046 483 3099 usurpatis.
573 3044 833 3092 Sententiaz
894 3050 1122 3101 praeterea

225 3103 349 3161 quod
374 3104 554 3151 crebras
574 3101 910 3151 criminationes
935 3099 1120 3146 adhibe-

226 3168 319 3212 ret,
367 3159 606 3222 aliquando
650 3158 784 3207 etiam
833 3167 919 3202 etc.
965 3157 1121 3212 (unter-

225 3219 445 3274 hdufigen
467 3219 714 3275 Anldagen
730 3250 739 3267 ,
779 3216 1012 3261 bisweilen
1036 3214 1120 3256 mit

227 3272 398 3330 Spatt).
470 3275 680 3322 Ceterum
711 3282 811 3333 post
845 3286 1043 3327 sperans
1072 3271 1120 3313 in

228 3331 330 3378 MS.
366 3332 518 3376 Guelf.
556 3332 719 3390 legitur
749 3346 882 3388 quae.
950 3329 1123 3374 Ibidem

229 3390 374 3432 etiam
406 3391 635 3433 libertatis
666 3405 750 3449 pro
783 3390 960 3447 vulgato
985 3389 1123 3431 liber·-

231 3446 346 3495 ,tatis
376 3448 536 3491 etiam.

273 3529 490 3594 ‚formam
526 3560 537 3575 .
568 3562 578 3575 .
605 3562 617 3577 .
653 3531 884 3576 animum.
955 3528 1128 3593 Lipsius

1174 1141 1234 1186 ita
1268 1142 1501 1200 distinguit
1527 1142 1707 1192 locum,
1747 1149 1798 1185 ut
1831 1141 2071 1187 accusativi

1163 1201 1509 1258 secunditatem
1551 1208 1593 1243 et
1640 1214 1804 1244 verum
1845 1199 2069 1251 animum

1177 1259 1399 1318 pendeant
1420 1275 1442 1301 e
1466 1258 1606 1302 verbo
1630 1258 1895 1313 displicere,
1927 1273 2023 1301 non
2046 1273 2072 1301 e

1177 1317 1347 1358 timeri.
1403 1315 1587 1359 Rectius
1614 1323 1766 1358 tamen
1794 1314 1851 1356 ad
1877 1322 2070 1358 veterem

1174 1373 1352 1430 legendi
1390 1372 1610 1415 rationem
1654 1371 1928 1424 redibimus,
1985 1387 2073 1430 qua

1176 1431 1336 1475 timeri
1354 1431 1550 1489 pertinet
1580 1429 1635 1474 ad
1649 1430 1995 1487 secunditatem
2029 1437 2074 1472 et

1175 1505 1341 1536 verum
1365 1489 1600 1531 animum.
1660 1487 1799 1544 Signa
1819 1495 1970 1530 tamen
1999 1487 2076 1530 in-

1177 1546 1466 1604 terrogandi,
1516 1561 1629 1603 quae
1670 1544 1808 1602 vulgo
1840 1555 2073 1602 ponuntur

1176 1612 1279 1663 post
1304 1617 1415 1645 avos
1436 1611 1478 1646 et
1498 1605 1741 1652 animum,
1781 1601 1939 1646 delevi.
1999 1602 2074 1646 Nil

1179 1663 1295 1705 enim
1321 1659 1679 1716 interrogationis
1700 1658 1774 1702 hic
1796 1668 1886 1711 est3
1928 1659 2073 1703 immo

1178 1734 1449 1777 responsum
1473 1718 1529 1762 ad
1555 1715 1898 1775 praecedentem
1928 1717 2075 1761 inter-

1177 1775 1464 1836 rogationem
1506 1773 1680 1819 ironice
1714 1773 1915 1818 dictum:
1955 1775 2073 1832 for-

1180 1850 1314 1877 mam
1344 1834 1516 1876 scilicet
1547 1833 1802 1892 displicere,
1870 1830 2080 1876 Editores

1181 1891 1355 1949 decepit
1393 1889 1608 1948 particula
1652 1904 1745 1938 an,
1793 1905 1880 1948 qua
1915 1889 2078 1934 Noster

1181 1950 1322 1999 utitur
1353 1948 1424 1992 vel
1461 1948 1554 1990 sine
1590 1947 1956 2005 interrogatione.
2018 1946 2079 1998 cf.

1181 2009 1225 2061 ⁰2,
1249 2006 1321 2049 42.
1353 2007 1505 2062 finem
1537 2005 1661 2046 vitae
1688 2012 1853 2060 sponte
1879 2019 1945 2048 an
1969 2005 2080 2061 fato

1181 2064 1403 2116 implevit.
1465 2061 1533 2113 13,
1560 2063 1601 2104 9.
1632 2069 1678 2104 et
1701 2063 1956 2115 Vologeses
1987 2077 2079 2119 quo

1181 2125 1357 2165 bellum
1391 2135 1454 2162 ex
1487 2122 1730 2161 commodo
1757 2127 1982 2176 pararet,
2015 2134 2081 2162 an

1184 2187 1233 2223 ut
1248 2178 1578 2221 aemulationis
1594 2185 1827 2233 suspectos
1850 2210 1860 2221 .
1880 2210 1891 2220 .
1910 2207 1921 2219 .
1946 2193 2080 2219 amo·

1183 2244 1333 2291 vetet,
1386 2236 1530 2279 tradit
1576 2243 1662 2278 etc.
1746 2234 1813 2286 13,
1857 2236 1925 2278 12.
1963 2235 2080 2291 fato

1183 2297 1412 2352 quodam,
1452 2307 1516 2336 an
1547 2293 1658 2348 quia
1674 2295 1951 2347 praevalent
1973 2293 2086 2337 inli-

1184 2353 1300 2400 cita‚
1323 2352 1621 2394 abhorrebat.
1656 2349 1950 2394 Germanice:
1972 2353 2085 2393 oder

1186 2412 1255 2453 ob.
1315 2406 1545 2452 Sententia
1567 2407 1687 2451 enim
1711 2415 1797 2458 est,
1827 2423 1873 2450 se
1895 2407 2086 2461 nescire,

1185 2476 1339 2511 utrum
1360 2465 1472 2508 illud
1495 2464 1737 2522 displiceat,
1756 2482 1811 2509 an
1832 2464 1919 2508 boc
1932 2464 2084 2514 timea-

1186 2534 1289 2578 tur3
1320 2522 1428 2566 dicit
1448 2530 1596 2565 autem
1619 2533 1694 2567 aut
1715 2521 1826 2566 illud
1849 2520 2083 2580 displicere

1188 2591 1264 2626 aut
1284 2582 1371 2625 hoc
1390 2580 1554 2623 timeri.
1606 2579 1749 2623 Video
1763 2578 2082 2638 Kiessli'ngium

1188 2640 1319 2700 plane
1342 2653 1521 2681 mecum
1547 2637 1820 2681 consentire.

1240 2729 1422 2778 posset,
1453 2724 1694 2765 reddatur.
1755 2720 1988 2765 Acidalius
2013 2721 2082 2765 vel

1182 2779 1335 2838 possit
1387 2778 1457 2822 vel
1511 2782 1787 2826 redderetur
1847 2779 2087 2837 legendum

1192 2837 1413 2882 censebat.
1473 2834 1704 2880 Ernestius
1737 2836 1898 2894 probat
1932 2845 2088 2895 poste-

1190 2897 1284 2940 rius
1341 2900 1528 2951 propter
1581 2894 1826 2951 sequentia.
1912 2898 2087 2938 Verum

1192 2951 1359 3011 optime
1387 2958 1503 2994 stant
1525 2953 1660 2998 verba
1680 2959 1836 3009 posset
1858 2959 1900 2994 et
1919 2955 2088 2995 redda-

1193 3018 1288 3053 tur.
1358 3008 1523 3051 Posset
1567 3018 1632 3052 est
1674 3010 1894 3068 optativus
1929 3010 2087 3052 eodem

1192 3068 1291 3111 iure
1307 3066 1477 3126 positus
1497 3082 1586 3124 quo
1604 3074 1690 3109 este
1717 3067 1886 3123 quodsi
1898 3082 2091 3110 summa

1191 3123 1570 3168 dissimulatione
1651 3125 2089 3167 transmitterentur

1196 3182 1262 3235 13,
1276 3182 1349 3224 49.
1394 3181 1644 3226 Reddatur
1664 3181 1828 3239 pendet
1848 3197 1897 3223 ex
1919 3179 2086 3225 omisso

1190 3237 1416 3284 infinitivo
1463 3241 1706 3298 praesentis
1750 3238 1991 3296 temporis,
2044 3244 2093 3279 ut

1195 3299 1371 3345 iubere,
1420 3300 1679 3353 postulare.
1750 3296 1837 3340 Sed
1868 3295 1959 3339 vid.
1992 3302 2091 3337 not.

1196 3355 1250 3398 ad
1277 3357 1315 3404 1,
1333 3355 1402 3405 19.
1428 3362 1471 3396 et
1496 3356 1693 3414 exempla
1715 3353 1776 3397 ibi
1799 3352 1940 3395 adlata
1963 3351 2090 3395 eSal·

1196 3412 1347 3456 lustio.
1408 3412 1620 3456 Ceterum
1653 3427 1746 3455 non
1778 3409 1942 3460 silebo,
1982 3417 2091 3451 teste

1199 3469 1401 3514 Victorio
1423 3470 1471 3512 in
1494 3469 1595 3513 MS.
1619 3468 1743 3514 Flos.
1769 3465 1854 3525 legi
1877 3467 2092 3514 redditus·

1200 3543 1283 3585 pro
1309 3530 1559 3576 reddatur.
