2164 3990
189 200 271 284 32
858 197 1367 266 ANNAMUM

188 341 337 406 post
357 331 657 405 transfuga
669 375 697 401 ,.
716 330 958 390 ¹levibus
978 329 1237 404 navigiis
1248 332 1705 406 praedabundus
1734 333 2050 394 Gallorum

190 415 444 475 maxime
478 437 643 473 oram
675 418 969 485 vastabat,
1025 435 1150 472 non
1197 416 1436 490 ignarus
1484 418 1740 478 ditesset
1783 421 2051 479 imbelles

176 521 333 579 gesse.
404 497 489 561 At.
509 500 772 560 Corbulo
798 500 1167 578 provinciam
1195 501 1488 575 ingressus
1513 523 1725 577 magna
1749 511 1882 578 cum
1897 527 2051 564 -cura

195 599 251 645 et
271 607 410 644 mox
435 587 651 660 gloria,
691 587 788 643 cui
823 584 1183 661 principium
1219 586 1321 643 illa
1351 588 1564 644 militia
1598 589 1742 660 fuit,
1785 591 2052 648 triremes

194 673 363 730 alveo
403 668 638 743 Rheni,
668 713 674 731 .
705 683 923 728 ceteras
966 670 1210 727 navium
1261 684 1328 731 ut
1371 681 1635 750 quaeque
1678 670 1904 733 habiles
1945 695 2053 751 per

194 757 484 816 aestuaria
523 769 581 815 et
616 758 797 814 fossas
823 754 1043 829 adegit:
1088 755 1483 834 lintribusque
1520 754 1782 817 hostium
1815 762 2054 836 depres-

127 835 132 839 χ
197 844 275 901 sis
311 855 368 900 et
406 844 709 901 exturbato
747 840 1091 910 Gannasco,
1132 841 1246 898 ubit
1275 844 1602 916 praesentia
1637 846 1778 904 satis>
1812 866 2054 921 compo-

196 929 307 987 sita
344 940 509 999 sunt,
560 928 822 1002 legiones
853 946 1099 1002 operum
1142 937 1199 983 et
1234 926 1455 984 laboris
1488 928 1752 1001 ignaras,
1801 931 2057 1007 popula-

194 1015 458 1072 tionibus
498 1015 779 1070 laetantes
812 1023 1069 1068 veterem
1105 1011 1180 1067 ad
1227 1032 1455 1068 morem
1491 1014 1754 1084 reduxit,
1804 1036 1881 1073 ne
1923 1015 2055 1093 quis

195 1100 430 1174 agmine
465 1099 771 1157 decederet
794 1116 902 1154 nec
928 1116 1188 1173 pugnam
1212 1097 1328 1153 nisi
1354 1097 1546 1155 iussus
1571 1098 1766 1160 iniret.
1852 1100 2056 1158 statio-

195 1206 332 1257 neS,
367 1184 637 1259 vigiliae,
682 1181 898 1240 diurna
931 1193 1338 1259 nocturnaque
1370 1183 1679 1265 munia-in
1714 1185 1892 1242 armis
1933 1185 2058 1258 agi·

196 1272 495 1330 tabantur.
587 1268 904 1345 feruntque
933 1266 1213 1337 militem,
1267 1267 1404 1344 quia
1442 1269 1667 1325 vallum
1706 1290 1832 1327 non
1862 1269 2059 1328 accin-

199 1368 353 1427 ctuS,
395 1366 569 1431 atque
602 1353 816 1423 alium,
859 1352 998 1430 quia
1022 1352 1280 1428 pugione
1310 1364 1540 1410 tantum
1574 1354 1867 1412 accinctus
1891 1355 2059 1411 fode-

197 1453 314 1512 ret,
377 1449 568 1497 morte
604 1438 864 1515 punitos,
961 1457 1111 1514 quae
1159 1437 1344 1494 nimia
1378 1449 1433 1495 et
1469 1439 1760 1497 incertum
1798 1460 1876 1498 an
1910 1439 2058 1496 falso

197 1527 349 1584 iacta
380 1524 671 1601 originem
707 1534 905 1581 tamen
937 1543 969 1579 e
1002 1523 1307 1581 severitate
1341 1524 1506 1581 ducis
1542 1536 1800 1595 traxere,
1855 1524 2059 1583 inte-n·-

1730 198 1966 281 2³:31⁰&

385 1690 588 1750 Lipsius:
648 1689 930 1741 auxiliaris,
988 1689 1095 1730 dein

531 1747 794 1791 Mercerus:
855 1746 1097 1789 auxiliare

199 1705 291 1742 tur.

203 1751 426 1799 emeritus
442 1769 457 1802 ,-

200 1826 284 1855 aes
304 1809 384 1852 diu
407 1807 630 1855 meritus3
665 1804 923 1849 Acidalius=
953 1804 1094 1846 ausei-

199 1870 332 1912 liaris
372 1867 497 1908 inter
537 1863 622 1906 diu
666 1864 890 1911 meritus;
944 1860 979 1903 I.
1018 1861 1092 1904 Fr.

204 1923 485 1972 Gronovius:
515 1918 768 1964 aum'liaris
791 1927 836 1960 ec
855 1921 960 1960 dux
979 1932 1095 1972 gen-

1170 1688 1284 1743 (test.
1305 1686 1423 1732 vict.
1456 1704 1496 1732 c.
1529 1689 1613 1732 Iae-
1642 1688 1872 1748 Gronov.)
1912 1689 2058 1734 Vatic.

1169 1745 1279 1788 1863
1302 1753 1343 1788 et
1371 1745 1496 1789 1864.
1528 1746 1802 1804 Reg.Guelf.
1819 1747 1936 1792 Bud.
1958 1745 2060 1790 edd.

1168 1803 1286 1860 Spir.
1328 1803 1456 1856 (haec
1487 1805 1643 1848 labori
1661 1808 1794 1860 sign&
1817 1806 1920 1862 uas)
1947 1804 2061 1848 Bro-

1167 1867 1250 1903 ter.
1293 1861 1500 1915 ignavas.
1585 1862 1826 1920 Vulgatum
1875 1869 2062 1906 tuentur

1169 1916 1269 1961 edd.
1303 1917 1405 1960 Put.
1440 1916 1510 1962 M.
1544 1925 1588 1961 et
1612 1910 1921 1964 v.“Beroa1d.
1959 1919 2061 1962 Alc.

164 1987 264 2031 '³113‘
277 1999 293 2035 ;
331 1979 563 2024 Heinsius:
607 1976 863 2019 Gannasco
893 1976 1099 2017 nationis

205 2038 510 2096 Canz'nesatzls.
567 2034 836 2077 Auxiliaris
857 2035 894 2076 is
924 2048 988 2075 ecc
1017 2034 1098 2075 diu

204 2098 411 2147 meritis;
449 2094 538 2138 lae.
563 2091 830 2136 Gronovius
851 2089 959 2134 facit
991 2106 1098 2133 cum

203 2156 435 2200 Mercem.
513 2150 612 2208 Bip.
643 2148 885 2192 auxiliare
920 2149 1096 2202 stiven-

203 2216 338 2259 dium
361 2209 574 2254 meritus.
633 2206 690 2251 cf.
716 2206 810 2250 An.
833 2206 874 2258 2,
897 2205 967 2248 52.

263 2269 499 2314 vastabat.
560 2264 660 2309 MS.
686 2263 794 2322 Agr.
823 2262 1097 2319 infestabat.

203 2330 318 2376 Mox
337 2326 441 2370 MS.
465 2321 581 2368 Eud.
600 2338 706 2366 eum
727 2321 901 2375 gloria.

263 2395 316 2431 at
337 2383 553 2430 Corbulo.
612 2377 685 2424 Cf.
709 2379 800 2422 Dio
820 2379 890 2427 60,
913 2376 992 2421 30.

262 2451 442 2488 ceteras
462 2438 674 2482 navium.
732 2436 809 2481 Sic.
824 2435 959 2479 MSS.
972 2434 1097 2479 Flor.

209 2507 263 2555 (t.
283 2502 359 2557 V.)
384 2497 501 2542 Bud.
524 2495 679 2540 Guelf.
709 2493 809 2538 edd.
841 2491 959 2552 Spir.
996 2492 1100 2535 Put.

205 2560 279 2606 M.
303 2567 346 2603 et
361 2556 419 2601 V.
450 2553 595 2598 Rhen.
617 2567 717 2611 sqq.
772 2567 808 2595 o.
824 2565 970 2594 naves
994 2548 1098 2593 edd.

206 2614 417 2662 Beroald.
442 2613 540 2657 Ale.

267 2699 488 2744 quaeque.

210 2746 395 2804 quam).
1025 2795 1036 2806 θ

229 2807 231 2810 '
268 2799 528 2846 aestuaria.
576 2796 658 2839 Ed.
679 2795 796 2853 Spir.
819 2803 1102 2839 aestuamus.

268 2859 590 2910 lintribusque.
625 2855 699 2898 Sic
716 2854 816 2896 MS.
835 2851 988 2896 Guelf.
1004 2852 1103 2895 edd.

212 2917 332 2977 Spir.
349 2916 453 2961 Put.
479 2913 548 2956 M.
575 2921 617 2955 et
631 2912 687 2955 V.
711 2911 817 2954 Ber.
836 2910 933 2954 Alc.
957 2909 1102 2953 Rhen.

213 2991 310 3034 sqq.
343 2997 403 3008 —
446 2964 567 3015 MS.
589 2970 712 3013 Flor.
744 2971 792 3025 (t.
817 2968 890 3024 V.)
929 2966 1105 3010 luntri-

210 3036 402 3090 busque.

271 3087 514 3145 depressis.
550 3081 662 3128 'MS.
676 3082 827 3127 Guelf.
847 3083 1107 3137 deprehen—

215 3153 306 3200 sis,-
336 3146 436 3189 edd.
461 3144 561 3186 Put.
583 3144 651 3186 M.
678 3152 719 3185 et
736 3141 792 3185 V.
821 3141 1104 3194 depraehen-

216 3210 293 3253 εἰς.
338 3203 574 3258 Scriptura
595 3215 689 3242 non
708 3196 971 3256 spernenda,
997 3195 1106 3262 duni

217 3261 384 3310 scribas
426 3259 663 3309 deprensis
706 3273 756 3299 ex
788 3270 916 3298 more
947 3252 1104 3296 Taciti.

218 3321 282 3368 ef.
308 3325 404 3362 not.
436 3314 490 3358 ad
523 3312 565 3363 3,
590 3314 657 3357 53.
732 3314 933 3356 Alterum
967 3327 1016 3352 ex
1047 3307 1107 3352 al·

220 3388 319 3423 tero
350 3373 477 3418 facile
505 3371 649 3428 potuit
677 3371 786 3412 oriri
812 3370 870 3412 ob
896 3382 1106 3426 compen-

223 3436 349 3480 dium
382 3428 601 3485 depr-esis.
676 3426 762 3470 Sed
798 3427 907 3471 certi
937 3424 1001 3469 nil
1036 3424 1108 3466 de-

222 3491 341 3539 finiri
364 3493 525 3549 potest.

276 3546 455 3595 laboris
505 3544 718 3599 ignaras.
802 3539 938 3584 MSS.
987 3539 1109 3585 Flor.

571 2681 657 2725 Ed.
701 2679 821 2739 Spir.
865 2668 904 2739 ᾇ
945 2680 1017 2736 (h.
1059 2695 1099 2723 e.

1169 1975 1311 2018 Rhen.
1332 1991 1432 2033 sqq.
1495 1975 1572 2018 Est
1604 1977 1734 2020 etiam
1758 1978 1806 2020 in
1830 1976 1933 2020 MS.
1956 1976 2060 2020 Vat-

1171 2031 1318 2081 1958„
1362 2034 1715 2092 superscriptum
1746 2044 1894 2078 tamen
1911 2034 2061 2089 ,igna-

1170 2104 1274 2132 vus.
1357 2091 1600 2148 Pei-exigua
1649 2107 1754 2135 sane
1803 2090 2062 2135 auctoritas.

1172 2145 1243 2192 Cf.
1270 2155 1418 2190 tamen
1439 2149 1480 2199 Ξ,
1502 2147 1572 2191 43.
1598 2149 1805 2206 obsequii
1827 2150 2063 2203 ignarum.

1170 2204 1272 2247 MS.
1308 2205 1390 2247 les.
1423 2207 1658 2249 laboribus
1700 2207 1917 2260 ignavas.
1996 2205 2062 2249 Si-

1170 2262 1285 2304 milis
1309 2261 1515 2305 confusio
1542 2271 1606 2306 est
1629 2263 1741 2307 Hist.
1767 2266 1804 2315 1,
1828 2265 1899 2307 80.

1227 2348 1310 2375 nee
1349 2347 1576 2387 pugnam.
1660 2335 1762 2379 MS.
1807 2333 1964 2379 Guels.
2005 2349 2064 2378 ne

1163 2404 1395 2446 pugnam.

1228 2450 1394 2491 munia
1426 2449 1473 2490 in
1506 2450 1672 2492 armis.
1736 2449 1967 2494 Victorius
2003 2458 2065 2494 te·

1172 2514 1313 2548 statur
1335 2521 1419 2563 pro
1442 2507 1608 2547 munia
1629 2506 1675 2548 in
1699 2505 1801 2550 MS.
1824 2507 1859 2549 F
1862 2508 1944 2551 lor.
1971 2523 2066 2550 esse

1173 2563 1344 2610 minia.
1430 2563 1684 2606 Verisimile
1739 2563 1848 2607 mihi
1890 2563 2065 2608 videtur

1173 2619 1290 2662 hane
1332 2619 1417 2665 viri
1457 2627 1612 2662 notam
1650 2618 1797 2663 alieno
1828 2621 1932 2667 loco
1972 2637 2066 2666 esse

1173 2676 1363 2735 positam
1387 2693 1574 2734 eamque
1596 2676 1820 2735 pertinere
1853 2678 1909 2723 ad
1933 2679 2065 2723 verba

1175 2748 1297 2789 quae
1355 2735 1517 2777 nimia.
1614 2735 1754 2778 Paulo
1811 2745 1912 2779 ante
1978 2751 2064 2795 pro

1174 2793 1347 2833 diurna
1370 2793 1473 2835 MS.
1504 2790 1653 2834 Guelf.
1685 2792 1784 2837 edd.
1809 2792 1909 2836 Put.
1931 2793 1999 2838 M.
2022 2802 2064 2837 et

1176 2848 1232 2892 V.
1256 2847 1419 2890 habent
1442 2850 1681 2893 diuturna.

1825 2907 1906 2952 Ed.
1943 2906 2061 2967 Spir.

1222 2906 1482 2962 feruntque
1523 2908 1736 2951 militem.

1623 3054 1633 3064 .
1653 3055 1664 3066 .
1686 3053 1697 3066 .
1718 3023 1921 3078 foderet.
1979 3023 2063 3067 Ed.

1175 2973 1400 3020 eruntque
1425 2965 1608 3008 milites.

1237 3022 1349 3076 quia
1385 3025 1562 3065 vallum
1591 3054 1602 3066 .

1177 3078 1296 3136 Spir.
1325 3080 1433 3135 quia
1459 3081 1635 3122 vallum
1650 3095 1747 3122 non
1765 3083 1972 3124 accintus
1977 3082 2066 3137 fo-

1177 3140 1324 3179 deret.
1415 3136 1567 3180 Media
1624 3137 1798 3182 desunt.
1896 3138 2065 3182 Eadem

1177 3201 1331 3237 morte
1357 3202 1570 3248 punctos.
1747 3220 1757 3225 ν

1235 3266 1356 3307 quae
1381 3251 1543 3295 nimia.
1602 3251 1834 3297 Edd.Put.
1860 3252 1928 3298 M.
1950 3261 1994 3297 et
2010 3252 2064 3299 V.

1179 3323 1264 3365 que
1285 3311 1459 3352 munia.
1519 3308 1595 3353 Sic
1618 3318 1660 3353 et
1685 3310 1786 3353 cod.
1813 3309 1919 3354 Urs.

1237 3368 1374 3409 iacta.
1455 3365 1590 3409 MSS.
1627 3367 1748 3409 Flor.
1782 3368 1898 3423 (test.
1928 3368 2064 3424 vict.)

1180 3423 1294 3466 Bud.
1331 3422 1483 3466 Guelf.
1515 3423 1644 3467 Bodl.
1687 3425 1750 3477 (in
1794 3442 1888 3468 mar
1921 3428 1950 3483 .)
1994 3427 2064 3471 ed.

1181 3481 1300 3538 Spir.
1335 3488 1456 3523 acta.
1517 3481 1629 3523 Edd.
1657 3481 1830 3527 Puteol.
1856 3441 1924 3527 Νῗ.
1944 3492 1987 3526 et
2010 3483 2064 3524 V.

1182 3538 1389 3583 Beroald.
1427 3538 1525 3583 Alc.
1568 3541 1690 3582 iacta
1731 3542 1803 3582 vel
1845 3548 1984 3584 aucta
2024 3541 2067 3594 (e
