2164 3990
0 3557 7 3990 *Wffl—
0 3537 1 3540 „
0 3497 1 3522 ⁴⁴

21 2672 36 2680 ³
98 2650 274 2698 iiciebat
305 2652 451 2692 alent.

170 199 223 237 A.
239 197 296 239 U.
311 196 396 232 81⁶.

132 284 133 288 Ἰ
172 244 223 279 A:
241 241 289 281 C.
337 240 400 276 63.

558 184 737 257 Lm.
767 189 937 256 x1v.
994 155 1190 254 CAP.
1224 189 1327 253 53.
1363 187 1467 252 54.

1810 193 1937 253 305

87 335 361 405 „urbana
409 325 630 385 incedit
687 335 744 382 et
790 321 972 381 tantis
1015 340 1293 400 agrorum
1335 319 1567 406 spatiis,
1643 332 1764 381 tam
1815 322 1937 382 lato

88 465 123 490 9)

83 545 120 574 -„
131 503 296 560 ribus
320 500 438 558 tuis
461 496 654 555 obniti
678 505 803 550 non
825 488 1053 551 debui.”

131 421 333 476 fenore
361 409 676 471 exuberat?
761 405 898 466 Una
923 406 1184 463 defensio
1211 406 1495 478 occurrit,
1537 408 1699 484 quod
1728 422 1940 467 mune-

1776 506 1781 514 ι

253 609 413 671 LIV.
478 606 645 679 „Sed
681 617 927 681 uterque
963 612 1303 667 mensuram
1325 601 1728 677 implevimUS,
1771 603 1828 661 et
1857 615 1942 675 tn,

87 701 420 776 „quantum
445 693 719 770 princeps
748 690 1005 747 tribuere
1028 687 1214 744 amico
1241 697 1462 763 posset,
1497 698 1554 744 et
1579 703 1714 762 ege,
1754 708 1946 766 quan-

89 796 263 853 „tum
305 780 527 838 amicus
561 798 593 834 a
631 775 896 852 principe
931 774 1210 848 accipere.

392 884 542 942 quae
599 862 839 939 quidem
892 870 960 916 ut
982 883 989 888 ·
1009 858 1210 915 omnia
1264 857 1537 915 mortalia
1580 858 1734 915 infra
1778 870 1943 916 tuam

93 915 126 939 „
137 879 291 942 gent.

1298 783 1483 829 cetera
1515 772 1804 830 invidiam
1833 782 1944 830 ‘au-

88 951 604 1026 „magnitudinem
632 948 853 1015 iacent,
897 945 997 1000 sed
1028 938 1180 999 mihi
1201 940 1582 1013 incumbunt,
1622 938 1775 1000 mihi
1803 944 1945 1001 suh-

90 1085 128 1109 ,‚
140 1037 501 1094 veniendum
537 1044 638 1092 est.

722 1031 1020 1109 quomodo
1057 1030 1122 1083 in
1147 1027 1362 1083 militia
1388 1040 1489 1084 aut
1512 1030 1608 1084 via
1631 1030 1815 1087 fessus
1840 1031 1947 1086 ad-

92 1122 488 1194 „miniculum
515 1137 769 1186 orarem,
811 1117 892 1173 ita
914 1115 979 1170 in
1004 1109 1117 1171 hoc
1142 1112 1354 1169 itinere
1375 1113 1528 1170 vitae
1552 1134 1725 1172 senex
1768 1125 1826 1172 et
1857 1115 1948 1172 le-

93 1365 290 1417 struitis,
314 1361 546 1413 inceditIs,
577 1359 858 1403 exuberatis.
897 1357 983 1401 Ve-

93 1440 196 1467 rum
229 1438 254 1465 a
287 1422 431 1479 prima
464 1434 602 1461 manu
631 1416 721 1459 fuit
757 1418 986 1459 exuberat

93 1490 136 1524 et
168 1482 207 1524 is
242 1495 267 1522 a
296 1477 542 1536 posteriore
574 1491 711 1517 manu
742 1473 984 1517 adiectum.

93 1538 211 1582 Num
247 1538 406 1580 lacet:
448 1533 641 1577 instruit
667 1534 706 1575 is
730 1565 740 1575 .
758 1563 793 1575 ..
816 1531 987 1574 incedit

94 1598 173 1648 is?
269 1594 309 1637 d.
335 1593 453 1650 Spir.
479 1607 563 1648 pro
599 1591 690 1632 tuis
714 1589 848 1632 habet
872 1589 986 1631 eius.

95 1653 269 1709 Spatiis
289 1650 389 1694 MS.
402 1648 526 1692 Flor.
549 1648 666 1703 (test.
682 1647 848 1702 Vict.);
881 1661 985 1701 spa·

94 1713 172 1754 ciis
194 1708 294 1753 edd.
315 1715 419 1751 vett.

153 1794 268 1838 CAP.
298 1793 367 1836 54.
427 1797 471 1834 et
503 1797 570 1833 tu.
641 1788 904 1831 Pronomen
935 1795 987 1830 tu

96 1855 144 1898 in
164 1852 268 1896 MS.
293 1849 418 1894 Flor.
448 1848 595 1896 deest.
634 1847 671 1890 si
701 1846 809 1890 fides
832 1844 984 1890 Victo·

95 1911 180 1955 rio.

153 1995 355 2038 tribuere
383 1991 551 2034 amico.
609 1988 693 2032 Ed.
714 1987 831 2047 Spir.
858 1987 984 2029 ami-

95 2069 148 2097 co
187 2053 409 2094 tribuere.
496 2046 665 2090 Eadem
711 2047 863 2100 possit
902 2058 986 2103 pro

91 2115 269 2167 posset.
351 2101 612 2162 Utrumque
660 2111 777 2146 stare
827 2110 989 2161 potest,

98 2168 276 2214 diverso
316 2171 465 2207 tamen
508 2177 660 2205 sensu.
739 2159 850 2204 Mox
884 2159 987 2205 MS.

99 2223 253 2269 Guelf.
277 2239 310 2266 a
328 2221 538 2277 principe
561 2220 756 2262 amicus.

153 2313 339 2361 augent.
398 2303 476 2348 Sic
503 2302 605 2347 edd.
637 2302 738 2347 Put.
763 2302 832 2345 Μ.
866 2309 907 2344 et
930 2299 987 2344 V.

98 2364 306 2411 Beroald.
330 2360 432 2405 Alc.
450 2359 592 2403 Rhen.
612 2378 631 2404 s
666 2375 709 2416 q.
735 2375 839 2403 cum
855 2357 991 2402 MSS.

100 2423 217 2467 Bud.
239 2421 361 2462 Harl.
400 2420 486 2474 (pr.
519 2422 603 2472 m.)
636 2376 791 2460 Quelf.
872 2414 992 2458 Con-

99 2491 183 2524 tra·
207 2476 344 2520 MSS.
381 2477 505 2519 Flor.
540 2475 659 2530 (sec.
701 2473 852 2518 collat.
896 2474 986 2516 lac.

100 2537 330 2592 Gronov.)
353 2534 463 2590 Reg.
479 2531 618 2576 Corb.
635 2531 759 2574 Harl.
785 2532 889 2586 (sec.
911 2531 990 2586 m.)

101 2596 169 2639 ed.
192 2593 308 2651 Spir.
333 2597 494 2646 agent,
527 2590 647 2633 unde
669 2588 859 2632 Iacobus
881 2603 989 2630 con-

523 2646 754 2690 Victorius
785 2655 935 2689 tamen
967 2661 991 2688 e

101 2709 199 2754 MS.
213 2709 336 2752 Flor.
358 2705 502 2749 adfert
522 2712 663 2758 agent
686 2703 849 2762 potius.
901 2701 990 2745 Sed

104 2764 322 2833 quidquid
344 2764 404 2807 ibi
426 2762 494 2812 sit,
521 2761 749 2820 vulgatum
773 2770 837 2804 est
859 2759 991 2818 aptis-

102 2839 293 2873 s1mum,
321 2829 364 2863 et
383 2819 614 2876 multiplex
635 2821 876 2863 verborum
899 2833 989 2859 au-

101 2895 209 2936 gere
232 2887 275 2921 et
294 2892 430 2932 agere
452 2875 677 2920 confusio.
733 2877 790 2920 cf.
815 2885 912 2919 not.
936 2873 990 2917 ad

105 2955 147 2982 c.
170 2937 241 2979 58.
262 2935 400 2978 *nise
424 2934 466 2985 4,
488 2933 559 2976 58.
615 2931 830 2978 German.
857 2950 895 2978 c.
913 2932 987 2986 29,

103 2995 312 3038 Ceterum
339 2991 441 3035 MS.
465 2990 572 3047 Agr.
598 2989 773 3048 longius
804 2992 998 3041 aberrat,

103 3052 211 3095 dum
233 3048 408 3105 scribit-2
449 3055 651 3090 ceterum
682 3049 862 3091 invidia
891 3049 990 3100 agi-

103 3123 233 3159 mur,
285 3122 333 3148 ex
366 3104 632 3147 emendandi
673 3105 838 3148 studio.
920 3105 989 3147 De

105 3166 201 3212 aliis
223 3163 359 3208 MSS.
387 3162 445 3204 ita
468 3169 639 3212 tacent,
682 3170 731 3204 ut
762 3178 865 3205 cum
895 3161 989 3204 vul-

105 3232 205 3282 gata
226 3221 446 3278 scriptura
470 3218 700 3261 videantur
722 3219 990 3263 consentire.

161 3295 307 3336 iacent
332 3323 342 3332 .
360 3321 370 3332 .
395 3291 681 3332 incumbunt.
753 3287 830 3332 Sic
852 3289 989 3334 MSS.

106 3351 218 3393 Bud.
250 3347 403 3392 Guelf.
436 3345 562 3388 Harl.
596 3345 728 3389 Bodl.
762 3346 845 3388 les.
880 3346 944 3389 Re
979 3380 990 3391 .

108 3406 208 3449 edd.
231 3414 339 3451 vett.
361 3407 482 3460 (cum
502 3402 802 3456 silent.Vict.)
827 3411 868 3446 et
887 3404 941 3445 ed
979 3437 990 3448 .

107 3463 280 3506 Ernest.
303 3478 400 3520 sqq.
470 3460 561 3502 Pro
591 3461 862 3503 incumbunt
887 3461 992 3506 MS.

44 3557 56 3567 ,
108 3520 244 3564 Corb.
265 3521 337 3563 dat
359 3519 593 3563 incumbit.
651 3516 722 3560 De
749 3516 882 3564 MSS.
901 3518 989 3561 Va·

1027 3399 1037 3407 ’
1055 3406 1244 3461 possim.

1056 1358 1161 1400 tice.
1177 1356 1404 1400 silentium
1418 1365 1498 1400 est.
1553 1355 1668 1401 Edd.
1684 1359 1858 1403 mediae
1878 1368 1947 1403 ae·

1055 1414 1156 1459 tatis
1178 1414 1282 1458 inde
1306 1431 1330 1457 a
1346 1414 1466 1472 Lips.
1491 1415 1636 1472 prima
1658 1417 1779 1460 iacet
1801 1449 1813 1462 .
1838 1449 1849 1460 .
1874 1417 1950 1460 in—

1058 1474 1248 1520 cambit,
1313 1481 1363 1515 ut
1402 1472 1458 1514 ad
1497 1472 1711 1516 invidiam
1765 1474 1949 1524 referas,

1059 1546 1192 1587 quam
1252 1528 1430 1573 dicendi
1492 1529 1714 1574 rationem
1770 1531 1950 1590 repetiit

1058 1586 1286 1630 Bekkerus
1350 1593 1401 1628 ut
1452 1589 1793 1632 concinniorem
1851 1590 1949 1632 sine

1058 1644 1212 1688 dubio.
1287 1643 1402 1687 Nam
1434 1644 1557 1701 quod
1587 1645 1820 1689 Ernestius
1854 1645 1950 1690 ani-

1057 1701 1325 1749 madvertit,
1356 1704 1578 1743 mortalia
1604 1704 1763 1747 melius
1787 1705 1842 1747 de
1869 1705 1950 1747 bo-

1055 1760 1126 1802 nis
1158 1758 1365 1801 humanis
1399 1774 1532 1816 quam
1564 1759 1619 1803 de
1641 1760 1785 1812 vitiis,
1822 1760 1950 1811 velut

1056 1815 1243 1864 invidia,
1274 1816 1387 1874 capi,
1419 1815 1546 1859 nihili
1571 1825 1652 1866 est,
1683 1819 1787 1876 quia
1814 1824 1950 1861 mor—-

1057 1875 1175 1916 talia
1198 1871 1273 1916 hic
1294 1889 1388 1916 non
1413 1873 1626 1918 dicuntur
1646 1885 1731 1933 pro
1754 1876 1953 1928 caducis,

1058 1931 1134 1973 sed
1157 1945 1240 1988 pro
1264 1929 1485 1981 humanis,
1514 1941 1563 1974 ut
1582 1932 1800 1990 intelligas
1821 1948 1951 1991 quae·

1059 2002 1237 2044 cunque
1258 1986 1519 2030 hominibus
1541 1990 1724 2048 propria
1744 1999 1788 2033 et
1807 1989 1956 2039 soliti.

1058 2044 1197 2088 Nolui
1218 2050 1369 2089 tamen
1392 2060 1417 2087 a
1440 2046 1662 2090 veteribus
1681 2046 1808 2091 libris
1829 2063 1953 2092 rece·

1063 2101 1193 2152 dere,
1252 2101 1470 2158 quoniam
1530 2103 1773 2150 relativum
1833 2121 1953 2162 quae

1058 2166 1206 2218 potest
1240 2158 1400 2202 referri
1433 2158 1489 2201 ad
1527 2168 1667 2204 totam
1711 2163 1953 2207 excusatio-

1059 2233 1190 2268 nem,
1221 2233 1334 2273 quae
1365 2218 1626 2274 praecessit,
1655 2227 1699 2263 et
1723 2219 1776 2262 ad
1801 2222 1952 2265 omnia

1062 2274 1352 2325 offendicula,
1383 2289 1496 2331 quae
1516 2276 1711 2320 Senecae
1735 2276 1954 2321 timeban-

1060 2341 1156 2380 tur,
1197 2330 1272 2376 vel
1303 2332 1436 2374 etiam
1468 2333 1522 2374 ad
1557 2342 1709 2375 cetera
1742 2350 1805 2378 sc.
1835 2334 1953 2377 invi-

1062 2390 1178 2431 diam
1202 2389 1422 2445 augentia,
1443 2389 1508 2431 uti
1521 2389 1697 2433 volebat
1707 2390 1954 2437 Ernestius.

1062 2445 1179 2489 Illud
1209 2445 1472 2493 maluerim,
1523 2454 1573 2489 ut
1609 2447 1669 2490 ita
1703 2448 1872 2492 Seneca
1905 2449 1954 2493 in

1060 2517 1180 2559 quae
1202 2502 1392 2558 ,quidem
1419 2503 1624 2547 videatur
1647 2506 1871 2562 respicere
1896 2508 1952 2551 ad

1061 2575 1217 2603 omnes
1266 2567 1434 2611 metus,
1486 2560 1584 2615 quis
1623 2561 1856 2621 hucusque
1905 2579 1952 2608 se

1061 2618 1164 2674 angi
1205 2614 1385 2659 dixerat.
1445 2617 1613 2672 (Diese
1645 2621 1952 2665 Bedenklich-

1061 2675 1241 2722 keiten,
1281 2674 1370 2716 wie
1402 2677 1520 2717 alles
1546 2677 1825 2728 Sterblz‘che,
1867 2681 1951 2722 tie-

1060 2746 1154 2786 gen
1182 2738 1323 2774 uniet·
1355 2732 1519 2775 deiner
1555 2732 1756 2792 Grbsse.)
1837 2734 1953 2780 Nam

1061 2790 1109 2832 in
1145 2804 1269 2847 seqq.
1317 2787 1487 2833 Seneca
1530 2802 1663 2847 opem
1704 2792 1817 2850 petit
1854 2808 1952 2837 non

1061 2847 1200 2889 modo
1231 2853 1389 2890 contra
1417 2846 1651 2897 invidiam,
1681 2850 1758 2892 sed
1783 2849 1832 2894 in
1855 2850 1954 2894 uni·

1063 2919 1266 2955 versum,
1289 2911 1338 2946 ut
1360 2904 1480 2948 curis
1503 2905 1594 2948 suis
1618 2905 1850 2952 liberetur.

1118 3011 1202 3046 aut
1223 3005 1315 3047 via.
1369 3003 1721 3049 SicMS.Guelf.
1739 3006 1953 3053 edd.Put.

1061 3063 1131 3105 M.
1159 3071 1203 3104 et
1226 3061 1284 3104 V.
1307 3060 1408 3105 Ber.
1432 3062 1490 3117 (c.
1513 3062 1661 3107 silent.
1679 3062 1824 3118 Vict.)
1851 3064 1950 3110 Alc.

1061 3119 1207 3162 Rhen.
1233 3134 1331 3176 sqq.
1363 3143 1421 3151 —
1465 3127 1549 3161 auc
1570 3121 1621 3162 in
1645 3123 1722 3164 via
1745 3121 1815 3164 ed.
1832 3121 1950 3179 Spir.

1059 3201 1118 3211 -
1156 3179 1203 3219 in
1233 3176 1403 3219 militia
1432 3178 1592 3219 labore
1625 3185 1708 3219 aut
1737 3180 1818 3220 via
1845 3178 1950 3224 MS.

1061 3236 1170 3292 Agr.
1229 3232 1321 3275 Pro
1350 3238 1578 3289 quomodo
1598 3236 1700 3280 MS.
1724 3235 1842 3280 Bud.
1863 3236 1951 3281 aha·

1061 3293 1135 3335 bet
1160 3305 1270 3347 quo,
1313 3306 1378 3333 sc.
1404 3308 1427 3333 e
1461 3292 1731 3350 compendio
1760 3293 1947 3352 scriptu·

1059 3364 1151 3392 rae.
1235 3348 1342 3391 Mox
1377 3348 1446 3391 ed.
1484 3347 1600 3406 Spir.
1628 3364 1822 3404 possum
1864 3368 1947 3410 pro

1321 3403 1472 3448 Guelf.
1508 3405 1594 3449 alio
1627 3407 1787 3450 ordine
1820 3411 1949 3452 ultra

1060 3464 1178 3506 locat
1231 3470 1299 3505 ost
1318 3463 1563 3506 sustinere.
1623 3463 1675 3506 ln
1689 3464 1821 3510 MSS.
1832 3466 1946 3511 Bud.

1061 3478 1226 3562 Guelfi'
1242 3519 1362 3563 deest
1383 3535 1464 3563 cas
1486 3529 1587 3579 post
1611 3523 1728 3566 iube.
