2164 3990
177 222 502 314 ᾗζὲζᾯξζὸἓῖζζ
560 222 734 283 LIB.
757 215 924 282 XIII.
989 220 1184 285 CAP.
1216 223 1467 284 9—-11,
1814 227 1934 294 157

93 359 617 432 midiofpraerepta
653 372 802 429 quae
840 352 960 408 suis
995 352 1255 409 consiliis
1278 353 1651 428 patravisset,
1692 366 1940 415 testante

93 455 294 502 contra
330 439 671 498 Corbulone
705 457 837 493 non
866 436 1030 512 prius
1065 457 1642 511 conversum.regem
1678 443 1754 498 ad
1792 443 1942 501 offe-

47 583 52 586 .
91 530 308 585 rendos
329 525 560 583 obsides
585 543 761 600 quam
789 522 912 597 ipse
935 522 1055 579 dux
1082 523 1239 578 bello
1265 523 1520 580 delectus
1543 544 1672 599 spes
1707 527 1832 583 eius
1863 531 1939 586 ad

91 625 313 670 metum
347 619 615 668 mutaret.
713 605 900 677 Nero,
944 629 1061 683 quo
1095 619 1471 683 componeret
1511 609 1801 681 diver808‚
1854 614 1938 670 sic

92 695 360 771 evulgari>
389 694 580 751 iussit:
648 688 749 748 Ob
789 712 880 748 res
918 713 952 748 a
988 691 1290 766 Quadrato
1334 705 1391 750 et
1420 690 1766 752 Corbulone
1799 718 1943 773 pro-

91 790 255 858 sp'ere
279 791 463 855 gestas
489 780 722 834 laurum
742 778 995 835 fascibus
1018 778 1411 854 imperatoriis
1435 779 1592 852 addi.
1678 779 1846 854 Quae
1874 783 1940 839 in

90 869 236 923 alios
265 866 531 923 consules
559 882 779 936 egressa
807 864 1106 922 coniunxi.

258 977 334 1037 X.
397 966 627 1032 Eodem
654 995 810 1031 anno
839 973 1052 1031 Caesar
1078 973 1327 1047 effigiem
1352 970 1461 1035 Cn.
1486 972 1752 1034 Domitio
1789 979 1945 1054 patri

1 1065 7 1073 ’
87 1075 146 1120 et
169 1062 496 1120 consularia
529 1061 781 1133 insignia
805 1055 1064 1116 Asconio
1092 1057 1384 1130 Labeoni,
1428 1083 1546 1137 quo
1573 1072 1766 1120 tutore
1799 1083 1942 1121 usus

95 1160 242 1217 erat,
285 1147 493 1223 petivit
518 1167 549 1201 a
589 1156 818 1202 senatu:
864 1145 1093 1220 sibique
1129 1155 1344 1200 statuas
1389 1159 1628 1220 argento
1665 1149 1761 1204 vel
1795 1149 1962 1206 auro

91 1234 307 1290 solidas
331 1233 607 1287 adversus
633 1230 942 1285 offerentes
964 1224 1291 1303 prohibuit.
1358 1241 1414 1286 et
1441 1252 1776 1309 quanquam
1806 1254 1945 1291 cen-

37 1346 39 1351 ·
93 1319 344 1375 suissent
375 1326 596 1391 patreS,
637 1324 704 1370 ut
737 1314 1097 1389 principium
1122 1315 1266 1370 anni
1293 1314 1576 1391 inciperet
1597 1337 1796 1375 mense
1821 1316 1944 1377 D'e-

92 1402 342 1470 cembri,
398 1421 514 1477 quo
552 1411 714 1456 ortus
753 1410 876 1454 erat
910 1398 1097 1468 Nero,
1149 1411 1405 1456 veterem
1437 1402 1784 1474 religionem
1819 1403 1945 1461 Ka-

89 1476 399 1543 lendarum
437 1483 844 1540 Ianuariarum
884 1481 1220 1540 inchoando
1266 1505 1423 1541 anno
1465 1488 1727 1548 retinuit.
1822 1487 1945 1546 Ne—

91 1593 204 1649 que
235 1571 453 1647 recepti
488 1580 625 1626 sunt
659 1569 814 1625 inter
847 1589 978 1625 reos
1011 1567 1256 1626 Carinas
1291 1568 1464 1627 Celer
1498 1583 1733 1629 senator
1770 1593 1939 1632 servo

91 1668 394 1714 accusante
432 1666 534 1711 aut
568 1652 755 1710 Iulius
781 1652 1016 1711 Densus
1052 1667 1346 1732 equester,
1390 1657 1484 1713 cui
1517 1657 1685 1715 favor
1714 1658 1780 1716 in
1806 1657 1946 1716 Bri-

93 1743 396 1799 tannicum
420 1739 655 1796 crimini
679 1739 948 1799 dabatur.

258 1849 364 1911 XI.
428 1848 678 1908 Claudio
702 1848 967 1920 Nerone,
1009 1849 1078 1910 L.
1103 1846 1362 1908 Antistio
1391 1872 1533 1913 coss,
1564 1873 1698 1922 cum
1724 1854 1790 1910 in
1815 1867 1942 1914 acta

90 1936 424 2012 principum
473 1935 736 1992 iurarent
779 1936 1181 2008 inagistratUS‚
1247 1936 1311 1993 in
1357 1956 1462 1994 sua
1500 1948 1626 1994 acta
1661 1939 1943 2015 collegam

91 2020 417 2079 Antistium
455 2020 648 2077 iurare
678 2015 987 2096 prohibuit
1011 2021 1239 2094 magnis
1266 2033 1501 2096 patrum
1529 2024 1834 2096 laudibus,
1875 2037 1953 2094 ut!

141 2258 394 2308 praerepta
416 2265 548 2307 quae.
600 2249 680 2292 Ed.
696 2248 815 2307 Spir.
834 2263 978 2304 prae-

90 2318 328 2365 reptaque.
413 2309 495 2350 Ed.
539 2306 777 2351 Weikert.
821 2306 978 2350 vitiose

85 2374 336 2424 praecepta
362 2380 494 2420 quae.

147 2438 244 2465 non
289 2424 440 2478 prius.

88 2482 238 2538 prius.

146 2553 367 2596 diversos.
461 2549 544 2593 Ed.
585 2548 704 2607 Spir.
749 2549 977 2591 diversus.

1049 2249 1153 2293 Ber.
1170 2248 1269 2293 Ale.
1285 2249 1428 2293 Rhen.
1453 2266 1550 2309 sqq.
1571 2251 1706 2296 etiam
1729 2253 1773 2297 in
1786 2253 1942 2300 Guelf.

1051 2308 1202 2351 eadem
1226 2309 1408 2364 ponitur
1429 2308 1475 2351 in
1498 2310 1713 2368 margine.

1107 2379 1195 2420 quo
1227 2373 1363 2407 ortus
1392 2373 1497 2408 erat
1524 2367 1668 2411 Nero.

1050 2423 1103 2466 ad
1131 2423 1195 2471 12,
1217 2422 1288 2464 25.

1103 2478 1469 2523 Ianuariarum.
1519 2479 1602 2523 Ed.
1614 2479 1734 2538 Spir.
1752 2481 1940 2528 Ianua-

1049 2536 1251 2578 riarum.
1333 2537 1431 2579 MS.
1483 2536 1607 2580 Flor.
1650 2540 1768 2592 (test.
1803 2542 1943 2602 vict.)

1747 2367 1811 2414 cf.
1843 2378 1942 2416 not.

534 2420 636 2466 MS.
681 2421 832 2465 Guelf.
883 2421 981 2463 nisi

91 2611 258 2654 Eadem
285 2616 444 2662 gestas
459 2621 693 2662 prospere.
765 2606 876 2648 Mox
889 2605 977 2661 fa-

90 2670 235 2714 stibus
255 2681 338 2723 pro
347 2665 560 2721 fascibus
570 2683 586 2717 ;
618 2665 876 2719 additisque
895 2677 980 2720 pro

90 2725 220 2771 addi.
260 2722 421 2779 Quae5
479 2722 725 2783 coniunxit
780 2736 831 2762 ro
865 2734 978 2761 con·

92 2782 241 2827 iunxi.
335 2779 402 2822 Ita
455 2779 585 2823 etiam
635 2795 658 2822 e
758 2778 804 2821 S.
850 2776 977 2820 Flor.

92 2836 321 2884 Victorius
355 2837 521 2879 notavit
550 2839 761 2878 diversus
787 2850 870 2893 pro
902 2835 977 2876 di-

92 2909 278 2946 persos;
333 2895 515 2936 addidit
545 2910 627 2951 pro
662 2896 790 2935 addi.
879 2892 982 2935 MS.

94 2953 245 2999 Guelf.
288 2953 490 2999 addidit,
541 2966 677 3006 quae.
772 2949 823 2992 In
870 2964 978 2992 con-

92 3011 245 3057 iunxit
281 3008 539 3065 conspirant
566 3008 666 3050 MS.
692 3005 839 3050 Guelf.
877 3006 980 3049 edd.

93 3072 194 3114 Put.
222 3068 290 3109 M.
318 3075 360 3108 et
380 3065 437 3111 V.
463 3065 564 3108 Ber.
596 3065 654 3119 (c.
674 3064 819 3108 silent.
841 3063 979 3119 Viet.)

94 3127 194 3171 Ale.
263 3122 489 3166 coniunxi
514 3122 613 3166 edd.
642 3121 843 3165 Rhenan.
869 3121 976 3165 Ald.

92 3201 264 3297 δΨὲΑΡ.
302 3252 368 3293 10.
447 3248 661 3305 effigiem.
738 3249 821 3293 Ed.
857 3248 979 3308 Spir.

93 3311 316 3369 effigiem.

153 3389 197 3425 et
241 3377 512 3422 consularia
551 3377 638 3418 ins.
728 3373 806 3418 Sic
846 3374 981 3420 MSS.

95 3440 216 3483 Flor.
257 3441 374 3490 (test.
401 3433 521 3476 Vict.
557 3450 598 3476 c.
631 3433 718 3475 lac.
752 3433 980 3487 Gronov.)

97 3497 206 3553 Reg.
229 3494 343 3536 Bud.
370 3490 521 3535 Guelf.
545 3490 614 3533 ed.
639 3490 756 3546 Spir.
831 3489 980 3549 Copu-

98 3555 184 3597 lam
217 3559 260 3594 et
282 3550 493 3594 omittunt
519 3547 618 3591 edd.
642 3546 741 3591 Put.
764 3546 832 3591 M.
856 3557 899 3591 et
921 3547 979 3592 V.

1050 2592 1191 2651 plenis
1217 2592 1372 2635 litteris
1396 2593 1754 2641 Ianuariarum·

1106 2652 1230 2691 inter
1249 2664 1370 2691 reos.
1415 2650 1492 2694 Sic
1513 2662 1668 2695 omnes
1687 2654 1789 2698 libri
1812 2672 1938 2715 prae·

1050 2714 1120 2750 ter
1154 2706 1254 2750 MS.
1289 2705 1397 2764 Reg.
1432 2716 1475 2750 et
1508 2709 1577 2751 ed.
1607 2709 1728 2767 Spir.
1762 2713 1839 2758 ubi
1875 2723 1943 2760 est

1049 2767 1173 2806 inter
1207 2779 1309 2812 eos,
1352 2765 1468 2806 unde
1492 2763 1666 2823 Lipsius
1698 2768 1867 2816 fecerat
1895 2775 1944 2816 ln

1050 2835 1171 2864 reos.
1235 2822 1262 2863 Ι.
1300 2820 1562 2867 Gronovius
1597 2826 1791 2870 restituit
1823 2832 1946 2875 inter

1053 2893 1075 2920 e
1104 2879 1204 2922 MS.
1223 2878 1347 2921 Flor.

1112 2948 1324 2990 Carinas.
1401 2947 1527 2994 Edd.
1560 2958 1666 2996 vett.
1700 2940 1943 3002 cum‘MS.
1983 2947 1986 2950 .

1054 3005 1206 3048 Guelf.
1224 3006 1473 3049 Carrinas.
1532 3006 1649 3052 Edd.
1676 3010 1817 3056 Rhen.
1843 3029 1862 3056 s
1897 3030 1942 3072 q.

1055 3064 1271 3106 Carinas.
1342 3063 1433 3105 Pro
1471 3063 1599 3107 Celer
1628 3067 1697 3111 ed.
1723 3069 1841 3125 Spir.
1899 3078 1944 3116 at

1050 3134 1195 3163 cerer.
1264 3119 1364 3162 MS.
1393 3118 1543 3181 Guelf.
1571 3130 1672 3166 ante
1703 3125 1836 3168 Celer
1865 3127 1940 3172 ha·

1052 3179 1126 3221 bet
1153 3185 1219 3228 et,
1259 3177 1335 3220 sed
1366 3179 1733 3237 superscriptum.

1109 3255 1332 3303 equester.
1393 3246 1454 3290 cf.
1479 3247 1545 3295 12,
1567 3249 1637 3293 60.
1660 3256 1787 3306 opud
1798 3269 1938 3311 eque-

1052 3312 1192 3347 stres.
1255 3304 1346 3346 Pro
1367 3305 1516 3362 favor
1540 3305 1640 3351 MS.
1662 3307 1786 3354 Flor.
1819 3313 1936 3368 (test.

1052 3362 1186 3415 Vici.)
1223 3360 1351 3403 habet
1367 3362 1541 3417 fabor,
1582 3372 1630 3406 ut
1665 3368 1729 3418 11,
1753 3369 1820 3412 19.
1843 3373 1930 3415 im-

1053 3419 1269 3468 munibit;
1297 3419 1357 3461 ib.
1387 3435 1426 3462 c.
1445 3419 1487 3462 6.
1509 3423 1835 3475 coguabissent.

1110 3487 1220 3532 CAP.
1243 3490 1309 3532 11.
1364 3488 1647 3544 principum.
1706 3494 1782 3539 Sic
1801 3497 1935 3544 MSS.

1051 3546 1173 3590 Flor.
1195 3549 1311 3600 (test.
1336 3545 1473 3604 Vict.)
1502 3547 1683 3594 Fames.
1707 3551 1838 3598 Bodl.
1864 3572 1934 3615 pr.
