2164 3990
1055 35 1076 59 f

221 203 259 238 A
290 197 450 236 usos).
500 232 523 238 .-

221 242 341 282 A.G.
382 243 445 278 47.
502 251 510 255 ·

636 199 810 262 LIB.
842 199 950 261 XI.
1026 196 1218 260 CAP.
1266 203 1360 263 18.
1404 203 1496 263 19.
1909 210 1993 267 33

68 339 75 345 '
135 349 374 412 tumque
410 343 468 390 et
499 330 727 406 magnis
763 330 991 388 delictis
1028 330 1455 388 inexorabilem
1493 331 1667 402 sciaS‚
1727 335 1825 391 cui
1859 346 1993 393 tan-

134 433 263 482 tum
287 417 613 494 asperitatis
638 417 813 473 etiam
840 417 1118 472 adversus
1142 416 1295 489 levia
1321 418 1684 477 credebatur.

299 502 466 562 XIX.
553 499 828 559 Ceterum
871 501 921 556 is
961 513 1153 558 terror
1185 501 1403 557 milites
1439 498 1751 578 hostesque
1789 504 1855 560 in
1897 507 1995 568 di-v

131 609 369 647 versum
405 586 635 645 adfecit.
721 606 830 642 nos
875 587 1154 662 virtutem
1203 586 1499 656 auximUS‚
1552 589 1792 644 barbari
1832 591 1992 648 fero-

134 676 284 736 ciam
316 674 621 746 infregere.
718 668 799 728 Et
845 672 1008 728 natio
1051 669 1382 728 Frisiorum
1428 684 1578 746 post
1606 674 1992 743 rebellionem

134 760 295 816 clade
318 757 387 818 L.
410 753 668 832 Apronii
695 767 960 831 coeptam
985 756 1212 812 infensa
1241 767 1342 812 aut
1365 757 1518 812 male
1542 758 1658 814 fida
1693 759 1844 815 datis
1880 756 1991 820 ob—

131 844 359 901 sidibus
413 842 679 902 consedit
734 843 894 916 apud
948 860 1118 915 agros
1172 862 1206 897 a
1256 839 1597 898 Corbulone
1651 845 1990 920 descriptos,

130 930 292 986 idem
318 939 584 997 senatuS‚
620 927 1024 999 magistratUS‚
1061 926 1215 998 leges
1241 926 1541 1001 imposuit.
1628 949 1693 984 ac
1717 949 1794 984 ne
1831 931 1991 1007 iussa

133 1025 444 1083 exuerent,
507 1011 868 1086 praesidium
916 1010 1284 1079 immunivit‚
1344 1012 1538 1068 missis
1586 1013 1691 1089 qui
1737 1015 1991 1073 maiores

130 1096 398 1156 Chaucos
443 1098 518 1153 ad
563 1096 926 1152 deditionem
969 1096 1339 1170 pellicerent,
1398 1097 1576 1154 simul
1607 1096 1990 1157 Gannascum

131 1184 269 1240 dolo
304 1182 777 1255 adgrederentur.
863 1200 971 1236 nec
1004 1180 1216 1237 inritae
1251 1192 1354 1237 aut
1388 1183 1703 1255 degeneres
1737 1184 1990 1242 insidiae

127 1269 290 1325 fuere
318 1267 595 1322 adversus
619 1265 979 1338 transfugam
1005 1276 1062 1322 et
1082 1265 1431 1324 violatorem
1453 1268 1607 1327 fidei.
1669 1268 1788 1326 Sed
1814 1272 1988 1328 caede

129 1353 258 1409 eius¹
289 1363 479 1408 motae
518 1346 896 1407 Chaucorum
930 1361 1183 1420 mentes,
1241 1362 1298 1407 et
1329 1349 1592 1408 Corbulo
1632 1355 1857 1412 semina
1892 1376 1989 1412 re—

127 1437 404 1495 bellionis
455 1436 774 1513 praebebat
816 1447 884 1493 ut
928 1435 1080 1492 laeta
1139 1437 1298 1512 apud
1339 1436 1652 1514 plerosque
1701 1439 1783 1496 ita
1829 1428 1988 1517 apud

1146 1639 1421 1682 Frisiorum.
1469 1639 1554 1683 Ed.
1570 1640 1688 1699 Spir.
1700 1642 1986 1697 frixiorum.

128 1642 424 1699 glossemate).
465 1663 524 1672 —
581 1639 696 1682 Edd.
733 1637 876 1681 Rhen.
917 1654 1015 1696 sqq.

1141 1704 1247 1751 post
1258 1698 1574 1740 rebellionem.
1622 1697 1700 1742 Sic
1712 1697 1848 1744 MSS.
1862 1701 1898 1742 F
1900 1701 1984 1743 lor.

127 1701 268 1741 iacta.
306 1697 548 1740 MS.Bodl.
565 1696 612 1738 in
635 1705 842 1739 contextu
864 1704 1017 1738 aucta.

129 1754 372 1798 Fluctuant
413 1755 689 1796 recentiores
730 1753 831 1796 edd.
869 1755 902 1796 l.
939 1752 1017 1796 Fr.

129 1811 413 1859 Gronovius,
467 1810 743 1867 Bernegger,
790 1809 1016 1867 Ryckius:

126 1870 253 1911 iacta
274 1870 349 1910 vel
363 1875 516 1910 aucta.
569 1866 761 1908 Plurimi
787 1883 889 1909 cum
901 1866 1016 1909 Rhe-

125 1941 244 1970 nano
267 1926 427 1967 ⁴iacta.
508 1923 598 1966 Alii
640 1924 693 1966 ad
745 1924 1014 1966 sententiam

123 1981 262 2040 Lipsii
295 1990 338 2023 et
359 1980 581 2025 Pichenae
603 1989 756 2023 aucta.
817 1980 1014 2024 Ursinus

125 2057 149 2084 e
176 2039 277 2084 eod.
300 2054 382 2083 suo
405 2040 597 2081 iactata.
656 2036 888 2095 Scriptura
907 2045 1016 2080 acta

123 2098 198 2144 vix
228 2095 409 2139 defendi
440 2095 623 2155 poterit.
697 2095 843 2138 Falso
874 2101 1016 2136 aucta

121 2151 415 2199 intolerabilis
434 2152 719 2212 pleonasmus
743 2161 821 2196 est.
864 2151 1013 2194 Nemo

123 2212 245 2257 enim
266 2225 319 2253 eo
339 2225 470 2253 sensu
491 2218 639 2268 potest
659 2226 820 2267 augere
844 2209 1014 2266 aliquid

121 2270 184 2314 ita
212 2276 262 2312 ut
293 2283 388 2310 non
421 2266 535 2310 falso
562 2276 732 2324 augeat.
788 2268 925 2310 Iacta
945 2266 1012 2309 vel

124 2328 302 2369 iactata
351 2326 525 2368 bonum
575 2340 756 2367 sensum
815 2324 1012 2383 praebet.

120 2384 238 2427 Nam
268 2383 362 2424 iaci
393 2381 467 2425 vel
504 2382 699 2433 iactari,
749 2389 798 2424 ut
835 2382 915 2432 sit,
964 2381 1014 2423 in

124 2455 204 2483 ore
227 2438 461 2482 hominum
486 2453 603 2486 esse,
635 2438 807 2495 saepius
833 2439 1010 2496 legitur.

122 2498 179 2542 cf.
203 2496 325 2540 Suet.
350 2495 432 2538 Iul.
455 2511 496 2538 c.
521 2494 589 2538 51.
615 2497 809 2538 disticho
839 2498 1013 2538 iactato

120 2571 153 2598 a
187 2553 405 2596 militibus
440 2567 528 2605 per
560 2551 792 2596 Gallicum
837 2554 1009 2594 trium-

119 2613 281 2665 phum.
352 2609 420 2652 ld.
450 2607 582 2653 Galb.
615 2625 655 2654 e.
678 2610 747 2653 12.
781 2612 864 2651 illa
895 2624 1008 2664 quo-

123 2683 207 2723 que
254 2681 343 2721 per
395 2667 646 2709 ludibrium
691 2668 1008 2710 luctabantur.

121 2723 413 2782 Kiesslingius
443 2724 497 2766 de
520 2724 590 2767 ed.
614 2723 730 2782 Spir.
762 2725 898 2767 falsus
933 2732 1012 2774 est,

124 2784 234 2825 dum
266 2781 418 2824 scribit
454 2779 514 2823 ibi
564 2782 651 2838 legi
691 2797 810 2838 quae
849 2783 1011 2832 nimia,

123 2842 352 2883 incertum
384 2844 439 2879 et
467 2838 676 2893 anfalso
695 2847 848 2881 aucta.
892 2837 1008 2880 Nam

122 2893 443 2939 etinillolibro
489 2895 753 2939 oniturante
770 2897 1009 2938 incertum.
1042 2909 1044 2911 ’

179 2952 368 2995 delictis.
484 2951 528 2994 S.
562 2952 684 2996 Flor.
721 2954 837 3009 (test.
869 2953 1008 3009 Vict.)

125 3009 195 3052 ed.
228 3007 344 3066 Spir.
378 3009 580 3052 delectis.
656 3010 766 3053 Mox
801 3009 1011 3053 Heinsius

124 3065 332 3122 corrigit:
362 3069 584 3109 adversus
609 3068 728 3110 levia
753 3083 777 3110 e
800 3082 853 3110 re
880 3070 1007 3110 vide-

121 3125 274 3166 batur.
333 3120 419 3164 Sed
449 3123 537 3168 vid.
561 3132 656 3167 not.
693 3125 748 3168 ad
782 3124 823 3177 4,
846 3127 890 3169 2.
924 3126 1006 3167 sub

121 3195 169 3225 v.
192 3181 474 3226 crederetur.
530 3179 634 3223 MS.
659 3180 808 3226 Guelf.
827 3196 911 3240 pro
936 3184 1010 3223 cui

122 3236 251 3280 habet
286 3237 452 3291 quoius
499 3235 543 3279 h.
573 3253 610 3279 e.
655 3239 797 3282 cuius.
884 3239 1009 3282 Idem

120 3295 426 3336 credebantur
448 3308 531 3350 pro
553 3298 834 3338 credebatur.

180 3350 292 3392 CAP.
334 3351 400 3392 19.
494 3351 712 3393 virtutem
761 3354 1005 3397 auximus.

121 3406 198 3450 Sic
225 3406 275 3457 4,
306 3407 378 3448 24.
421 3414 561 3460 auget
604 3410 743 3452 vires.
823 3411 1005 3454 Frustra

118 3462 289 3522 Lipsius
313 3463 491 3508 volebat
516 3464 698 3508 virtute.
757 3465 879 3522 Suet.
903 3468 1001 3513 Tib.

5 3526 69 3604 γ’
120 3537 162 3567 c.
183 3520 256 3564 62.
288 3522 421 3564 auxit
444 3523 706 3571 saevitiam.

198 3586 441 3638 Ticmrs
481 3585 546 3639 Il.

1089 1753 1139 1807 (t.
1157 1754 1274 1796 Vict.
1303 1769 1342 1796 c.
1357 1754 1572 1810 Pichena)
1597 1755 1714 1799 Bud.
1741 1757 1843 1799 edd.
1862 1757 1983 1814 Spir.

1086 1809 1209 1867 Lips.
1232 1810 1414 1856 Pichen.
1436 1826 1535 1868 sqq.
1565 1835 1619 1844 -
1658 1826 1747 1866 per
1765 1815 1983 1856 rebellio-

1085 1881 1197 1909 nem
1219 1866 1322 1909 MS.
1351 1866 1502 1921 Guelf,
1527 1868 1629 1911 edd.
1653 1867 1757 1914 Put.
1779 1870 1850 1913 M.
1874 1880 1916 1914 et
1928 1871 1985 1915 V.

1085 1923 1299 1966 Beroald.
1324 1923 1427 1968 Alc.
1457 1924 1602 1968 Rhen.
1631 1925 1736 1969 Ald.
1809 1928 1984 1972 Vitium

1089 1981 1311 2037 originem
1338 1982 1471 2025 traxit
1504 1999 1527 2024 e
1565 1983 1840 2039 compendio
1877 1986 2004 2030 seri⁴“

1087 2047 1260 2097 pturae.
1320 2038 1392 2080 De
1418 2055 1466 2082 re
1491 2039 1551 2082 cf.
1576 2040 1620 2088 4,
1642 2041 1699 2083 72
1719 2049 1762 2084 et
1783 2041 1853 2085 73.

1146 2102 1232 2138 aut
1254 2098 1398 2138 male.
1458 2096 1562 2141 MS.
1576 2096 1728 2141 Guelf.
1753 2106 1798 2146 et
1818 2103 1964 2144 male.

1143 2161 1349 2195 senatus.
1396 2152 1473 2197 Sic
1487 2154 1623 2198 MSS.
1635 2154 1758 2198 Flor.
1774 2162 1825 2212 (t.
1840 2158 1983 2213 Vict.)

1087 2208 1241 2253 Guelf.
1268 2209 1472 2268 ed.Spir.
1519 2211 1684 2265 Recte;
1711 2229 1817 2256 nam
1833 2216 1983 2272 plures

1084 2276 1263 2311 senatus
1289 2266 1410 2311 haud
1431 2267 1565 2312 dubie
1597 2267 1789 2313 instituit
1814 2271 1861 2314 in
1884 2272 1983 2330 plu-

1083 2325 1209 2368 ribus
1230 2323 1367 2382 pagis.
1397 2348 1456 2357 —
1513 2326 1628 2369 Edd.
1648 2325 1750 2370 Put.
1776 2327 1843 2372 M.
1870 2330 1981 2374 etV.

1083 2381 1290 2425 Beroald.
1315 2381 1418 2426 Ale.
1443 2381 1592 2425 Rben.
1614 2399 1710 2441 sqq.
1741 2395 1980 2431 senatum.

1141 2439 1422 2482 immunivit.
1513 2439 1592 2484 Sic
1640 2440 1777 2485 MSS.
1830 2442 1879 2486 Li
1915 2445 1982 2494 sii,

1082 2494 1201 2539 Bud.
1233 2497 1334 2539 edd.
1363 2496 1480 2554 Spir.
1504 2497 1624 2556 Lips.
1645 2515 1743 2558 sqq.
1775 2528 1835 2536 -—
1936 2500 1982 2546 S.

1082 2552 1121 2595 F
1121 2553 1207 2596 lor.
1223 2554 1481 2610 (test.Vict.)
1505 2557 1770 2598 immunibit
1791 2565 1841 2599 ut
1858 2562 1982 2618 su'pr.

1082 2626 1124 2653 c.
1157 2610 1201 2651 6.
1247 2611 1592 2664 cogitabz'ssent.
1671 2613 1807 2658 MSS.
1852 2615 1980 2662 Harl.

1079 2666 1312 2710 Bodl.1es-.
1328 2667 1480 2713 Guelf.
1504 2669 1606 2711 edd.
1625 2670 1729 2715 Put.
1761 2671 1830 2715 M.
1853 2682 1898 2716 et
1919 2673 1978 2718 V.

1080 2724 1188 2767 Ber.
1220 2725 1324 2767 Alc.
1358 2724 1503 2768 Rhen.
1539 2726 1642 2770 Ald.
1676 2728 1785 2770 inde
1814 2732 1977 2773 muni-

1079 2785 1162 2824 vit.
1237 2779 1466 2824 Victorius
1501 2798 1524 2825 e
1551 2799 1633 2826 suo
1660 2785 1843 2843 ingenio
1878 2804 1977 2831 cor-

1080 2839 1186 2896 rigit
1222 2839 1286 2880 ibi
1317 2839 1552 2891 munivit5
1595 2841 1828 2888 Acidalius
1866 2847 1984 2888 inibi

1081 2898 1303 2946 mum'vit;
1347 2895 1381 2938 l.
1404 2896 1441 2938 F
1442 2911 1480 2939 r.
1506 2895 1770 2944 Gronovius
1797 2903 1970 2943 immu-

1081 2955 1221 2996 nivit:
1272 2951 1460 3010 explicat
1492 2954 1700 3003 „ibidem
1729 2958 1932 3004 munivit.
1947 2958 1974 2976 '’

1080 3010 1170 3054 Sed
1205 3010 1404 3052 imitatur
1436 3008 1600 3054 Noster
1637 3013 1819 3056 verbum
1848 3030 1974 3073 grae-

1081 3085 1184 3111 cum
1219 3069 1488 3123 ἐντειχίζειν.
1553 3067 1762 3126 Xenoph.
1787 3070 1896 3129 Cyr.
1929 3072 1973 3126 3,

1081 3128 1120 3178 1,
1143 3126 1212 3169 27.
1239 3121 1441 3183 φρούρια
1472 3125 1744 3181 ἐντειχίζειν.

1140 3183 1357 3225 Chauco&
1445 3181 1529 3226 Ed.
1580 3183 1699 3241 Spir.
1759 3188 1971 3237 canebas,

1078 3239 1470 3338 mooxfiCaucorum.
1532 3238 1591 3284 cf.
1616 3248 1712 3283 not.
1737 3242 1794 3285 ad
1813 3242 1982 3303 Germ.

1078 3313 1118 3340 c.
1142 3315 1168 3339 o
1204 3330 1212 3338 .

1139 3355 1461 3401 Gannascum.
1547 3353 1634 3403 Ed.
1677 3355 1851 3400 Puteol.
1895 3357 1966 3404 M.
1979 3361 1985 3369 ³

1076 3412 1293 3453 mendose
1328 3412 1664 3454 Gamnascum.
2023 3421 2029 3427 ’

1132 3475 1216 3508 aut
1250 3470 1508 3521 degeneres.
1581 3469 1684 3513 MS.
1721 3470 1874 3517 Guelf.
1911 3489 1966 3516 ac

1076 3528 1342 3579 degeneres.

1511 3586 1536 3605 Ἴ

1488 3590 1535 3644 Q.
