2164 3990
134 148 196 183 A.
211 146 358 183 U.818.

148 193 196 227 Α.
216 191 262 227 C.
301 191 360 224 0⁵·

537 146 714 205 LlB.
746 146 879 204 XV.
958 143 1151 205 CAP.
1190 145 1290 203 36.
1328 145 1424 204 37.
1789 147 1911 204 367

62 302 276 340 norum
311 277 739 338 recordatione
757 294 1062 349 nunquam
1102 274 1313 333 timore
1358 294 1601 345 vacum,
1640 275 1913 332 deseruit

0 393 1 431 t
60 368 387 442 inceptum,
459 371 696 419 cunctas
745 359 859 424 sibi
914 379 1081 415 curas
1137 379 1336 415 amore
1389 360 1612 434 patriae
1665 360 1914 417 leviores

59 452 347 509 dictitans,
433 447 648 503 vidisse
683 455 932 500 maestos
966 444 1185 500 civium
1210 440 1685 514 vultUS‚a11dire
1726 465 1912 501 secre-

60 548 144 594 tas
179 532 605 612 querimonia3‚
647 530 807 607 quod
836 540 1068 585 tantum
1100 529 1212 586 iter
1237 530 1502 586 aditurus
1527 541 1701 598 esset,
1744 531 1913 587 cuius

59 641 134 678 ne
173 619 438 691 modicos
473 615 714 694 quidem
752 633 1011 687 egressus
1050 615 1370 671 tolerarent
1404 614 1555 681 sueti
1600 615 1912 671 adversum

56 706 301 764 fortuita
334 713 569 778 aspectu
600 699 886 775 principis
920 699 1189 759 refoveri.
1277 696 1437 773 Ergo
1476 711 1543 758 ut
1578 699 1642 755 in
1668 699 1914 774 privatis

59 787 586 848 necessitudinibus
622 783 889 860 proxima
926 784 1174 859 pignora
1212 785 1644 859 praevalerent,
1686 785 1768 842 ita
1803 804 1914 860 po-

58 857 266 952 puluin
305 872 647 932 Romanum
689 869 811 925 vim
841 869 1166 944 plurimam
1209 865 1424 926 habere
1470 860 1917 947 parendumque

56 959 354 1018 retinenti.
438 956 598 1013 Haec
623 967 795 1031 atque
818 954 957 1012 talia
987 954 1149 1029 plebi
1168 940 1427 1012 volentia
1448 956 1612 1012 fuere
1640 955 1916 1031 volupta-

57 1057 185 1102 tum
221 1042 498 1119 cupidine
532 1053 613 1110 et,
662 1050 810 1117 quae
843 1039 1155 1114 praecipua
1194 1060 1334 1096 cura
1372 1051 1484 1110 est,
1526 1041 1614 1097 rei
1647 1041 1916 1098 frumen-

58 1130 240 1187 tariae
267 1127 563 1203 angustias
588 1126 636 1183 si
662 1127 887 1181 abesset
914 1125 1217 1183 metuenti.
1304 1123 1556 1182 Senatus
1591 1137 1647 1182 et
1685 1126 1914 1202 primo-

59 1235 150 1272 res
190 1215 254 1272 in
287 1215 510 1270 incerto
551 1221 748 1279 erant,
798 1209 1007 1284 procul
1044 1229 1121 1265 an
1159 1230 1355 1266 coram
1388 1210 1643 1267 atrocior
1665 1207 1914 1268 habere-

60 1312 173 1358 tur.
282 1295 500 1355 dehinc
541 1314 690 1372 quae
729 1306 955 1369 natura¹
978 1294 1206 1368 magnis
1241 1295 1590 1366 timoribUS,
1656 1296 1915 1354 deterius

59 1384 375 1442 credebant
403 1382 562 1459 quod
591 1390 879 1439 evenerat.

221 1479 535 1541 XXXVII.
600 1478 731 1554 Ipse
768 1499 884 1555 quo
913 1479 1089 1535 fidem
1126 1479 1452 1555 acquireret
1479 1473 1635 1535 nihil
1663 1498 1915 1555 usquam

55 1569 300 1646 perinde
327 1569 543 1624 laetum
572 1565 713 1634 sibi,
754 1564 1010 1640 publicis
1036 1564 1180 1621 locis
1207 1575 1430 1621 struere
1464 1563 1733 1622 convivia
1762 1576 1914 1623 tota-

463 1814 562 1858 MS.
618 1813 770 1859 Guelf.
826 1830 946 1857 non-
1022 1813 1119 1858 edd.
1145 1814 1244 1858 Pnt.
1267 1815 1336 1859 M.
1367 1814 1484 1859 etV.
1509 1807 1716 1860 Beroald.
1747 1819 1811 1873 (c.
1842 1815 1911 1860 sii.

114 1833 372 1874 nunquam.

62 1892 222 1933 quam.

117 1951 319 1988 maestos
338 1943 506 1985 είυιιιηι
530 1958 555 1983 ι
548 1945 698 1984 ultus.
758 1942 834 1986 Sic
846 1942 948 1985 MS

59 2001 212 2046 Guelf.
237 2001 340 2044 edd.
361 1998 423 2058 Sp
428 2000 482 2044 ir.
505 1999 607 2042 Put.
628 2000 695 2043 Μ.
720 1999 833 2043 etV.
858 2000 945 2042 Be-

56 2060 197 2104 roald.
238 2060 362 2113 (cum
398 2017 468 2100 sil.
508 2056 645 2112 Vici.)
683 2057 946 2103 Ale.B1-ot.

59 2141 113 2150 —·
133 2117 298 2159 civium
317 2122 529 2157 maestos
550 2117 701 2157 vultus
723 2113 821 2157 edd.
834 2114 946 2156 Rhe-

54 2190 162 2218 nan.
181 2181 225 2216 et
247 2187 345 2230 sqq.
373 2179 473 2215 aute
495 2170 753 2215 Broteiium
782 2179 823 2215 et
846 2180 948 2229 post

57 2233 184 2274 illum
210 2245 381 2273 omnes.

114 2303 239 2357 quod
259 2307 443 2341 tantum
465 2299 553 2341 iter
573 2300 793 2341 aditurus
814 2307 945 2341 esset.

58 2358 134 2402 Sic
153 2357 257 2400 MS.
284 2355 439 2398 Guelf.
472 2356 574 2399 edd.
599 2356 699 2399 Put.
726 2356 793 2398 Μ.
820 2365 861 2397 et
887 2356 943 2397 V.

58 2417 158 2459 Ber.
185 2416 306 2469 (cum
330 2412 476 2456 silent.
505 2414 640 2469 Viet.)
665 2413 766 2455 Ale.
826 2411 945 2455 Con·

59 2483 123 2516 tra
154 2487 247 2514 non
280 2486 420 2527 aeque
453 2472 568 2514 bene
602 2474 722 2526 q'uod
757 2478 946 2512 tantum

58 2532 274 2573 aditurus
297 2535 416 2570 esset
438 2529 527 2570 uter
548 2528 651 2570 edd.
678 2527 824 2571 Rhen.
847 2543 944 2584 sqq.

57 2617 114 2623 -
134 2586 217 2628 Ed.
240 2585 357 2644 spii.
388 2588 513 2640 quod
537 2593 728 2627 tontum
752 2587 943 2626 audi-tu

55 2659 136 2688 rus
172 2651 315 2691 esset,
361 2642 529 2684 omisso
574 2643 792 2686 vocabulo
834 2644 939 2684 tter.

57 2701 237 2746 Scilicet
261 2707 445 2743 tantum
471 2707 536 2742 est
565 2700 612 2742 in
636 2699 732 2742 'fine
764 2715 945 2751 versus;

58 2772 194 2815 quare
222 2751 419 2800 coniicio
446 2771 684 2814 operarum
709 2758 830 2815 lapsu
855 2757 945 2799 iter

58 2816 173 2857 inter
214 2822 402 2855 tantum
442 2823 485 2856 et
526 2817 777 2857 auditurus
822 2814 945 2858 exci-

58 2872 188 2914 disse.

127 2939 345 2982 modicos.
440 2937 523 2981 Ed.
579 2940 696 2996 Spir.
753 2943 942 2985 medios.

60 2999 164 3042 Mox
188 2996 363 3039 eadem.
354 3010 365 3020 ·
393 2996 465 3037 ita
487 3000 712 3050 populum
746 3001 838 3041 vim
861 3014 945 3041 ro-
1000 3016 1003 3017 ⁷

57 3069 254 3097 manum
278 3054 480 3106 plurima
505 3056 689 3098 habere.
748 3055 838 3099 Pro
863 3071 942 3099 ne-

58 3111 404 3155 cessitudinibus
433 3110 532 3154 MS.
554 3112 666 3168 Agr.
693 3115 939 3156 necessita-

59 3171 188 3211 libus.
257 3167 357 3210 MS.
381 3166 533 3210 Guelf.
570 3184 652 3225 pro
680 3172 942 3239 plurimasn

57 3226 105 3268 in
151 3232 364 3269 contextu
412 3223 543 3267 habet
583 3228 844 3279 publz':‚‹cmz
894 3229 940 3272 in

57 3283 253 3339 margine
274 3281 538 3324 adnotatur·
569 3291 650 3324 aut
670 3286 941 3337 pluranam

111 3355 478 3407 parendumque.
560 3353 636 3396 Sic
685 3353 784 3397 edd.
824 3355 940 3423 Spir.

60 3409 199 3453 Rhen.
239 3426 259 3452 s
262 3424 336 3466 q.q
435 3413 727 3462 parendum,
774 3427 940 3456 omisso

60 3481 168 3522 que.
204 3425 333 3511 MSS.
364 3466 490 3524 Harl.
525 3465 764 3511 Bod1.1es.
789 3467 940 3513 Guelf.

1023 1871 1158 1929 Vict.)
1186 1873 1284 1916 Alc.

1077 1945 1278 1987 volentem
1296 1943 1455 2000 fuere.
1527 1943 1604 1988 Sic
1629 1943 1763 1988 MSS.
1787 1943 1912 1990 Flor.

1020 2002 1137 2054 (test.
1165 2001 1322 2057 Pich.)
1336 2001 1451 2045 Bud.
1480 2000 1631 2045 Guelf.
1665 2001 1765 2045 edd.
1792 2002 1822 2045 S
1849 2002 1912 2103 ¹ilr.

1020 2058 1146 2101 Pici..
1172 2073 1270 2116 sqq.
1301 2083 1358 2092 -
1411 2059 1674 2116 valentias.
1697 2059 1796 2103 edd.

1021 2116 1085 2159 M
1114 2125 1156 2158 et
1184 2116 1235 2157 V.
1261 2117 1366 2159 Ber.
1391 2121 1452 2174 (e.
1480 2116 1550 2160 sil.
1566 2116 1702 2173 Vict.)
1729 2076 1877 2162 Ale.u
1852 2141 1912 2152 -—

1020 2175 1195 2215 volenti
1209 2173 1256 2229 f.
1286 2174 1387 2217 edd.
1416 2173 1559 2217 Rhen.
1584 2172 1703 2232 Lips.
1730 2173 1913 2220 Gruter.

1019 2230 1106 2273 Sed
1139 2230 1200 2273 cf.
1230 2230 1342 2274 Hist.
1364 2231 1405 2284 3,
1428 2232 1496 2274 52.
1514 2231 1730 2274 Mucmno
1755 2235 1910 2275 volen-

1020 2290 1085 2329 tia
1120 2289 1365 2340 scripsere.
1449 2288 1688 2331 Rhenanus
1747 2305 1800 2333 ro
1833 2305 1911 2334 sua

1019 2345 1327 2387 emendatione
1352 2345 1615 2400 adfertAgr.
1637 2362 1675 2389 c.
1691 2349 1757 2389 1.
1818 2347 1909 2391 Αιι.

1018 2405 1057 2449 1,
1086 2401 1155 2446 59.
1215 2401 1329 2444 Hist.
1356 2402 1397 2450 3,
1420 2403 1490 2446 43.
1552 2403 1650 2446 MS.
1673 2378 1785 2462 Agr.
1809 2419 1910 2447 vm-

1017 2461 1240 2509 lcntt’oru,
1305 2467 1346 2502 et
1400 2460 1574 2503 emend.
1619 2463 1910 2514 'Qvolentzoro

1020 2518 1136 2558 unde
1162 2491 1368 2559 Heinsius
1394 2517 1499 2560 facit
1526 2519 1791 2561 ιοῖεηίἰονα
1808 2522 1909 2575 ple-

1016 2574 1086 2625 bi,
1119 2590 1178 2617 sc.
1210 2589 1342 2629 quam
1370 2574 1558 2617 senatui.
1620 2575 1758 2619 NIale.
1816 2602 1819 2605 -

1073 2631 1334 2684 angustias.
1383 2631 1466 2674 Ed.
1482 2632 1600 2689 Spir.
1622 2634 1907 2688 angustiam.

1071 2701 1118 2742 in
1145 2703 1339 2767 theerfo.
1414 2701 1518 2745 MS.
1557 2699 1710 2746 Guelf.
1745 2703 1905 2749 iterum

1015 2761 1214 2806 moereo,
1248 2775 1341 2802 sine
1364 2760 1428 2801 in.

1076 2829 1190 2871 CAP.
1215 2828 1286 2872 37.
1345 2831 1624 2885 acquireret.
1688 2829 1818 2876 Ed.s
1849 2832 1905 2876 ir.

1014 2888 1293 2942 acquireret*
1319 2886 1362 2932 h.
1387 2902 1426 2929 e.
1447 2883 1782 2942 acquireretur.
1821 2849 1906 2934 Ιίῖει·

1016 2945 1115 2987 dem
1144 2944 1310 3001 pergit:
1339 2945 1460 2986 nihil
1476 2958 1702 2999 unquam.

1049 3016 1260 3083 perinde
1281 3017 1460 3057 laetum
1480 3015 1592 3064 sibi,
1620 3018 1811 3069 publicis
1832 3020 1906 3061 lo-

1014 3073 1077 3114 cis
1098 3080 1166 3114 set·
1168 3087 1273 3114 uere
1297 3073 1520 3115 convissvm
1573 3046 1650 3117 Sic
1672 3073 1771 3117 edd.
1786 3074 1906 3140 Spir.

1013 3129 1115 3173 Put.
1139 3129 1206 3171 M.
1228 3139 1270 3172 et
1296 3130 1349 3172 V.
1378 3130 1478 3171 Bel.
1509 3133 1571 3186 (c.
1597 3129 1745 3174 silent.
1763 3131 1905 3190 vict.)

1015 3186 1114 3231 Alc.
1147 3186 1287 3228 Rhen.
1320 3202 1417 3244 sqq.
1449 3201 1549 3230 cuin
1589 3185 1659 3240 sil
1686 3187 1906 3234 Pichenae

1016 3253 1058 3287 et
1101 3242 1456 3286 1ac.G1-onovii.
1549 3243 1703 3299 Quare
1745 3245 1902 3296 miror,

1016 3299 1134 3342 unde
1159 3299 1340 3343 Heinsio
1375 3308 1416 3343 et
1444 3299 1663 3344 Obeilino
1691 3302 1903 3348 innotue-

1016 3358 1071 3400 rit
1108 3355 1150 3399 in
1183 3356 1282 3399 MS.
1309 3356 1431 3401 Flor.
1464 3373 1557 3400 esse
1586 3362 1738 3402 locum
1770 3363 1900 3406 locis.

1016 3414 1118 3457 MS.
1143 3413 1258 3457 Bud.
1280 3416 1482 3468 perinne
1502 3418 1655 3458 locum
1677 3417 1769 3462 sibi
1798 3420 1900 3462 Iae-

1017 3480 1115 3513 tum
1152 3472 1282 3525 publ.
1323 3474 1453 3520 locis.
1507 3472 1625 3518 unde
1658 3473 1901 3521 Rhenanus
