2164 3990
199 204 248 241 A.
261 194 314 240 υ.
327 202 420 237 sn..

199 252 252 286 A.
266 247 313 284 c,
347 246 411 280 σο.

615 205 791 268 LIB.
823 205 994 268 XIV.‘
1063 206 1258 274 CAP.
1295 210 1355 273 4.
1392 211 1451 275 5.

1836 217 1961 279 235

110 337 710 396 ibihlandimentum
752 335 1080 394 sublevavit
1131 351 1383 411 metum,
1412 345 1683 401 :comiter
1727 359 1962 422 excepta

112 422 402 500 superque
450 422 646 497 ipsum
692 420 991 480 collocata.

1087 444 1228 481 nam
1272 427 1544 503 pluribus
1593 433 1964 489 sermonibus

111 510 290 565 modo
339 505 735 564 familiaritate
785 505 1035 563 iuvenili
1074 507 1232 567 Nero
1290 523 1347 569 et
1399 533 1602 570 rursus
1657 517 1963 588 adductuS‚

111 592 281 670 quasi
317 592 468 648 seria
505 589 895 661 consociaret,
945 603 1137 650 tracto*
1167 596 1232 652 in
1257 596 1500 671 longum
1524 600 1794 658 convictu
1819 622 1963 676 pro-

109 678 375 756 sequitur
409 678 726 752 abeuntem
758 677 942 732 'artius
965 679 1150 735 oculis
1177 692 1233 737 et
1257 684 1480 756 pectori
1505 672 1782 755 haerens,
1836 687 1960 743 sive

113 763 400 840 explenda
454 761 830 817 simulatione
884 781 986 819 seu
1043 765 1338 838 periturae
1395 770 1600 826 matris
1655 790 1965 846 supremus

109 859 374 925 aspectus
401 846 670 924 quamvis
694 847 888 903 ferum
916 847 1184 905 animum
1210 853 1519 914 retinebat.

280 982 357 1046 V.
421 982 669 1042 Noctem
725 982 1019 1040 sideribus
1074 985 1384 1043 inlustrem
1433 1000 1489 1046 et
1529 990 1762 1065 placido
1809 993 1962 1048 mari

109 1070 370 1149 quietam
406 1070 575 1147 quasi
611 1069 1085 1127 convincendum
1131 1071 1207 1127 ad
1255 1073 1440 1130 scelus
1488 1075 1575 1131 dii
1620 1076 1993 1152 praebuere(

106 1292 262 1342 Baias,
299 1291 405 1336 inde
440 1291 604 1337 Baulos
632 1299 838 1346 repetens
870 1289 996 1332 frau-

106 1350 209 1393 dem
240 1357 416 1408 experta
443 1359 525 1394 est.
586 1349 646 1393 cf.
671 1348 861 1392 sueton.
887 1346 994 1389 Ner.

106 1422 149 1451 c.
171 1406 242 1451 34.
275 1407 352 1466 qui
388 1408 600 1463 expressis
631 1405 804 1451 verbis:
845 1406 998 1457 Repe-

107 1465 314 1522 tentique
336 1464 514 1507 Baulos
537 1465 586 1506 in
610 1466 761 1505 locum
796 1462 1002 1517 corrupti

103 1523 286 1576 navigii
309 1523 635 1565 machinosum
667 1521 786 1562 illud
814 1520 995 1563 obtulit.

107 1579 355 1624 confusior
389 1579 523 1622 etiam
547 1577 799 1636 Xiphilinus
831 1579 901 1625 61,
927 1576 1000 1620 13.

107 1636 183 1695 qui
208 1637 262 1680 de
289 1635 500 1681 convivio
529 1635 680 1678 Baulis
708 1634 858 1678 habito
892 1651 999 1676 nar-

104 1702 188 1745 rat,
207 1709 319 1751 quae
333 1692 497 1736 Noster
515 1694 568 1736 de
590 1691 805 1736 convivio
820 1691 1002 1743 Baiano,

104 1749 173 1793 his
194 1750 349 1794 ,verbis
384 1750 458 1793 ille
492 1766 620 1794 usus:
673 1745 825 1793 ἐλθών
857 1764 902 1792 τε
938 1753 1001 1798 εἰς

100 1803 339 1862 Βαύλους,
374 1805 541 1851 δεῖπνά
565 1822 612 1852 τε
637 1808 999 1851 πολυτελέστατα

102 1865 180 1910 ἐπὶ
199 1864 374 1915 πολλὰς
389 1862 559 1926 ἡμέρας
578 1867 786 1920 ἐποίησε,
818 1867 894 1907 καὶ
917 1863 1000 1919 τὴν

100 1926 274 1981 μητέρα
352 1925 404 1968 ἐν
475 1923 632 1972 αὐτοῖς
701 1918 999 1980 φιλοφρόνως

100 1985 343 2026 εἰστίασεν,
437 1982 560 2027 Idem
612 1982 659 2022 in
711 1980 997 2038 praecedenti

102 2040 235 2083 etiam
267 2038 522 2085 narratione
553 2054 578 2085 a
601 2036 758 2080 Tacito
794 2037 996 2083 diversus

102 2097 264 2140 tradit:
298 2093 454 2157 πόῤῥω
476 2097 529 2141 δὲ
551 2096 596 2144 ἐς
615 2093 697 2149 τὴν
708 2098 998 2153 Καμπανίαν

101 2152 284 2213 ἀπάρας
323 2157 400 2198 καὶ
441 2151 728 2209 παραλαβών
770 2152 854 2207 τὴν
905 2170 998 2212 μη-

100 2215 208 2271 τέρα
232 2215 452 2258 ἔπλευσεν
473 2212 540 2256 ἐπ’
566 2211 705 2266 αὐτῆς
727 2211 899 2266 ἐκείνης
923 2213 1001 2265 τῆς

100 2270 214 2322 νεὼς
274 2267 578 2328 λαμπρότατα
640 2271 995 2328 κεκοσμημένης,

101 2327 164 2379 ὥς·
204 2332 283 2376 καὶ
327 2331 584 2387 ἐπιθυμίαν
625 2326 739 2387 αὐτῇ
781 2328 1001 2386 ἐμβαλεῖν

104 2386 180 2431 ἀεί
217 2402 330 2432 ποτε
369 2388 423 2447 τῇ
463 2384 546 2441 νηΐ
574 2388 796 2452 χρῆσθαι..
867 2384 999 2431 Varia

102 2446 241 2505 igitur
262 2446 317 2488 de
338 2444 422 2488 hae
440 2459 490 2486 re
517 2444 696 2486 traditio
724 2441 842 2499 apud
874 2450 997 2483 vete-

105 2520 178 2546 res
215 2503 354 2546 fuisse
384 2501 581 2547 videtur.
657 2500 867 2543 Ceterum
897 2498 998 2541 MS.

104 2560 240 2606 Corb.
272 2561 448 2604 loeumz
486 2558 747 2610 gestamine
770 2565 856 2599 ete.
890 2571 997 2598 cor-

101 2619 273 2676 rumpit
305 2616 391 2661 sic:
443 2622 701 2664 maestam,
746 2615 999 2663 misellam,

105 2677 292 2724 Baulos
307 2681 601 2731 provectam.

158 2786 546 2829 blandimentum.
607 2782 710 2826 MS.
732 2781 846 2840 Agr.
871 2784 998 2824 blan-

104 2846 334 2887 alimento.

160 2963 353 3003 metum.
423 2952 506 2996 Ed.
536 2951 654 3008 Spir.
689 2958 831 2994 metu.
904 2948 994 2993 Sed

103 3013 164 3058 ef.
186 3011 310 3057 Caes.
333 3011 387 3053 B.
416 3011 466 3055 C.
494 3010 536 3059 3,
561 3010 629 3052 80.
662 3012 726 3051 ad
747 3010 992 3051 sublevan-

105 3074 220 3112 dam
278 3070 488 3110 omnium
550 3081 714 3109 rerum
765 3066 992 3119 inopiam.

102 3126 252 3170 Verba
276 3124 530 3183 sequentia:
573 3125 769 3167 comiter
799 3131 996 3177 excepta

103 3198 330 3239 superque
381 3183 534 3237 ipsum
579 3184 808 3223 collocata
856 3181 996 3221 ratio-

103 3256 210 3284 nem
236 3239 455 3289 reddunt,
494 3248 685 3295 suntque
716 3237 789 3280 hic
819 3236 995 3280 ablativi

102 3297 308 3342 absoluti.
368 3295 442 3339 Nil
463 3296 597 3354 igitur
623 3311 736 3353 opus
761 3302 825 3336 est
850 3310 998 3336 emen-

106 3353 281 3397 datione
311 3353 508 3396 Heinsii:
550 3355 744 3395 comiter
775 3359 996 3403 exceptae

105 3425 333 3466 supraque
359 3412 512 3465 ipsum
536 3411 815 3458 collocatae,
855 3417 930 3450 aut
956 3409 992 3453 Ι.

108 3466 193 3510 Ὲτ.»
232 3466 483 3513 Gronovii:
552 3468 617 3509 ibi
666 3466 996 3508 blandimenta

111 3526 410 3569 sublevatum
450 3534 629 3571 metum
669 3522 862 3566 comiter
907 3538 993 3565 ex!

1069 1298 1250 1390 {eptam
1298 1309 1529 1353 superque
1564 1298 1716 1353 ipsum
1754 1303 1959 1347 colloca-

1091 1364 1161 1394 ae.

1114 1436 1462 1493 familiaritate
1504 1443 1699 1487 iuvenili.
1775 1445 1959 1490 Heinsio

1068 1494 1308 1539 videbatur
1348 1497 1473 1541 nihili
1517 1515 1609 1543 esse
1641 1502 1960 1556 familiaritas

1072 1551 1148 1596 illa
1190 1555 1419 1598 iuvenilis.
1493 1555 1771 1603 Coniiciebat
1805 1562 1960 1605 audaci

1073 1626 1156 1654 suo
1179 1627 1328 1655 more:
1369 1614 1558 1670 iamque
1579 1618 1753 1659 ludicri
1771 1633 1957 1660 sermo-

1071 1669 1149 1709 nis
1202 1672 1434 1724 admotis
1471 1674 1714 1716 hilaritate
1772 1678 1965 1719 iuvenili

1070 1726 1217 1775 Nero,
1248 1736 1292 1769 et
1313 1742 1483 1771 rursus
1506 1733 1734 1776 adductis.
1793 1732 1959 1779 Taedet

1071 1782 1175 1827 talia
1197 1784 1385 1829 adferre.

1127 1874 1372 1914 adductus.
1433 1872 1490 1915 cf.
1533 1873 1599 1924 12,
1630 1874 1672 1917 7.
1705 1878 1963 1921 adductum

1070 1930 1212 1983 quasi
1248 1936 1293 1970 et
1335 1930 1463 1972 virile
1505 1932 1764 1976 servitium.
1847 1933 1961 1978 Hist.

1067 1985 1109 2035 3,
1130 1986 1172 2028 7.
1202 1987 1446 2030 adductius
1473 2019 1484 2029 .
1501 2019 1512 2031 .
1529 2020 1539 2030 .
1564 1989 1877 2045 imperitabat.

1128 2077 1297 2113 tracto.
1357 2069 1440 2113 Ed.
1466 2069 1580 2128 Spir.
1608 2078 1781 2116 tractu.

1128 2153 1292 2195 artius.
1356 2152 1432 2196 Sic
1463 2153 1531 2197 ed.
1556 2154 1677 2213 Spir.
1703 2165 1743 2199 et
1768 2167 1957 2203 reeentt.

1070 2210 1176 2252 inde
1217 2225 1240 2251 a
1268 2210 1317 2252 Li
1354 2227 1387 2252 s.
1426 2211 1582 2268 prima.
1653 2216 1830 2258 arctius
1862 2216 1961 2262 MS.

1073 2267 1224 2311 Guelf.
1258 2268 1311 2310 ed
1350 2300 1359 2310 .
1389 2268 1491 2310 Put.
1519 2269 1586 2311 Μ.
1610 2278 1652 2312 et
1675 2270 1730 2315 V.
1753 2273 1960 2319 Beroald.

1070 2326 1196 2425 Ξξίιάῃι
1244 2325 1421 2369 silentio
1474 2326 1614 2384 vict.)
1666 2330 1763 2373 Alc.
1817 2331 1958 2377 Rhen.

1128 2468 1284 2514 oculis.
1343 2466 1549 2510 Heinsius
1581 2467 1746 2517 frustra
1770 2472 1963 2524 coniecit

1069 2525 1249 2567 osculis.
1311 2523 1426 2568 Nam
1459 2542 1560 2568 mox
1594 2527 1792 2586 sequitur
1818 2545 1960 2586 ,aspe-

1069 2589 1181 2625 ctus.

1125 2669 1365 2724 explenda
1398 2668 1714 2712 simulatione.
1784 2671 1959 2716 Ablati-

1069 2742 1148 2768 vus
1184 2740 1360 2767 causam
1394 2724 1587 2768 indicat:
1633 2725 1829 2786 intellige
1866 2730 1963 2775 sive

1070 2798 1149 2841 per
1184 2781 1542 2829 simulationem,
1595 2798 1706 2840 quae
1748 2787 1960 2845 explenda

1069 2848 1199 2883 esset.
1262 2837 1320 2882 cf.
1343 2839 1384 2887 3,
1409 2839 1475 2881 19.
1508 2842 1766 2883 ulciscenda
1792 2853 1963 2895 morte.

1067 2897 1134 2940 Ne
1152 2895 1292 2965 igitur
1316 2906 1458 2939 mutes
1483 2900 1748 2952 explendae
1764 2902 1961 2944 simula·

1068 2955 1208 3004 tiom,
1255 2954 1321 2996 uti
1355 2953 1562 2997 volebant
1592 2956 1767 3013 Lipsius
1802 2967 1844 3002 et
1878 2959 1962 3002 Pi-

1067 3013 1221 3060 chena,
1246 3012 1456 3069 quodque
1478 3013 1636 3067 probat
1648 3013 1958 3074 Kiesslingius.

1068 3069 1127 3112 cf.
1165 3069 1381 3111 Giinther
1416 3067 1463 3108 in
1494 3069 1728 3114 Athenaeo
1762 3073 1868 3118 Vol.
1899 3075 1956 3120 ll.

1067 3125 1175 3170 fase.
1201 3128 1243 3170 2.
1277 3141 1318 3183 p.
1338 3125 1437 3168 276.

1126 3210 1337 3265 quamvis
1371 3209 1540 3264 serum
1586 3211 1818 3263 animum.
1897 3216 1958 3265 cf.

1070 3276 1165 3310 not.
1188 3267 1242 3309 ad
1269 3269 1306 3315 1,
1329 3267 1400 3310 76.

1125 3350 1237 3393 CAP.
1287 3350 1329 3391 5.
1408 3351 1648 3395 sideribus.
1730 3354 1807 3400 Sic
1854 3358 1956 3406 MS.

1069 3407 1220 3449 Guelf.
1239 3406 1308 3450 ed.
1322 3406 1352 3449 S
1387 3406 1438 3450 ir.
1456 3417 1498 3450 et
1520 3418 1958 3470 meeum—syderi-

1068 3468 1153 3507 bus
1195 3464 1298 3508 edd.
1383 3473 1442 3507 ut.
1480 3466 1546 3509 M.
1580 3475 1622 3509 et
1658 3466 1711 3511 V.
1748 3471 1954 3522 Beroald.

1067 3522 1125 3575 (c.
1150 3521 1219 3565 sil.
1241 3520 1376 3577 Viet.)
1400 3522 1496 3566 Alc.
1515 3521 1658 3569 Rhen.
1683 3526 1788 3572 Ald.
