2164 3990
592 237 765 300 ΜΒ.
785 216 960 298 *x1v.
1033 234 1227 301 CAP.
1263 241 1363 300 31.
1388 202 1498 301 δὲ
1782 250 1786 259 ·
1842 247 1969 304 277

113 373 366 431 ducibus
410 368 626 425 nostris
664 387 876 442 parum
907 368 1210 441 provisum
1239 379 1389 438 erat,
1442 368 1586 425 dum
1621 373 1968 430 amoenitati

116 459 282 535 prius
310 475 489 532 quam
513 453 648 510 usui
673 451 1020 511 consulitur.
1099 500 1105 503 .
1932 468 1936 471 ’

282 535 537 598 XXXII.
581 535 777 593 'Inter
816 556 966 611 quae
1002 536 1169 592 nulla
1206 536 1402 610 palam
1435 556 1612 594 *causa
1659 537 1964 613 delapsum

102 623 516 686 Camuloduni
557 621 935 677 simulacrum
968 620 1266 678 Victoriae
1304 641 1370 677 ac
1402 633 1558 678 retro
1601 642 1964 694 conversum,

114 712 282 790 quasi
328 710 574 767 cederet·
600 703 888 766 hostibus,
921 725 924 727 ’
989 717 1046 762 et
1079 705 1330 762 feminae
1362 706 1426 761 in
1458 708 1660 763 furore
1696 708 1963 765 turbatae

112 798 310 854 adesse
341 794 583 852 exitium
617 792 919 849 canebant.
1006 803 1388 866 externosque
1413 791 1678 848 fremitus
1704 792 1771 847 in
1799 793 1961 849 curia

113 901 318 938 eorum
353 878 611 946 audit05‚
652 876 1028 933 consonuisse
1062 875 1388 932 ululatibus
1419 871 1711 934 theatrum
1742 877 1961 933 visam-

110 959 233 1044 que
260 965 509 1041 speciem
556 963 622 1018 in
661 960 947 1017 aestuario
980 959 1262 1016 Tamesae
1310 961 1622 1018 subversae
1655 962 1962 1020 ‘coloniae't

112 1053 229 1109 iam
270 1047 578 1107 Oceanum
616 1058 856 1103 cruento
889 1056 1154 1119 aspecta,
1217 1044 1513 1101 dilabente
1548 1056 1710 1103 aestu
1745 1042 1960 1103 huma-

108 1152 325 1193 norum
352 1153 664 1209 corporum
700 1131 914 1204 effigies
946 1129 1176 1186 relictas
1198 1140 1264 1184 ut
1287 1127 1563 1186 Britanni
1586 1132 1661 1187 ad
1692 1151 1855 1206 spem
1879 1132 1961 1190 ita

109 1219 370 1280 veterani
403 1220 479 1276 ad
509 1227 728 1274 metum
763 1211 1092 1273 trahebant.
1178 1213 1296 1271 Sed
1331 1214 1470 1292 quia
1504 1217 1712 1290 procul
1749 1215 1963 1275 Sueto,-

205 239 256 273 A.
276 238 328 274 U.
346 237 429 272 815.

204 284 257 319 A.
273 280 320 316 C.
370 282 428 315 02.

1066 1443 1169 1488 edd.
1190 1442 1296 1487 Put.
1320 1443 1387 1487 M.
1410 1452 1452 1487 et
1474 1442 1531 1488 V.
1556 1444 1658 1488 Ber.
1682 1446 1786 1493 Alc.
1806 1444 1954 1502 Rhen-

1064 1518 1163 1559 sqq.
1223 1501 1456 1543 Broterius
1487 1501 1540 1543 ad
1569 1502 1689 1547 hunc
1708 1505 1858 1547 locum
1881 1506 1954 1549 ad·

1065 1566 1215 1601 notat:
1263 1558 1526 1615 „Corrupte
1568 1559 1613 1602 in
1654 1560 1789 1604 MSS.
1829 1561 1954 1607 Harl.

1064 1615 1197 1658 Bodl.
1234 1614 1317 1658 les.
1350 1614 1460 1673 Reg.
1499 1615 1548 1657 in
1579 1619 1826 1660 aestuario
1862 1634 1950 1662 no-

1065 1680 1167 1714 tam
1201 1687 1301 1715 esse
1335 1675 1580 1715 subversae
1610 1677 1839 1725 coloniae,
1879 1674 1951 1719 vel

1063 1731 1111 1772 in
1147 1736 1457 1772 estumootam
1489 1744 1561 1772 ese
1595 1733 1678 1774 sub
1710 1747 1793 1774 ver
1827 1734 1955 1776 colo-

1061 1788 1183 1830 niae.
1196 1786 1223 1803 '’
1299 1786 1527 1828 Posterius
1558 1797 1622 1830 est
1652 1789 1697 1830 in
1733 1789 1802 1833 ed.
1836 1786 1952 1845 spir.

1094 1860 1175 1886 uae
1197 1843 1460 1901 plerumque
1485 1845 1709 1888 consentit
1728 1861 1832 1889 cum
1850 1847 1951 1891 MS.

1061 1901 1197 1958 leg.‚
1261 1902 1325 1943 uti
1367 1899 1491 1943 Harl.
1532 1901 1666 1945 Bodl.
1710 1902 1796 1946 les.
1844 1920 1948 1948 cum

1063 1957 1216 2001 Guelf.

1117 2015 1217 2056 iam
1255 2014 1490 2057 Oceanum
1523 2045 1638 2058 .....
1675 2018 1944 2061 trahebant.

1059 2071 1135 2116 Sic
1158 2071 1256 2115 edd.
1276 2081 1460 2115 recentt.
1485 2071 1588 2114 inde
1609 2089 1632 2116 a
1648 2072 1766 2133 LiPS.
1787 2074 1947 2132 prima.

1058 2130 1140 2174 Ed.
1184 2127 1305 2187 Spir.
1346 2129 1459 2172 Iam
1513 2144 1712 2174 oceanus
1757 2135 1949 2174 cruento

1058 2194 1242 2238 aspectu
1273 2188 1334 2228 stc
1362 2189 1544 2228 labente
1579 2194 1682 2229 estu
1710 2190 1949 2231 humano-

1059 2261 1167 2287 rum
1213 2258 1465 2298 corporum
1512 2244 1685 2301 effigies
1729 2244 1948 2288 relictae:

164 1448 277 1494 CAP.
291 1447 361 1492 32.
411 1445 738 1491 Camuloduni.
784 1443 866 1488 Ed.
879 1443 995 1502 Spir.

107 1525 212 1553 cum
236 1506 340 1551 cod.
363 1503 514 1548 Guelf.
538 1503 815 1547 Camuloda.

163 1582 359 1622 eederet.
433 1574 536 1618 MS.
561 1573 670 1630 Agr.
705 1581 748 1615 et
782 1572 850 1616 ed.
874 1571 991 1630 Spir-

105 1640 282 1680 cedens.

154 1705 368 1762 feminae
384 1705 431 1746 i‘n
441 1701 618 1758 furore
639 1702 868 1742 turbatae.
919 1699 995 1742 Sic

105 1763 241 1810 MSS.
273 1770 316 1804 et
345 1762 447 1804 edd.
473 1767 605 1807 vett„
635 1758 719 1800 nisi
746 1757 864 1815 quod
889 1757 989 1799 MS.

106 1824 216 1880 Agr.
250 1818 416 1862 omittit
448 1819 508 1860 in.
579 1815 665 1859 Sed
697 1815 754 1857 ob
790 1813 993 1871 pleonas-

106 1895 257 1924 mum.
301 1876 376 1933 qui
411 1874 590 1920 videtur
623 1887 717 1914 esse
749 1871 797 1913 in
830 1871 990 1921 verbis,

105 1936 235 1981 hodie
257 1951 303 1977 ex
322 1933 479 1975 Faerni
498 1929 809 1973 emendatione
827 1928 989 1970 edunt:

103 1997 150 2038 in
157 1993 376 2049 furorem
399 1990 624 2032 turbatae.
666 1986 823 2027 Manet
841 1994 989 2026 tamen

101 2052 221 2094 idem
244 2048 542 2106 pleonasmus.
603 2043 714 2086 Nan·
736 2057 877 2084 unum
900 2042 987 2084 suf-

101 2108 215 2158 ficit,
244 2109 289 2148 in
308 2104 482 2160 surore
508 2100 580 2146 vel
606 2101 839 2143 turbatae.
904 2100 987 2140 Ve-

99 2181 204 2210 rum
222 2162 258 2206 si
281 2162 379 2219 quis
405 2158 582 2204 docebit
602 2157 741 2200 alium
760 2156 986 2213 quendam

102 2221 372 2279 elegantium
409 2217 680 2275 scriptorum
723 2229 854 2256 usum
895 2213 985 2255 sor-

101 2280 246 2325 mula:
290 2279 339 2319 in
365 2277 592 2333 furorem
627 2273 837 2322 turbare,
879 2269 986 2313 mihi

101 2351 280 2396 quoque
313 2333 475 2379 Faerni
514 2328 766 2373 emendatio
806 2336 987 2384 accepta

101 2395 203 2439 erit.
295 2391 480 2434 Interim
533 2387 737 2430 retinebo
783 2394 986 2430 veterem

101 2451 385 2508 scripturam.
474 2443 754 2501 praepositio
806 2444 879 2489 in,
938 2449 986 2482 ut

101 2523 310 2569 graecum
329 2506 400 2562 ἐν,
434 2502 603 2546 indicat
626 2516 830 2547 causam,
861 2498 986 2540 unde

99 2564 270 2624 aliquid
312 2563 368 2606 sit
408 2557 710 2605 derivandum.
800 2555 987 2598 Germa-

25 2611 36 2618 .
100 2624 225 2668 nice:
258 2624 356 2663 und
384 2618 457 2661 W
456 2620 576 2660 eiber
598 2616 647 2657 in
669 2617 750 2657 der
774 2615 824 2656 V
807 2613 984 2713 1{rudr-

827 2671 993 2713 ‘tenini

98 2696 220 2735 rung
270 2682 354 2720 des
413 2674 717 2731 Wahnsinns.

100 2745 251 2782 mente
286 2733 455 2777 turbari
486 2730 615 2773 variis
647 2728 790 2772 causis
826 2727 984 2784 aliquis

100 2803 269 2854 potest,
299 2793 345 2834 in
369 2798 516 2840 metu,
549 2787 595 2830 in
647 2787 805 2834 audio,
833 2785 880 2826 in
905 2786 985 2832 ira,

100 2862 197 2896 tum
230 2860 272 2893 et
299 2849 346 2891 in
379 2848 547 2890 surore.
653 2843 752 2886 ideo
777 2851 820 2886 et
839 2842 984 2884 Kiess-

99 2907 288 2967 litigium
326 2914 522 2949 veterem
558 2900 824 2959 scripturam
856 2915 986 2957 repo-

101 2967 252 3010 suisse.
310 2963 421 3004 Mox
446 2958 546 3003 MS.
570 2957 722 3017 Quelf.
758 2956 985 3001 ululanti-

100 3025 184 3067 bus
209 3037 291 3080 pro
319 3018 584 3062 ululatibus.

158 3100 467 3146 externosque
491 3119 503 3132 .
527 3120 537 3131 .
563 3119 574 3131 .
602 3087 854 3129 theatrum.
924 3082 983 3128 cf.

100 3152 192 3195 Dio
214 3150 283 3200 62,
308 3150 347 3190 1.

95 3231 98 3233 ’
158 3223 204 3263 in
254 3218 491 3261 aestuario
543 3215 787 3257 Tamesae.
879 3210 982 3254 MS.

103 3278 225 3322 Flor.
260 3280 382 3330 (test.
419 3273 628 3327 Piehen.)
671 3272 717 3312 in
751 3270 984 3312 aestuario

105 3343 204 3378 tam
238 3349 365 3384 escle,
403 3330 525 3374 unde
558 3330 571 3370 i
606 3345 654 3370 so
686 3326 879 3369 Pichena
910 3343 984 3369 au·

105 3400 228 3435 ctore
250 3391 362 3434 facta
383 3396 487 3432 sunt
509 3345 638 3430 hogie
667 3382 859 3440 vulgata.
909 3382 985 3426 Vi-

104 3447 276 3491 ctorius
296 3454 443 3490 tamen
464 3444 674 3488 intactam
688 3441 866 3498 reliquit
878 3441 984 3484 scri-

105 3512 305 3562 pturamz
349 3505 397 3546 in
421 3500 662 3545 aestuario
685 3505 849 3540 notam
876 3512 986 3547 esse,

106 3577 239 3619 quam
291 3560 440 3604 ferunt
488 3556 626 3608 MSS.
668 3553 822 3604 Guelf.
864 3554 982 3604 Bud.

1058 2310 1107 2344 ut
1131 2302 1360 2343 Britanni
1389 2305 1453 2342 ad
1477 2316 1608 2356 spem
1636 2303 1706 2344 ita
1736 2304 1952 2346 veterani

1058 2362 1122 2400 acl
1144 2367 1321 2405 metum
1342 2361 1666 2402 trahebantur.
1724 2358 1841 2403 Cum
1872 2360 1946 2404 ed.

1057 2416 1175 2472 Spir.
1231 2415 1456 2474 conspirat
1503 2414 1802 2466 Puteolanus,
1860 2416 1947 2461 nisi

1057 2472 1180 2530 quod
1201 2471 1357 2514 scribit
1376 2487 1600 2514 occeanus
1616 2473 1696 2527 (sic
1707 2482 1749 2516 et
1763 2466 1945 2531 Guels.),

1057 2537 1101 2570 et
1125 2535 1357 2580 moetum,
1386 2538 1556 2585 puncto
1580 2530 1724 2587 posito
1746 2540 1847 2579 ante
1866 2534 1944 2574 sic.

1056 2586 1252 2628 Eandem
1292 2585 1382 2628 loci
1420 2586 1640 2628 rationem
1681 2587 1944 2645 praeferunt

1057 2643 1191 2687 MSS.
1207 2641 1330 2689 Flor.
1349 2643 1625 2696 (testantibus
1637 2643 1838 2688 victorio
1862 2660 1942 2703 per

1056 2700 1283 2744 silentium
1320 2707 1362 2741 et
1390 2699 1477 2743 lac.
1499 2698 1734 2744 Gronovio
1769 2701 1946 2747 disertis·

1057 2757 1225 2811 verbis)
1250 2756 1357 2813 Reg.
1378 2756 1499 2800 Harl.
1522 2757 1653 2801 Bodl.
1676 2758 1760 2802 les.
1786 2757 1938 2802 Guelf.

1057 2815 1118 2874 At
1161 2814 1401 2859 Rhenanus
1446 2813 1580 2858 tacite
1635 2814 1778 2859 dedita
1828 2817 1941 2862 Iam

1059 2872 1294 2916 Oceanum
1339 2880 1528 2914 cruento
1575 2881 1780 2926 aspectu.
1865 2872 1941 2916 Sia

1054 2931 1238 2971 labente
1274 2936 1436 2980 aestu,
1477 2930 1803 2977 humanorum
1836 2944 1940 2976 cor-1

1051 3002 1225 3042 porum
1257 2983 1434 3042 effigies
1467 2987 1672 3031 relictae.
1736 2990 1800 3031 Ut
1823 2988 1944 3030 Bra}

1057 3044 1201 3093 tamti,
1223 3047 1286 3084 ad
1317 3057 1474 3096 spem,
1523 3043 1592 3086 ita
1632 3046 1846 3087 veterani
1873 3048 1939 3086 ad

1057 3109 1230 3143 metum
1260 3102 1587 3145 trahebantur.
1663 3103 1735 3144 An
1762 3109 1940 3145 secutus

1054 3159 1109 3202 sit
1126 3158 1309 3203 MStum
1327 3155 1440 3206 Bud.
1465 3158 1634 3202 nescio.
1695 3157 1941 3207 Oberlinus

1056 3231 1160 3258 sane
1186 3213 1383 3272 prodidit
1411 3213 1473 3256 ibi
1501 3229 1593 3257 esse
1620 3218 1940 3260 trahebantur.

1058 3272 1187 3327 Quae
1219 3271 1255 3316 si
1286 3271 1563 3321 contuearis,
1592 3282 1712 3330 patet
1740 3281 1939 3322 veterum

1055 3330 1279 3376 librorum
1321 3328 1592 3384 scripturam
1642 3345 1734 3373 esse
1781 3322 1936 3382 cortu}

1055 3396 1202 3446 ptam3
1254 3385 1384 3432 hodie
1416 3386 1639 3442 vulgatam
1678 3402 1937 3446 quanquam

1054 3459 1164 3486 sano
1188 3458 1317 3485 seusu
1341 3442 1586 3500 necinepta
1609 3446 1940 3496 construetione

1056 3500 1190 3543 nimis
1234 3509 1382 3543 tamen
1427 3499 1635 3555 recedere
1672 3517 1697 3544 a
1735 3511 1938 3548 veterum

1056 3558 1275 3608 librorum
1303 3554 1522 3614 vestigiis,
1550 3557 1627 3615 qui
1649 3574 1941 3614 manag-,013-
