<?xml version="1.0" encoding="UTF-8"?>
<!DOCTYPE html PUBLIC "-//W3C//DTD XHTML 1.0 Transitional//EN"
    "http://www.w3.org/TR/xhtml1/DTD/xhtml1-transitional.dtd">
<html xmlns="http://www.w3.org/1999/xhtml" xml:lang="en" lang="en">
 <head>
  <title>
</title>
<meta http-equiv="Content-Type" content="text/html;charset=utf-8" />
  <meta name='ocr-system' content='tesseract 3.04.00' />
  <meta name='ocr-capabilities' content='ocr_page ocr_carea ocr_par ocr_line ocrx_word'/>
</head>
<body>
  <div class='ocr_page' id='page_1' title='image "./operarecensuitet02taciuoft/operarecensuitet02taciuoft_0272.png"; bbox 0 0 2164 3990; ppageno 0'>
   <div class='ocr_carea' id='block_1_1' title="bbox 1803 140 2024 180">
    <p class='ocr_par' dir='ltr' id='par_1_1' title="bbox 1803 140 2024 180">
     <span class='ocr_line' id='line_1_1' title="bbox 1803 140 2024 180; baseline 0.018 -4"><span class='ocrx_word' id='word_1_1' title='bbox 1803 142 1855 176; x_wconf 78' lang='lat' dir='ltr'><strong>A.</strong></span> <span class='ocrx_word' id='word_1_2' title='bbox 1868 140 1929 176; x_wconf 75' lang='lat' dir='ltr'><strong>U.‘</strong></span> <span class='ocrx_word' id='word_1_3' title='bbox 1939 142 2024 180; x_wconf 69' lang='lat'><strong>814.</strong></span> 
     </span>
    </p>
   </div>
   <div class='ocr_carea' id='block_1_2' title="bbox 250 139 2024 222">
    <p class='ocr_par' dir='ltr' id='par_1_2' title="bbox 250 139 2024 222">
     <span class='ocr_line' id='line_1_2' title="bbox 250 139 2024 222; baseline 0.002 -17"><span class='ocrx_word' id='word_1_4' title='bbox 250 147 378 207; x_wconf 72' lang='lat'><strong>262</strong></span> <span class='ocrx_word' id='word_1_5' title='bbox 930 139 1436 202; x_wconf 80' lang='lat' dir='ltr'><strong>ANNALIUM</strong></span> <span class='ocrx_word' id='word_1_6' title='bbox 1786 183 1858 219; x_wconf 62' lang='lat' dir='ltr'><strong>«A.</strong></span> <span class='ocrx_word' id='word_1_7' title='bbox 1878 182 1929 221; x_wconf 47' lang='grc' dir='ltr'><strong>ς),Ὶ</strong></span> <span class='ocrx_word' id='word_1_8' title='bbox 1956 185 2024 222; x_wconf 65' lang='lat' dir='ltr'><strong>m,</strong></span> 
     </span>
    </p>
   </div>
   <div class='ocr_carea' id='block_1_3' title="bbox 258 272 2127 1374">
    <p class='ocr_par' dir='ltr' id='par_1_3' title="bbox 258 272 2127 1374">
     <span class='ocr_line' id='line_1_3' title="bbox 259 272 2111 350; baseline 0.002 -16"><span class='ocrx_word' id='word_1_9' title='bbox 259 287 442 336; x_wconf 88' lang='lat' dir='ltr'><strong>retur.</strong></span> <span class='ocrx_word' id='word_1_10' title='bbox 525 273 647 333; x_wconf 88' lang='lat' dir='ltr'><strong>Nec</strong></span> <span class='ocrx_word' id='word_1_11' title='bbox 663 274 921 350; x_wconf 76' lang='lat' dir='ltr'><strong>perinde</strong></span> <span class='ocrx_word' id='word_1_12' title='bbox 947 272 1320 346; x_wconf 80' lang='lat' dir='ltr'><strong>magistratus</strong></span> <span class='ocrx_word' id='word_1_13' title='bbox 1340 293 1467 330; x_wconf 91' lang='lat' dir='ltr'><strong>rem</strong></span> <span class='ocrx_word' id='word_1_14' title='bbox 1502 273 1858 333; x_wconf 80' lang='lat' dir='ltr'><strong>familiarem</strong></span> <span class='ocrx_word' id='word_1_15' title='bbox 1889 274 2111 338; x_wconf 81' lang='lat' dir='ltr'><strong>exhau-</strong></span> 
     </span>
     <span class='ocr_line' id='line_1_4' title="bbox 261 355 2112 438; baseline -0.003 -20"><span class='ocrx_word' id='word_1_16' title='bbox 261 373 453 431; x_wconf 80' lang='lat' dir='ltr'><strong>sturos</strong></span> <span class='ocrx_word' id='word_1_17' title='bbox 475 371 576 417; x_wconf 87' lang='lat' dir='ltr'><strong>aut</strong></span> <span class='ocrx_word' id='word_1_18' title='bbox 594 360 817 436; x_wconf 91' lang='lat' dir='ltr'><strong>populo</strong></span> <span class='ocrx_word' id='word_1_19' title='bbox 841 357 1203 430; x_wconf 85' lang='lat' dir='ltr'><strong>efflagitandi</strong></span> <span class='ocrx_word' id='word_1_20' title='bbox 1217 355 1441 415; x_wconf 85' lang='lat' dir='ltr'><strong>Graeca</strong></span> <span class='ocrx_word' id='word_1_21' title='bbox 1463 359 1782 418; x_wconf 85' lang='lat' dir='ltr'><strong>certamina</strong></span> <span class='ocrx_word' id='word_1_22' title='bbox 1801 365 2112 438; x_wconf 79' lang='lat' dir='ltr'><strong>magistra-</strong></span> 
     </span>
     <span class='ocr_line' id='line_1_5' title="bbox 258 442 2123 522; baseline -0.004 -18"><span class='ocrx_word' id='word_1_23' title='bbox 258 447 420 504; x_wconf 91' lang='lat' dir='ltr'><strong>tibus</strong></span> <span class='ocrx_word' id='word_1_24' title='bbox 452 465 684 502; x_wconf 89' lang='lat' dir='ltr'><strong>causam</strong></span> <span class='ocrx_word' id='word_1_25' title='bbox 716 445 870 511; x_wconf 82' lang='lat' dir='ltr'><strong>fore,</strong></span> <span class='ocrx_word' id='word_1_26' title='bbox 922 462 1055 498; x_wconf 89' lang='lat' dir='ltr'><strong>cum</strong></span> <span class='ocrx_word' id='word_1_27' title='bbox 1083 462 1150 499; x_wconf 88' lang='lat' dir='ltr'><strong>eo</strong></span> <span class='ocrx_word' id='word_1_28' title='bbox 1178 454 1418 519; x_wconf 86' lang='lat' dir='ltr'><strong>sumptu</strong></span> <span class='ocrx_word' id='word_1_29' title='bbox 1438 464 1531 500; x_wconf 89' lang='lat' dir='ltr'><strong>res</strong></span> <span class='ocrx_word' id='word_1_30' title='bbox 1555 442 1789 519; x_wconf 91' lang='lat' dir='ltr'><strong>publica</strong></span> <span class='ocrx_word' id='word_1_31' title='bbox 1813 447 2123 522; x_wconf 71' lang='lat' dir='ltr'><strong>fungatur..</strong></span> 
     </span>
     <span class='ocr_line' id='line_1_6' title="bbox 261 527 2115 604; baseline 0.001 -15"><span class='ocrx_word' id='word_1_32' title='bbox 261 543 567 589; x_wconf 87' lang='lat' dir='ltr'><strong>oratorum</strong></span> <span class='ocrx_word' id='word_1_33' title='bbox 595 551 660 586; x_wconf 89' lang='lat' dir='ltr'><strong>ac</strong></span> <span class='ocrx_word' id='word_1_34' title='bbox 686 540 890 585; x_wconf 87' lang='lat' dir='ltr'><strong>vatum</strong></span> <span class='ocrx_word' id='word_1_35' title='bbox 923 527 1200 584; x_wconf 86' lang='lat' dir='ltr'><strong>victorias</strong></span> <span class='ocrx_word' id='word_1_36' title='bbox 1232 527 1682 586; x_wconf 86' lang='lat' dir='ltr'><strong>incitamentum</strong></span> <span class='ocrx_word' id='word_1_37' title='bbox 1716 531 1969 604; x_wconf 87' lang='lat' dir='ltr'><strong>ingeniis</strong></span> <span class='ocrx_word' id='word_1_38' title='bbox 2005 536 2115 591; x_wconf 88' lang='lat' dir='ltr'><strong>ad-</strong></span> 
     </span>
     <span class='ocr_line' id='line_1_7' title="bbox 261 612 2114 689; baseline -0.002 -14"><span class='ocrx_word' id='word_1_39' title='bbox 261 617 506 675; x_wconf 88' lang='lat' dir='ltr'><strong>laturas:</strong></span> <span class='ocrx_word' id='word_1_40' title='bbox 549 635 659 671; x_wconf 92' lang='lat' dir='ltr'><strong>nec</strong></span> <span class='ocrx_word' id='word_1_41' title='bbox 687 614 963 689; x_wconf 86' lang='lat' dir='ltr'><strong>cuiquam</strong></span> <span class='ocrx_word' id='word_1_42' title='bbox 987 612 1174 669; x_wconf 89' lang='lat' dir='ltr'><strong>iudici</strong></span> <span class='ocrx_word' id='word_1_43' title='bbox 1202 631 1375 686; x_wconf 84' lang='lat' dir='ltr'><strong>grave</strong></span> <span class='ocrx_word' id='word_1_44' title='bbox 1407 633 1576 670; x_wconf 87' lang='lat' dir='ltr'><strong>aures</strong></span> <span class='ocrx_word' id='word_1_45' title='bbox 1609 616 1817 672; x_wconf 88' lang='lat' dir='ltr'><strong>studiis</strong></span> <span class='ocrx_word' id='word_1_46' title='bbox 1851 613 2114 678; x_wconf 80' lang='lat' dir='ltr'><strong>honestis</strong></span> 
     </span>
     <span class='ocr_line' id='line_1_8' title="bbox 263 698 2117 781; baseline 0.001 -23"><span class='ocrx_word' id='word_1_47' title='bbox 263 713 322 759; x_wconf 91' lang='lat' dir='ltr'><strong>et</strong></span> <span class='ocrx_word' id='word_1_48' title='bbox 343 700 744 776; x_wconf 86' lang='lat' dir='ltr'><strong>voluptatibus</strong></span> <span class='ocrx_word' id='word_1_49' title='bbox 769 698 1055 755; x_wconf 83' lang='lat' dir='ltr'><strong>concessis</strong></span> <span class='ocrx_word' id='word_1_50' title='bbox 1079 698 1399 773; x_wconf 83' lang='lat' dir='ltr'><strong>impartire.</strong></span> <span class='ocrx_word' id='word_1_51' title='bbox 1454 699 1707 756; x_wconf 89' lang='lat' dir='ltr'><strong>laetitiae</strong></span> <span class='ocrx_word' id='word_1_52' title='bbox 1730 703 1913 777; x_wconf 85' lang='lat' dir='ltr'><strong>magis</strong></span> <span class='ocrx_word' id='word_1_53' title='bbox 1938 725 2117 781; x_wconf 89' lang='lat' dir='ltr'><strong>quam</strong></span> 
     </span>
     <span class='ocr_line' id='line_1_9' title="bbox 263 782 2118 867; baseline 0.002 -23"><span class='ocrx_word' id='word_1_54' title='bbox 263 787 538 844; x_wconf 86' lang='lat' dir='ltr'><strong>lasciviae</strong></span> <span class='ocrx_word' id='word_1_55' title='bbox 576 784 707 841; x_wconf 89' lang='lat' dir='ltr'><strong>dari</strong></span> <span class='ocrx_word' id='word_1_56' title='bbox 742 803 957 860; x_wconf 87' lang='lat' dir='ltr'><strong>paucas</strong></span> <span class='ocrx_word' id='word_1_57' title='bbox 995 783 1172 840; x_wconf 90' lang='lat' dir='ltr'><strong>totius</strong></span> <span class='ocrx_word' id='word_1_58' title='bbox 1207 782 1604 860; x_wconf 88' lang='lat' dir='ltr'><strong>quinquennii</strong></span> <span class='ocrx_word' id='word_1_59' title='bbox 1626 797 1854 858; x_wconf 83' lang='lat' dir='ltr'><strong>nocteS‚</strong></span> <span class='ocrx_word' id='word_1_60' title='bbox 1898 790 2118 867; x_wconf 89' lang='lat' dir='ltr'><strong>quibus</strong></span> 
     </span>
     <span class='ocr_line' id='line_1_10' title="bbox 266 864 2117 946; baseline 0.002 -17"><span class='ocrx_word' id='word_1_61' title='bbox 266 884 429 930; x_wconf 86' lang='lat' dir='ltr'><strong>tanta</strong></span> <span class='ocrx_word' id='word_1_62' title='bbox 453 872 582 927; x_wconf 89' lang='lat' dir='ltr'><strong>luce</strong></span> <span class='ocrx_word' id='word_1_63' title='bbox 606 869 837 943; x_wconf 86' lang='lat' dir='ltr'><strong>ignium</strong></span> <span class='ocrx_word' id='word_1_64' title='bbox 861 864 1019 924; x_wconf 91' lang='lat' dir='ltr'><strong>nihil</strong></span> <span class='ocrx_word' id='word_1_65' title='bbox 1047 868 1342 925; x_wconf 90' lang='lat' dir='ltr'><strong>inlicitum</strong></span> <span class='ocrx_word' id='word_1_66' title='bbox 1368 869 1652 925; x_wconf 90' lang='lat' dir='ltr'><strong>occultari</strong></span> <span class='ocrx_word' id='word_1_67' title='bbox 1683 884 1873 946; x_wconf 83' lang='lat' dir='ltr'><strong>queat.</strong></span> <span class='ocrx_word' id='word_1_68' title='bbox 1960 873 2117 932; x_wconf 84' lang='lat' dir='ltr'><strong>Sane</strong></span> 
     </span>
     <span class='ocr_line' id='line_1_11' title="bbox 266 950 2119 1029; baseline 0.002 -16"><span class='ocrx_word' id='word_1_69' title='bbox 266 957 435 1015; x_wconf 91' lang='lat' dir='ltr'><strong>nullo</strong></span> <span class='ocrx_word' id='word_1_70' title='bbox 479 954 702 1028; x_wconf 85' lang='lat' dir='ltr'><strong>insigni</strong></span> <span class='ocrx_word' id='word_1_71' title='bbox 750 950 1275 1011; x_wconf 84' lang='lat' dir='ltr'><strong>dehonestamento</strong></span> <span class='ocrx_word' id='word_1_72' title='bbox 1326 954 1388 1010; x_wconf 93' lang='lat' dir='ltr'><strong>id</strong></span> <span class='ocrx_word' id='word_1_73' title='bbox 1433 955 1831 1029; x_wconf 87' lang='lat' dir='ltr'><strong>spectaculum</strong></span> <span class='ocrx_word' id='word_1_74' title='bbox 1867 961 2119 1022; x_wconf 89' lang='lat' dir='ltr'><strong>transiit.</strong></span> 
     </span>
     <span class='ocr_line' id='line_1_12' title="bbox 266 1039 2124 1119; baseline -0.004 -20"><span class='ocrx_word' id='word_1_75' title='bbox 266 1064 332 1099; x_wconf 91' lang='lat' dir='ltr'><strong>ac</strong></span> <span class='ocrx_word' id='word_1_76' title='bbox 361 1062 436 1097; x_wconf 90' lang='lat' dir='ltr'><strong>ne</strong></span> <span class='ocrx_word' id='word_1_77' title='bbox 463 1040 697 1097; x_wconf 85' lang='lat' dir='ltr'><strong>modica</strong></span> <span class='ocrx_word' id='word_1_78' title='bbox 729 1040 971 1118; x_wconf 91' lang='lat' dir='ltr'><strong>quidem</strong></span> <span class='ocrx_word' id='word_1_79' title='bbox 1011 1040 1204 1097; x_wconf 85' lang='lat' dir='ltr'><strong>studia</strong></span> <span class='ocrx_word' id='word_1_80' title='bbox 1243 1039 1433 1114; x_wconf 90' lang='lat' dir='ltr'><strong>plebis</strong></span> <span class='ocrx_word' id='word_1_81' title='bbox 1469 1059 1760 1109; x_wconf 84' lang='lat' dir='ltr'><strong>exarsere,</strong></span> <span class='ocrx_word' id='word_1_82' title='bbox 1812 1043 1950 1119; x_wconf 88' lang='lat' dir='ltr'><strong>quia</strong></span> <span class='ocrx_word' id='word_1_83' title='bbox 1985 1047 2124 1102; x_wconf 79' lang='lat' dir='ltr'><strong>red-</strong></span> 
     </span>
     <span class='ocr_line' id='line_1_13' title="bbox 267 1124 2126 1218; baseline 0.002 -34"><span class='ocrx_word' id='word_1_84' title='bbox 267 1128 381 1185; x_wconf 85' lang='lat' dir='ltr'><strong>diti</strong></span> <span class='ocrx_word' id='word_1_85' title='bbox 434 1146 774 1218; x_wconf 75' lang='lat' dir='ltr'><strong>quanquam</strong></span> <span class='ocrx_word' id='word_1_86' title='bbox 826 1144 1031 1181; x_wconf 89' lang='lat' dir='ltr'><strong>scenae</strong></span> <span class='ocrx_word' id='word_1_87' title='bbox 1081 1124 1436 1201; x_wconf 88' lang='lat' dir='ltr'><strong>pantomimi</strong></span> <span class='ocrx_word' id='word_1_88' title='bbox 1482 1125 1900 1184; x_wconf 85' lang='lat' dir='ltr'><strong>certaminibus</strong></span> <span class='ocrx_word' id='word_1_89' title='bbox 1929 1131 2126 1187; x_wconf 30' lang='lat' dir='ltr'><strong>*sacris</strong></span> 
     </span>
     <span class='ocr_line' id='line_1_14' title="bbox 266 1207 2127 1289; baseline 0.002 -21"><span class='ocrx_word' id='word_1_90' title='bbox 266 1208 756 1289; x_wconf 85' lang='lat' dir='ltr'><strong>prohibebantur.</strong></span> <span class='ocrx_word' id='word_1_91' title='bbox 839 1207 1233 1287; x_wconf 86' lang='lat' dir='ltr'><strong>Eloquentiae</strong></span> <span class='ocrx_word' id='word_1_92' title='bbox 1254 1209 1472 1285; x_wconf 83' lang='lat' dir='ltr'><strong>primas</strong></span> <span class='ocrx_word' id='word_1_93' title='bbox 1498 1231 1672 1266; x_wconf 89' lang='lat' dir='ltr'><strong>nemo</strong></span> <span class='ocrx_word' id='word_1_94' title='bbox 1701 1211 1868 1283; x_wconf 87' lang='lat' dir='ltr'><strong>tulit,</strong></span> <span class='ocrx_word' id='word_1_95' title='bbox 1908 1215 2008 1272; x_wconf 87' lang='lat' dir='ltr'><strong>sed</strong></span> <span class='ocrx_word' id='word_1_96' title='bbox 2033 1213 2127 1272; x_wconf 84' lang='lat' dir='ltr'><strong>vi-</strong></span> 
     </span>
     <span class='ocr_line' id='line_1_15' title="bbox 271 1293 2127 1374; baseline 0.002 -19"><span class='ocrx_word' id='word_1_97' title='bbox 271 1309 492 1355; x_wconf 86' lang='lat' dir='ltr'><strong>ctorem</strong></span> <span class='ocrx_word' id='word_1_98' title='bbox 539 1316 660 1354; x_wconf 89' lang='lat' dir='ltr'><strong>esse</strong></span> <span class='ocrx_word' id='word_1_99' title='bbox 695 1294 1004 1355; x_wconf 86' lang='lat' dir='ltr'><strong>Caesarem</strong></span> <span class='ocrx_word' id='word_1_100' title='bbox 1041 1295 1512 1374; x_wconf 81' lang='lat' dir='ltr'><strong>pronuntiatum.</strong></span> <span class='ocrx_word' id='word_1_101' title='bbox 1612 1293 1828 1354; x_wconf 86' lang='lat' dir='ltr'><strong>Graeci</strong></span> <span class='ocrx_word' id='word_1_102' title='bbox 1863 1300 2127 1374; x_wconf 68' lang='lat' dir='ltr'><strong>amicum,</strong></span> 
     </span>
    </p>
   </div>
   <div class='ocr_carea' id='block_1_4' title="bbox 268 1463 1169 1695">
    <p class='ocr_par' dir='ltr' id='par_1_4' title="bbox 268 1463 1169 1695">
     <span class='ocr_line' id='line_1_16' title="bbox 268 1463 1169 1522; baseline -0.002 -14"><span class='ocrx_word' id='word_1_103' title='bbox 268 1464 570 1520; x_wconf 73' lang='lat' dir='ltr'><strong>eingerichtet</strong></span> <span class='ocrx_word' id='word_1_104' title='bbox 601 1467 810 1507; x_wconf 84' lang='lat' dir='ltr'><strong>werden.</strong></span> <span class='ocrx_word' id='word_1_105' title='bbox 880 1463 1003 1507; x_wconf 89' lang='lat' dir='ltr'><strong>Male</strong></span> <span class='ocrx_word' id='word_1_106' title='bbox 1032 1463 1169 1522; x_wconf 82' lang='lat' dir='ltr'><strong>igitur</strong></span> 
     </span>
     <span class='ocr_line' id='line_1_17' title="bbox 270 1520 1166 1566; baseline -0.001 0"><span class='ocrx_word' id='word_1_107' title='bbox 270 1522 594 1566; x_wconf 83' lang='lat' dir='ltr'><strong>Li&#39;memannus</strong></span> <span class='ocrx_word' id='word_1_108' title='bbox 668 1538 776 1566; x_wconf 88' lang='lat' dir='ltr'><strong>cum</strong></span> <span class='ocrx_word' id='word_1_109' title='bbox 849 1520 1166 1566; x_wconf 83' lang='lat' dir='ltr'><strong>Strombeekio</strong></span> 
     </span>
     <span class='ocr_line' id='line_1_18' title="bbox 271 1580 1166 1638; baseline -0.003 -14"><span class='ocrx_word' id='word_1_110' title='bbox 271 1580 484 1638; x_wconf 85' lang='lat' dir='ltr'><strong>praetulit</strong></span> <span class='ocrx_word' id='word_1_111' title='bbox 504 1583 828 1623; x_wconf 78' lang='lat' dir='ltr'><strong>destrueretur</strong></span> <span class='ocrx_word' id='word_1_112' title='bbox 843 1612 856 1632; x_wconf 91' lang='lat'><strong>‚</strong></span> <span class='ocrx_word' id='word_1_113' title='bbox 897 1581 1166 1637; x_wconf 82' lang='lat' dir='ltr'><strong>scripturam</strong></span> 
     </span>
     <span class='ocr_line' id='line_1_19' title="bbox 274 1636 1167 1695; baseline -0.001 -14"><span class='ocrx_word' id='word_1_114' title='bbox 274 1638 515 1682; x_wconf 83' lang='lat' dir='ltr'><strong>obscuram</strong></span> <span class='ocrx_word' id='word_1_115' title='bbox 553 1644 596 1680; x_wconf 82' lang='lat' dir='ltr'><strong>et</strong></span> <span class='ocrx_word' id='word_1_116' title='bbox 632 1636 906 1695; x_wconf 84' lang='lat' dir='ltr'><strong>ignobilem,</strong></span> <span class='ocrx_word' id='word_1_117' title='bbox 951 1653 1086 1693; x_wconf 87' lang='lat' dir='ltr'><strong>quam</strong></span> <span class='ocrx_word' id='word_1_118' title='bbox 1122 1636 1167 1680; x_wconf 92' lang='lat' dir='ltr'><strong>I.</strong></span> 
     </span>
    </p>
   </div>
   <div class='ocr_carea' id='block_1_5' title="bbox 1238 1460 2132 1691">
    <p class='ocr_par' dir='ltr' id='par_1_5' title="bbox 1238 1460 2132 1691">
     <span class='ocr_line' id='line_1_20' title="bbox 1296 1460 2129 1512; baseline 0.004 -7"><span class='ocrx_word' id='word_1_119' title='bbox 1296 1463 1498 1505; x_wconf 85' lang='lat' dir='ltr'><strong>transiit.</strong></span> <span class='ocrx_word' id='word_1_120' title='bbox 1588 1461 1664 1506; x_wconf 89' lang='lat' dir='ltr'><strong>Sic</strong></span> <span class='ocrx_word' id='word_1_121' title='bbox 1706 1460 1810 1505; x_wconf 84' lang='lat' dir='ltr'><strong>edd.</strong></span> <span class='ocrx_word' id='word_1_122' title='bbox 1852 1474 2038 1512; x_wconf 84' lang='lat' dir='ltr'><strong>recentt.</strong></span> <span class='ocrx_word' id='word_1_123' title='bbox 2079 1484 2129 1512; x_wconf 84' lang='lat' dir='ltr'><strong>ex</strong></span> 
     </span>
     <span class='ocr_line' id='line_1_21' title="bbox 1238 1518 2132 1584; baseline 0.007 -21"><span class='ocrx_word' id='word_1_124' title='bbox 1238 1520 1552 1563; x_wconf 84' lang='lat' dir='ltr'><strong>emendatione</strong></span> <span class='ocrx_word' id='word_1_125' title='bbox 1592 1519 1642 1562; x_wconf 92' lang='lat' dir='ltr'><strong>Li</strong></span> <span class='ocrx_word' id='word_1_126' title='bbox 1677 1518 1743 1562; x_wconf 87' lang='lat' dir='ltr'><strong>sii.</strong></span> <span class='ocrx_word' id='word_1_127' title='bbox 1827 1525 2003 1566; x_wconf 76' lang='lat' dir='ltr'><strong>transit</strong></span> <span class='ocrx_word' id='word_1_128' title='bbox 2050 1541 2132 1584; x_wconf 84' lang='lat' dir='ltr'><strong>per</strong></span> 
     </span>
     <span class='ocr_line' id='line_1_22' title="bbox 1238 1537 2129 1627; baseline 0.006 -5"><span class='ocrx_word' id='word_1_129' title='bbox 1238 1577 1595 1622; x_wconf 81' lang='lat' dir='ltr'><strong>contractionem</strong></span> <span class='ocrx_word' id='word_1_130' title='bbox 1646 1537 1754 1620; x_wconf 68' lang='lat' dir='ltr'><strong>¹MS.</strong></span> <span class='ocrx_word' id='word_1_131' title='bbox 1810 1576 1962 1624; x_wconf 83' lang='lat' dir='ltr'><strong>Guelf.</strong></span> <span class='ocrx_word' id='word_1_132' title='bbox 2025 1582 2129 1627; x_wconf 89' lang='lat' dir='ltr'><strong>edd.</strong></span> 
     </span>
     <span class='ocr_line' id='line_1_23' title="bbox 1240 1633 1706 1691; baseline 0.002 -14"><span class='ocrx_word' id='word_1_133' title='bbox 1240 1643 1345 1678; x_wconf 86' lang='lat' dir='ltr'><strong>vett.</strong></span> <span class='ocrx_word' id='word_1_134' title='bbox 1371 1635 1430 1690; x_wconf 89' lang='lat' dir='ltr'><strong>(c.</strong></span> <span class='ocrx_word' id='word_1_135' title='bbox 1453 1634 1523 1677; x_wconf 86' lang='lat' dir='ltr'><strong>sil.</strong></span> <span class='ocrx_word' id='word_1_136' title='bbox 1548 1633 1706 1691; x_wconf 85' lang='lat' dir='ltr'><strong>Viet.).</strong></span> 
     </span>
    </p>
   </div>
   <div class='ocr_carea' id='block_1_6' title="bbox 273 1694 1172 2039">
    <p class='ocr_par' dir='ltr' id='par_1_6' title="bbox 273 1694 1167 1810">
     <span class='ocr_line' id='line_1_24' title="bbox 273 1694 1167 1754; baseline -0.002 -16"><span class='ocrx_word' id='word_1_137' title='bbox 273 1696 367 1738; x_wconf 78' lang='lat' dir='ltr'><strong>Ad.</strong></span> <span class='ocrx_word' id='word_1_138' title='bbox 389 1697 574 1738; x_wconf 83' lang='lat' dir='ltr'><strong>Nodell.</strong></span> <span class='ocrx_word' id='word_1_139' title='bbox 604 1695 723 1749; x_wconf 83' lang='lat' dir='ltr'><strong>(crit.</strong></span> <span class='ocrx_word' id='word_1_140' title='bbox 747 1696 948 1738; x_wconf 87' lang='lat' dir='ltr'><strong>observv.</strong></span> <span class='ocrx_word' id='word_1_141' title='bbox 973 1694 1167 1754; x_wconf 85' lang='lat' dir='ltr'><strong>Campae</strong></span> 
     </span>
     <span class='ocr_line' id='line_1_25' title="bbox 275 1751 1049 1810; baseline -0.001 -14"><span class='ocrx_word' id='word_1_142' title='bbox 275 1752 403 1808; x_wconf 87' lang='lat'>1781)</span> <span class='ocrx_word' id='word_1_143' title='bbox 428 1751 598 1796; x_wconf 76' lang='lat' dir='ltr'><strong>invenit</strong></span> <span class='ocrx_word' id='word_1_144' title='bbox 619 1753 664 1795; x_wconf 89' lang='lat' dir='ltr'><strong>in</strong></span> <span class='ocrx_word' id='word_1_145' title='bbox 687 1752 805 1795; x_wconf 87' lang='lat' dir='ltr'><strong>libro</strong></span> <span class='ocrx_word' id='word_1_146' title='bbox 835 1752 1049 1810; x_wconf 88' lang='lat' dir='ltr'><strong>quodam.</strong></span> 
     </span>
    </p>

    <p class='ocr_par' dir='ltr' id='par_1_7' title="bbox 275 1809 1172 2039">
     <span class='ocr_line' id='line_1_26' title="bbox 335 1809 1171 1879; baseline 0 -27"><span class='ocrx_word' id='word_1_147' title='bbox 335 1809 645 1868; x_wconf 75' lang='lat' dir='ltr'><strong>efflagitandi.</strong></span> <span class='ocrx_word' id='word_1_148' title='bbox 703 1809 798 1878; x_wconf 37' lang='lat' dir='ltr'><strong>&#39;Sic</strong></span> <span class='ocrx_word' id='word_1_149' title='bbox 828 1810 936 1879; x_wconf 69' lang='lat' dir='ltr'><strong>edd.</strong></span> <span class='ocrx_word' id='word_1_150' title='bbox 968 1809 1171 1852; x_wconf 83' lang='lat' dir='ltr'><strong>Rhenan.</strong></span> 
     </span>
     <span class='ocr_line' id='line_1_27' title="bbox 275 1865 1172 1982; baseline -0.001 -15"><span class='ocrx_word' id='word_1_151' title='bbox 275 1883 380 1967; x_wconf 58' lang='lat'><strong>{3312</strong></span> <span class='ocrx_word' id='word_1_152' title='bbox 414 1891 534 1982; x_wconf 32' lang='grc' dir='ltr'><strong>ἑξεῖ.</strong></span> <span class='ocrx_word' id='word_1_153' title='bbox 550 1866 691 1968; x_wconf 98' lang='grc' dir='ltr'><em>Ψ</em></span> <span class='ocrx_word' id='word_1_154' title='bbox 693 1875 854 1968; x_wconf 51' lang='lat' dir='ltr'><strong>‘ffis‘izt</strong></span> <span class='ocrx_word' id='word_1_155' title='bbox 873 1865 1172 1967; x_wconf 36' lang='lat' dir='ltr'><strong>refixit:</strong></span> 
     </span>
     <span class='ocr_line' id='line_1_28' title="bbox 277 1981 793 2039; baseline -0.004 -13"><span class='ocrx_word' id='word_1_156' title='bbox 277 1982 336 2039; x_wconf 85' lang='lat' dir='ltr'><strong>(e.</strong></span> <span class='ocrx_word' id='word_1_157' title='bbox 361 1982 508 2026; x_wconf 86' lang='lat' dir='ltr'><strong>silent.</strong></span> <span class='ocrx_word' id='word_1_158' title='bbox 529 1981 668 2038; x_wconf 84' lang='lat' dir='ltr'><strong>Vict.)</strong></span> <span class='ocrx_word' id='word_1_159' title='bbox 693 1982 793 2024; x_wconf 88' lang='lat' dir='ltr'><strong>Alc.</strong></span> 
     </span>
    </p>
   </div>
   <div class='ocr_carea' id='block_1_7' title="bbox 280 2050 1179 2336">
    <p class='ocr_par' dir='ltr' id='par_1_8' title="bbox 280 2050 1179 2336">
     <span class='ocr_line' id='line_1_29' title="bbox 337 2050 1174 2149; baseline 0 -55"><span class='ocrx_word' id='word_1_160' title='bbox 337 2051 704 2119; x_wconf 66' lang='lat' dir='ltr'><strong>magistratibus.</strong></span> <span class='ocrx_word' id='word_1_161' title='bbox 774 2052 869 2149; x_wconf 42' lang='lat' dir='ltr'><strong>Siz-</strong></span> <span class='ocrx_word' id='word_1_162' title='bbox 879 2051 986 2096; x_wconf 90' lang='lat' dir='ltr'><strong>MS.</strong></span> <span class='ocrx_word' id='word_1_163' title='bbox 1021 2050 1174 2119; x_wconf 59' lang='lat' dir='ltr'><strong>Guels.</strong></span> 
     </span>
     <span class='ocr_line' id='line_1_30' title="bbox 281 2109 1173 2222; baseline -0.001 -13"><span class='ocrx_word' id='word_1_164' title='bbox 281 2109 437 2210; x_wconf 57' lang='lat'><strong>{33123</strong></span> <span class='ocrx_word' id='word_1_165' title='bbox 456 2109 1173 2222; x_wconf 53' lang='lat' dir='ltr'><strong>ssssPX52.M.‘.“.·.‡³5;;-.{522523</strong></span> 
     </span>
     <span class='ocr_line' id='line_1_31' title="bbox 281 2224 1175 2282; baseline -0.001 -15"><span class='ocrx_word' id='word_1_166' title='bbox 281 2226 367 2267; x_wconf 84' lang='lat' dir='ltr'><strong>bus</strong></span> <span class='ocrx_word' id='word_1_167' title='bbox 399 2224 496 2268; x_wconf 89' lang='lat' dir='ltr'><strong>edd.</strong></span> <span class='ocrx_word' id='word_1_168' title='bbox 566 2224 724 2267; x_wconf 88' lang='lat' dir='ltr'><strong>henan.</strong></span> <span class='ocrx_word' id='word_1_169' title='bbox 757 2234 854 2282; x_wconf 73' lang='lat' dir='ltr'><strong>s‘qq.</strong></span> <span class='ocrx_word' id='word_1_170' title='bbox 913 2225 1002 2269; x_wconf 87' lang='lat' dir='ltr'><strong>Sed</strong></span> <span class='ocrx_word' id='word_1_171' title='bbox 1036 2224 1175 2280; x_wconf 88' lang='lat' dir='ltr'><strong>effla-</strong></span> 
     </span>
     <span class='ocr_line' id='line_1_32' title="bbox 280 2282 1179 2336; baseline 0.001 -13"><span class='ocrx_word' id='word_1_172' title='bbox 280 2282 432 2336; x_wconf 81' lang='lat' dir='ltr'><strong>gitare</strong></span> <span class='ocrx_word' id='word_1_173' title='bbox 449 2296 518 2336; x_wconf 76' lang='lat' dir='ltr'><strong>gr.</strong></span> <span class='ocrx_word' id='word_1_174' title='bbox 540 2282 800 2325; x_wconf 85' lang='lat' dir='ltr'><strong>certamina</strong></span> <span class='ocrx_word' id='word_1_175' title='bbox 822 2283 1179 2335; x_wconf 79' lang='lat' dir='ltr'><strong>magistratibus</strong></span> 
     </span>
    </p>
   </div>
   <div class='ocr_carea' id='block_1_8' title="bbox 281 2338 1178 2454">
    <p class='ocr_par' dir='ltr' id='par_1_9' title="bbox 281 2338 1178 2454">
     <span class='ocr_line' id='line_1_33' title="bbox 283 2338 1178 2395; baseline -0.001 -13"><span class='ocrx_word' id='word_1_176' title='bbox 283 2347 349 2382; x_wconf 88' lang='lat' dir='ltr'><strong>est</strong></span> <span class='ocrx_word' id='word_1_177' title='bbox 378 2339 491 2382; x_wconf 89' lang='lat' dir='ltr'><strong>iusta</strong></span> <span class='ocrx_word' id='word_1_178' title='bbox 519 2338 689 2382; x_wconf 88' lang='lat' dir='ltr'><strong>locutio</strong></span> <span class='ocrx_word' id='word_1_179' title='bbox 726 2341 839 2395; x_wconf 85' lang='lat' dir='ltr'><strong>(den</strong></span> <span class='ocrx_word' id='word_1_180' title='bbox 863 2339 1178 2395; x_wconf 78' lang='lat' dir='ltr'><strong>Magistraten</strong></span> 
     </span>
     <span class='ocr_line' id='line_1_34' title="bbox 281 2397 980 2454; baseline 0 -16"><span class='ocrx_word' id='word_1_181' title='bbox 281 2411 356 2452; x_wconf 80' lang='lat' dir='ltr'><strong>gr.</strong></span> <span class='ocrx_word' id='word_1_182' title='bbox 384 2397 660 2452; x_wconf 82' lang='lat' dir='ltr'><strong>Wettspiele</strong></span> <span class='ocrx_word' id='word_1_183' title='bbox 684 2397 980 2454; x_wconf 86' lang='lat' dir='ltr'><strong>absordern.)</strong></span> 
     </span>
    </p>
   </div>
   <div class='ocr_carea' id='block_1_9' title="bbox 282 2466 1185 3144">
    <p class='ocr_par' dir='ltr' id='par_1_10' title="bbox 282 2466 1185 3144">
     <span class='ocr_line' id='line_1_35' title="bbox 342 2466 1178 2523; baseline 0.001 -14"><span class='ocrx_word' id='word_1_184' title='bbox 342 2468 602 2523; x_wconf 79' lang='lat' dir='ltr'><strong>impartire.</strong></span> <span class='ocrx_word' id='word_1_185' title='bbox 664 2468 741 2511; x_wconf 86' lang='lat' dir='ltr'><strong>Sic</strong></span> <span class='ocrx_word' id='word_1_186' title='bbox 764 2467 863 2511; x_wconf 90' lang='lat' dir='ltr'><strong>MS.</strong></span> <span class='ocrx_word' id='word_1_187' title='bbox 887 2466 1042 2512; x_wconf 82' lang='lat' dir='ltr'><strong>Guelf,</strong></span> <span class='ocrx_word' id='word_1_188' title='bbox 1076 2468 1178 2513; x_wconf 87' lang='lat' dir='ltr'><strong>edd.</strong></span> 
     </span>
     <span class='ocr_line' id='line_1_36' title="bbox 285 2524 1181 2582; baseline 0.003 -15"><span class='ocrx_word' id='word_1_189' title='bbox 285 2524 389 2567; x_wconf 85' lang='lat' dir='ltr'><strong>Put.</strong></span> <span class='ocrx_word' id='word_1_190' title='bbox 423 2525 491 2568; x_wconf 88' lang='lat' dir='ltr'><strong>M.</strong></span> <span class='ocrx_word' id='word_1_191' title='bbox 526 2535 569 2570; x_wconf 89' lang='lat' dir='ltr'><strong>et</strong></span> <span class='ocrx_word' id='word_1_192' title='bbox 603 2525 661 2569; x_wconf 91' lang='lat' dir='ltr'><strong>V.</strong></span> <span class='ocrx_word' id='word_1_193' title='bbox 694 2525 800 2582; x_wconf 86' lang='lat' dir='ltr'><strong>Ber.</strong></span> <span class='ocrx_word' id='word_1_194' title='bbox 837 2525 895 2580; x_wconf 83' lang='lat' dir='ltr'><strong>(e.</strong></span> <span class='ocrx_word' id='word_1_195' title='bbox 931 2526 1001 2569; x_wconf 90' lang='lat' dir='ltr'><strong>sil.</strong></span> <span class='ocrx_word' id='word_1_196' title='bbox 1042 2525 1181 2576; x_wconf 77' lang='lat' dir='ltr'><strong>Viet.)</strong></span> 
     </span>
     <span class='ocr_line' id='line_1_37' title="bbox 282 2582 1183 2642; baseline 0.002 -16"><span class='ocrx_word' id='word_1_197' title='bbox 282 2582 383 2626; x_wconf 83' lang='lat' dir='ltr'><strong>Ale.</strong></span> <span class='ocrx_word' id='word_1_198' title='bbox 406 2582 549 2627; x_wconf 88' lang='lat' dir='ltr'><strong>Rhen.</strong></span> <span class='ocrx_word' id='word_1_199' title='bbox 570 2599 666 2642; x_wconf 86' lang='lat' dir='ltr'><strong>sqq.</strong></span> <span class='ocrx_word' id='word_1_200' title='bbox 726 2583 963 2639; x_wconf 77' lang='lat' dir='ltr'><strong>impartiri</strong></span> <span class='ocrx_word' id='word_1_201' title='bbox 980 2584 1049 2627; x_wconf 91' lang='lat' dir='ltr'><strong>ed.</strong></span> <span class='ocrx_word' id='word_1_202' title='bbox 1065 2584 1183 2642; x_wconf 89' lang='lat' dir='ltr'><strong>Spir.</strong></span> 
     </span>
     <span class='ocr_line' id='line_1_38' title="bbox 287 2639 1182 2698; baseline 0.001 -15"><span class='ocrx_word' id='word_1_203' title='bbox 287 2641 346 2683; x_wconf 92' lang='lat' dir='ltr'><strong>ob</strong></span> <span class='ocrx_word' id='word_1_204' title='bbox 380 2656 568 2698; x_wconf 86' lang='lat' dir='ltr'><strong>sequens</strong></span> <span class='ocrx_word' id='word_1_205' title='bbox 603 2640 728 2684; x_wconf 86' lang='lat' dir='ltr'><strong>dari.</strong></span> <span class='ocrx_word' id='word_1_206' title='bbox 798 2639 915 2684; x_wconf 87' lang='lat' dir='ltr'><strong>Nam</strong></span> <span class='ocrx_word' id='word_1_207' title='bbox 951 2640 1031 2685; x_wconf 89' lang='lat' dir='ltr'><strong>iste</strong></span> <span class='ocrx_word' id='word_1_208' title='bbox 1065 2640 1182 2684; x_wconf 87' lang='lat' dir='ltr'><strong>liber</strong></span> 
     </span>
     <span class='ocr_line' id='line_1_39' title="bbox 286 2696 1180 2756; baseline 0.003 -18"><span class='ocrx_word' id='word_1_209' title='bbox 286 2696 394 2755; x_wconf 79' lang='lat' dir='ltr'><strong>legit</strong></span> <span class='ocrx_word' id='word_1_210' title='bbox 436 2697 786 2756; x_wconf 82' lang='lat' dir='ltr'><strong>coniungitque:</strong></span> <span class='ocrx_word' id='word_1_211' title='bbox 837 2705 883 2740; x_wconf 84' lang='lat' dir='ltr'><strong>et</strong></span> <span class='ocrx_word' id='word_1_212' title='bbox 928 2701 1018 2743; x_wconf 82' lang='lat' dir='ltr'><strong>vol.</strong></span> <span class='ocrx_word' id='word_1_213' title='bbox 1050 2714 1180 2752; x_wconf 81' lang='lat' dir='ltr'><strong>eone.</strong></span> 
     </span>
     <span class='ocr_line' id='line_1_40' title="bbox 287 2755 1184 2814; baseline 0.002 -18"><span class='ocrx_word' id='word_1_214' title='bbox 287 2755 534 2810; x_wconf 83' lang='lat' dir='ltr'><strong>impartiri</strong></span> <span class='ocrx_word' id='word_1_215' title='bbox 583 2755 798 2799; x_wconf 80' lang='lat' dir='ltr'><strong>laeticiae</strong></span> <span class='ocrx_word' id='word_1_216' title='bbox 849 2756 1003 2810; x_wconf 82' lang='lat' dir='ltr'><strong>magis</strong></span> <span class='ocrx_word' id='word_1_217' title='bbox 1042 2772 1184 2814; x_wconf 83' lang='lat' dir='ltr'><strong>quam</strong></span> 
     </span>
     <span class='ocr_line' id='line_1_41' title="bbox 284 2812 1185 2871; baseline 0.004 -18"><span class='ocrx_word' id='word_1_218' title='bbox 284 2812 506 2854; x_wconf 78' lang='lat' dir='ltr'><strong>lasciviae</strong></span> <span class='ocrx_word' id='word_1_219' title='bbox 525 2815 651 2857; x_wconf 85' lang='lat' dir='ltr'><strong>dari.</strong></span> <span class='ocrx_word' id='word_1_220' title='bbox 692 2812 872 2856; x_wconf 85' lang='lat' dir='ltr'><strong>Paucas</strong></span> <span class='ocrx_word' id='word_1_221' title='bbox 884 2817 1036 2865; x_wconf 74' lang='lat' dir='ltr'><strong>potius</strong></span> <span class='ocrx_word' id='word_1_222' title='bbox 1054 2815 1185 2871; x_wconf 87' lang='lat' dir='ltr'><strong>quin-</strong></span> 
     </span>
     <span class='ocr_line' id='line_1_42' title="bbox 289 2870 1184 2926; baseline 0.003 -15"><span class='ocrx_word' id='word_1_223' title='bbox 289 2870 484 2925; x_wconf 82' lang='lat' dir='ltr'><strong>quennii</strong></span> <span class='ocrx_word' id='word_1_224' title='bbox 503 2878 685 2914; x_wconf 56' lang='lat' dir='ltr'><strong>noctem</strong></span> <span class='ocrx_word' id='word_1_225' title='bbox 726 2872 890 2926; x_wconf 81' lang='lat' dir='ltr'><strong>quibus</strong></span> <span class='ocrx_word' id='word_1_226' title='bbox 919 2878 1004 2915; x_wconf 66' lang='lat' dir='ltr'><strong>etc:</strong></span> <span class='ocrx_word' id='word_1_227' title='bbox 1069 2871 1184 2914; x_wconf 89' lang='lat' dir='ltr'><strong>Ean-</strong></span> 
     </span>
     <span class='ocr_line' id='line_1_43' title="bbox 290 2927 1185 2987; baseline 0.003 -19"><span class='ocrx_word' id='word_1_228' title='bbox 290 2927 392 2969; x_wconf 90' lang='lat' dir='ltr'><strong>dem</strong></span> <span class='ocrx_word' id='word_1_229' title='bbox 454 2927 867 2987; x_wconf 84' lang='lat' dir='ltr'><strong>interpunctionem</strong></span> <span class='ocrx_word' id='word_1_230' title='bbox 924 2929 1185 2986; x_wconf 87' lang='lat' dir='ltr'><strong>praeferunt</strong></span> 
     </span>
     <span class='ocr_line' id='line_1_44' title="bbox 289 2983 1184 3030; baseline 0.002 -4"><span class='ocrx_word' id='word_1_231' title='bbox 289 2983 393 3028; x_wconf 89' lang='lat' dir='ltr'><strong>MS.</strong></span> <span class='ocrx_word' id='word_1_232' title='bbox 420 2983 573 3028; x_wconf 86' lang='lat' dir='ltr'><strong>Guelf.</strong></span> <span class='ocrx_word' id='word_1_233' title='bbox 602 2985 702 3028; x_wconf 87' lang='lat' dir='ltr'><strong>edd.</strong></span> <span class='ocrx_word' id='word_1_234' title='bbox 726 2984 828 3029; x_wconf 82' lang='lat' dir='ltr'><strong>Put.</strong></span> <span class='ocrx_word' id='word_1_235' title='bbox 851 2983 922 3028; x_wconf 90' lang='grc' dir='ltr'><strong>Μ.</strong></span> <span class='ocrx_word' id='word_1_236' title='bbox 945 2986 1061 3030; x_wconf 86' lang='lat' dir='ltr'><strong>etv.</strong></span> <span class='ocrx_word' id='word_1_237' title='bbox 1083 2986 1184 3029; x_wconf 91' lang='lat' dir='ltr'><strong>Ber.</strong></span> 
     </span>
     <span class='ocr_line' id='line_1_45' title="bbox 291 3041 1185 3098; baseline 0 -13"><span class='ocrx_word' id='word_1_238' title='bbox 291 3042 351 3095; x_wconf 90' lang='lat' dir='ltr'><strong>(c.</strong></span> <span class='ocrx_word' id='word_1_239' title='bbox 388 3041 455 3084; x_wconf 88' lang='lat' dir='ltr'><strong>sil.</strong></span> <span class='ocrx_word' id='word_1_240' title='bbox 491 3041 627 3098; x_wconf 71' lang='lat' dir='ltr'><strong>vict.)</strong></span> <span class='ocrx_word' id='word_1_241' title='bbox 660 3043 792 3096; x_wconf 86' lang='lat' dir='ltr'><strong>Ale.;</strong></span> <span class='ocrx_word' id='word_1_242' title='bbox 840 3041 1078 3088; x_wconf 86' lang='lat' dir='ltr'><strong>meliorem</strong></span> <span class='ocrx_word' id='word_1_243' title='bbox 1119 3043 1185 3086; x_wconf 90' lang='lat' dir='ltr'><strong>in·</strong></span> 
     </span>
     <span class='ocr_line' id='line_1_46' title="bbox 293 3097 697 3144; baseline 0.007 -4"><span class='ocrx_word' id='word_1_244' title='bbox 293 3098 416 3141; x_wconf 85' lang='lat' dir='ltr'><strong>duxit</strong></span> <span class='ocrx_word' id='word_1_245' title='bbox 438 3097 697 3144; x_wconf 83' lang='lat' dir='ltr'><strong>Rhenanus.</strong></span> 
     </span>
    </p>
   </div>
   <div class='ocr_carea' id='block_1_10' title="bbox 297 3169 1192 3400">
    <p class='ocr_par' dir='ltr' id='par_1_11' title="bbox 297 3169 1192 3400">
     <span class='ocr_line' id='line_1_47' title="bbox 352 3169 1187 3227; baseline 0.004 -16"><span class='ocrx_word' id='word_1_246' title='bbox 352 3169 494 3213; x_wconf 84' lang='lat' dir='ltr'><strong>totius</strong></span> <span class='ocrx_word' id='word_1_247' title='bbox 513 3171 832 3227; x_wconf 82' lang='lat' dir='ltr'><strong>quinquennii.</strong></span> <span class='ocrx_word' id='word_1_248' title='bbox 893 3171 970 3215; x_wconf 80' lang='lat' dir='ltr'><strong>Sic</strong></span> <span class='ocrx_word' id='word_1_249' title='bbox 995 3170 1096 3215; x_wconf 88' lang='lat' dir='ltr'><strong>edd.</strong></span> <span class='ocrx_word' id='word_1_250' title='bbox 1118 3187 1187 3214; x_wconf 84' lang='lat' dir='ltr'><strong>re-</strong></span> 
     </span>
     <span class='ocr_line' id='line_1_48' title="bbox 298 3226 1187 3274; baseline 0.006 -8"><span class='ocrx_word' id='word_1_251' title='bbox 298 3226 519 3270; x_wconf 84' lang='lat' dir='ltr'><strong>centiores</strong></span> <span class='ocrx_word' id='word_1_252' title='bbox 573 3244 621 3271; x_wconf 82' lang='lat' dir='ltr'><strong>ex</strong></span> <span class='ocrx_word' id='word_1_253' title='bbox 672 3228 986 3274; x_wconf 82' lang='lat' dir='ltr'><strong>emendatione</strong></span> <span class='ocrx_word' id='word_1_254' title='bbox 1033 3227 1083 3271; x_wconf 86' lang='lat' dir='ltr'><strong>Li</strong></span> <span class='ocrx_word' id='word_1_255' title='bbox 1117 3228 1187 3271; x_wconf 85' lang='lat' dir='ltr'><strong>sii.</strong></span> 
     </span>
     <span class='ocr_line' id='line_1_49' title="bbox 297 3280 1189 3342; baseline 0.009 -20"><span class='ocrx_word' id='word_1_256' title='bbox 297 3280 412 3324; x_wconf 87' lang='lat' dir='ltr'><strong>Edd.</strong></span> <span class='ocrx_word' id='word_1_257' title='bbox 454 3292 563 3327; x_wconf 86' lang='lat' dir='ltr'><strong>vett.</strong></span> <span class='ocrx_word' id='word_1_258' title='bbox 608 3286 667 3339; x_wconf 86' lang='lat' dir='ltr'><strong>(c.</strong></span> <span class='ocrx_word' id='word_1_259' title='bbox 704 3284 773 3330; x_wconf 88' lang='lat' dir='ltr'><strong>sil.</strong></span> <span class='ocrx_word' id='word_1_260' title='bbox 809 3285 946 3342; x_wconf 88' lang='lat' dir='ltr'><strong>Vict.)</strong></span> <span class='ocrx_word' id='word_1_261' title='bbox 978 3294 1021 3330; x_wconf 88' lang='lat' dir='ltr'><strong>et</strong></span> <span class='ocrx_word' id='word_1_262' title='bbox 1108 3286 1189 3330; x_wconf 78' lang='lat' dir='ltr'><strong>SS-</strong></span> 
     </span>
     <span class='ocr_line' id='line_1_50' title="bbox 297 3337 1192 3400; baseline 0.008 -21"><span class='ocrx_word' id='word_1_263' title='bbox 297 3337 414 3381; x_wconf 91' lang='lat' dir='ltr'><strong>Bud.</strong></span> <span class='ocrx_word' id='word_1_264' title='bbox 443 3339 594 3385; x_wconf 81' lang='lat' dir='ltr'><strong>Guelf.</strong></span> <span class='ocrx_word' id='word_1_265' title='bbox 616 3342 738 3387; x_wconf 87' lang='lat' dir='ltr'><strong>Harl.</strong></span> <span class='ocrx_word' id='word_1_266' title='bbox 757 3343 892 3389; x_wconf 88' lang='lat' dir='ltr'><strong>Bodl.</strong></span> <span class='ocrx_word' id='word_1_267' title='bbox 915 3343 998 3389; x_wconf 86' lang='lat' dir='ltr'><strong>les.</strong></span> <span class='ocrx_word' id='word_1_268' title='bbox 1035 3344 1192 3400; x_wconf 80' lang='lat' dir='ltr'><strong>potius</strong></span> 
     </span>
    </p>
   </div>
   <div class='ocr_carea' id='block_1_11' title="bbox 295 3396 1114 3530">
    <p class='ocr_par' dir='ltr' id='par_1_12' title="bbox 295 3396 1114 3530">
     <span class='ocr_line' id='line_1_51' title="bbox 301 3396 619 3452; baseline 0.019 -16"><span class='ocrx_word' id='word_1_269' title='bbox 301 3396 619 3452; x_wconf 84' lang='lat' dir='ltr'><strong>quinquennii.</strong></span> 
     </span>
     <span class='ocr_line' id='line_1_52' title="bbox 295 3465 1114 3530; baseline 0.013 -25"><span class='ocrx_word' id='word_1_270' title='bbox 295 3499 301 3504; x_wconf 17' lang='lat' dir='ltr'><strong>a</strong></span> <span class='ocrx_word' id='word_1_271' title='bbox 355 3465 547 3523; x_wconf 73' lang='lat' dir='ltr'><strong>ignium.</strong></span> <span class='ocrx_word' id='word_1_272' title='bbox 610 3469 692 3514; x_wconf 89' lang='lat' dir='ltr'><strong>Ed.</strong></span> <span class='ocrx_word' id='word_1_273' title='bbox 718 3471 838 3530; x_wconf 87' lang='lat' dir='ltr'><strong>Spir.</strong></span> <span class='ocrx_word' id='word_1_274' title='bbox 859 3473 1114 3528; x_wconf 79' lang='lat' dir='ltr'><strong>ingenium.</strong></span> 
     </span>
    </p>
   </div>
   <div class='ocr_carea' id='block_1_12' title="bbox 1239 1691 2154 2904">
    <p class='ocr_par' dir='ltr' id='par_1_13' title="bbox 1239 1691 2140 2152">
     <span class='ocr_line' id='line_1_53' title="bbox 1297 1691 2138 1752; baseline 0.011 -19"><span class='ocrx_word' id='word_1_275' title='bbox 1297 1694 1454 1734; x_wconf 82' lang='lat' dir='ltr'><strong>studia</strong></span> <span class='ocrx_word' id='word_1_276' title='bbox 1478 1693 1641 1746; x_wconf 85' lang='lat' dir='ltr'><strong>plebis.</strong></span> <span class='ocrx_word' id='word_1_277' title='bbox 1698 1691 1820 1737; x_wconf 86' lang='lat' dir='ltr'><strong>Haec</strong></span> <span class='ocrx_word' id='word_1_278' title='bbox 1847 1703 2048 1752; x_wconf 87' lang='lat' dir='ltr'><strong>spectant</strong></span> <span class='ocrx_word' id='word_1_279' title='bbox 2081 1698 2138 1742; x_wconf 86' lang='lat' dir='ltr'><strong>ad</strong></span> 
     </span>
     <span class='ocr_line' id='line_1_54' title="bbox 1239 1749 2137 1798; baseline 0.006 -4"><span class='ocrx_word' id='word_1_280' title='bbox 1239 1749 1464 1794; x_wconf 85' lang='lat' dir='ltr'><strong>ludicram</strong></span> <span class='ocrx_word' id='word_1_281' title='bbox 1501 1749 1725 1793; x_wconf 84' lang='lat' dir='ltr'><strong>licentiam</strong></span> <span class='ocrx_word' id='word_1_282' title='bbox 1763 1758 1807 1794; x_wconf 88' lang='lat' dir='ltr'><strong>et</strong></span> <span class='ocrx_word' id='word_1_283' title='bbox 1845 1751 2043 1798; x_wconf 85' lang='lat' dir='ltr'><strong>fautores</strong></span> <span class='ocrx_word' id='word_1_284' title='bbox 2071 1754 2137 1798; x_wconf 88' lang='lat' dir='ltr'><strong>hi-</strong></span> 
     </span>
     <span class='ocr_line' id='line_1_55' title="bbox 1243 1806 2135 1870; baseline 0.006 -19"><span class='ocrx_word' id='word_1_285' title='bbox 1243 1807 1481 1852; x_wconf 86' lang='lat' dir='ltr'><strong>strionum.</strong></span> <span class='ocrx_word' id='word_1_286' title='bbox 1523 1806 1581 1850; x_wconf 88' lang='lat' dir='ltr'><strong>cf.</strong></span> <span class='ocrx_word' id='word_1_287' title='bbox 1618 1806 1684 1859; x_wconf 83' lang='lat'><strong>13,</strong></span> <span class='ocrx_word' id='word_1_288' title='bbox 1703 1807 1774 1852; x_wconf 82' lang='grc'><strong>35.</strong></span> <span class='ocrx_word' id='word_1_289' title='bbox 1835 1807 1994 1865; x_wconf 84' lang='lat' dir='ltr'><strong>Quum</strong></span> <span class='ocrx_word' id='word_1_290' title='bbox 2028 1828 2135 1870; x_wconf 88' lang='lat' dir='ltr'><strong>pan·</strong></span> 
     </span>
     <span class='ocr_line' id='line_1_56' title="bbox 1244 1864 2137 1919; baseline 0.007 -11"><span class='ocrx_word' id='word_1_291' title='bbox 1244 1864 1422 1908; x_wconf 86' lang='lat' dir='ltr'><strong>tomimi</strong></span> <span class='ocrx_word' id='word_1_292' title='bbox 1464 1864 1513 1907; x_wconf 91' lang='lat' dir='ltr'><strong>in</strong></span> <span class='ocrx_word' id='word_1_293' title='bbox 1555 1881 1736 1908; x_wconf 86' lang='lat' dir='ltr'><strong>scenam</strong></span> <span class='ocrx_word' id='word_1_294' title='bbox 1773 1867 2033 1919; x_wconf 84' lang='lat' dir='ltr'><strong>rediissent,</strong></span> <span class='ocrx_word' id='word_1_295' title='bbox 2084 1871 2137 1914; x_wconf 82' lang='lat' dir='ltr'><strong>ti-</strong></span> 
     </span>
     <span class='ocr_line' id='line_1_57' title="bbox 1243 1922 2139 1974; baseline 0.009 -10"><span class='ocrx_word' id='word_1_296' title='bbox 1243 1922 1460 1965; x_wconf 88' lang='lat' dir='ltr'><strong>mendum</strong></span> <span class='ocrx_word' id='word_1_297' title='bbox 1497 1930 1611 1974; x_wconf 87' lang='lat' dir='ltr'><strong>erat,</strong></span> <span class='ocrx_word' id='word_1_298' title='bbox 1664 1938 1721 1965; x_wconf 90' lang='lat' dir='ltr'><strong>ne</strong></span> <span class='ocrx_word' id='word_1_299' title='bbox 1762 1923 1928 1968; x_wconf 88' lang='lat' dir='ltr'><strong>iterum</strong></span> <span class='ocrx_word' id='word_1_300' title='bbox 1960 1927 2139 1972; x_wconf 82' lang='lat' dir='ltr'><strong>lieentia</strong></span> 
     </span>
     <span class='ocr_line' id='line_1_58' title="bbox 1244 1977 2139 2040; baseline 0.008 -18"><span class='ocrx_word' id='word_1_301' title='bbox 1244 1977 1468 2022; x_wconf 85' lang='lat' dir='ltr'><strong>theatralis</strong></span> <span class='ocrx_word' id='word_1_302' title='bbox 1507 1978 1812 2037; x_wconf 86' lang='lat' dir='ltr'><strong>inrumperet,</strong></span> <span class='ocrx_word' id='word_1_303' title='bbox 1876 1984 2000 2040; x_wconf 88' lang='lat' dir='ltr'><strong>quod</strong></span> <span class='ocrx_word' id='word_1_304' title='bbox 2043 2001 2139 2029; x_wconf 87' lang='lat' dir='ltr'><strong>non</strong></span> 
     </span>
     <span class='ocr_line' id='line_1_59' title="bbox 1245 2036 2140 2094; baseline 0.009 -15"><span class='ocrx_word' id='word_1_305' title='bbox 1245 2036 1417 2084; x_wconf 90' lang='lat' dir='ltr'><strong>evenit,</strong></span> <span class='ocrx_word' id='word_1_306' title='bbox 1457 2037 1671 2093; x_wconf 88' lang='lat' dir='ltr'><strong>quoniam</strong></span> <span class='ocrx_word' id='word_1_307' title='bbox 1702 2041 1970 2094; x_wconf 84' lang='lat' dir='ltr'><strong>pantomimi</strong></span> <span class='ocrx_word' id='word_1_308' title='bbox 2000 2051 2140 2086; x_wconf 84' lang='lat' dir='ltr'><strong>certa·</strong></span> 
     </span>
     <span class='ocr_line' id='line_1_60' title="bbox 1244 2093 1992 2152; baseline 0.005 -15"><span class='ocrx_word' id='word_1_309' title='bbox 1244 2094 1442 2137; x_wconf 89' lang='lat' dir='ltr'><strong>minibus</strong></span> <span class='ocrx_word' id='word_1_310' title='bbox 1465 2093 1598 2136; x_wconf 86' lang='lat' dir='ltr'><strong>sacris</strong></span> <span class='ocrx_word' id='word_1_311' title='bbox 1624 2095 1992 2152; x_wconf 62' lang='lat' dir='ltr'><strong>prohibebantur.</strong></span> 
     </span>
    </p>

    <p class='ocr_par' dir='ltr' id='par_1_14' title="bbox 1246 2148 2147 2547">
     <span class='ocr_line' id='line_1_61' title="bbox 1299 2148 2142 2215; baseline 0.008 -21"><span class='ocrx_word' id='word_1_312' title='bbox 1299 2148 1469 2194; x_wconf 80' lang='lat' dir='ltr'><strong>redditi</strong></span> <span class='ocrx_word' id='word_1_313' title='bbox 1489 2165 1756 2208; x_wconf 80' lang='lat' dir='ltr'><strong>quanquam</strong></span> <span class='ocrx_word' id='word_1_314' title='bbox 1780 2162 1866 2197; x_wconf 88' lang='lat' dir='ltr'><strong>etc.</strong></span> <span class='ocrx_word' id='word_1_315' title='bbox 1922 2155 2006 2199; x_wconf 83' lang='lat' dir='ltr'><strong>Ed.</strong></span> <span class='ocrx_word' id='word_1_316' title='bbox 2024 2157 2142 2215; x_wconf 90' lang='lat' dir='ltr'><strong>Spir.</strong></span> 
     </span>
     <span class='ocr_line' id='line_1_62' title="bbox 1247 2210 2144 2268; baseline 0.008 -17"><span class='ocrx_word' id='word_1_317' title='bbox 1247 2210 1422 2251; x_wconf 83' lang='lat' dir='ltr'><strong>redditi</strong></span> <span class='ocrx_word' id='word_1_318' title='bbox 1449 2223 1749 2264; x_wconf 82' lang='lat' dir='ltr'><strong>nequaquam</strong></span> <span class='ocrx_word' id='word_1_319' title='bbox 1778 2225 1943 2255; x_wconf 81' lang='lat' dir='ltr'><strong>scenae</strong></span> <span class='ocrx_word' id='word_1_320' title='bbox 1968 2222 2144 2268; x_wconf 84' lang='lat' dir='ltr'><strong>panto-</strong></span> 
     </span>
     <span class='ocr_line' id='line_1_63' title="bbox 1249 2267 2145 2324; baseline 0.01 -17"><span class='ocrx_word' id='word_1_321' title='bbox 1249 2267 1381 2308; x_wconf 83' lang='lat' dir='ltr'><strong>minii</strong></span> <span class='ocrx_word' id='word_1_322' title='bbox 1415 2268 1702 2308; x_wconf 81' lang='lat' dir='ltr'><strong>certantibus</strong></span> <span class='ocrx_word' id='word_1_323' title='bbox 1740 2270 1886 2312; x_wconf 80' lang='lat' dir='ltr'><strong>sacris</strong></span> <span class='ocrx_word' id='word_1_324' title='bbox 1920 2273 2145 2324; x_wconf 77' lang='lat' dir='ltr'><strong>prohibe-</strong></span> 
     </span>
     <span class='ocr_line' id='line_1_64' title="bbox 1249 2322 2142 2382; baseline 0.007 -16"><span class='ocrx_word' id='word_1_325' title='bbox 1249 2326 1443 2366; x_wconf 82' lang='lat' dir='ltr'><strong>bantur.</strong></span> <span class='ocrx_word' id='word_1_326' title='bbox 1506 2322 1590 2365; x_wconf 83' lang='lat' dir='ltr'><strong>Ed.</strong></span> <span class='ocrx_word' id='word_1_327' title='bbox 1622 2323 1831 2368; x_wconf 86' lang='lat' dir='ltr'><strong>Beroald.</strong></span> <span class='ocrx_word' id='word_1_328' title='bbox 1864 2331 2142 2382; x_wconf 76' lang='lat' dir='ltr'><strong>prohibeba-</strong></span> 
     </span>
     <span class='ocr_line' id='line_1_65' title="bbox 1250 2379 2147 2431; baseline 0.011 -9"><span class='ocrx_word' id='word_1_329' title='bbox 1250 2388 1330 2424; x_wconf 85' lang='lat' dir='ltr'><strong>tur</strong></span> <span class='ocrx_word' id='word_1_330' title='bbox 1340 2397 1354 2431; x_wconf 89' lang='lat'><em>;</em></span> <span class='ocrx_word' id='word_1_331' title='bbox 1386 2379 1614 2424; x_wconf 83' lang='lat' dir='ltr'><strong>Victorius</strong></span> <span class='ocrx_word' id='word_1_332' title='bbox 1640 2397 1664 2424; x_wconf 91' lang='lat' dir='ltr'><strong>e</strong></span> <span class='ocrx_word' id='word_1_333' title='bbox 1688 2381 1789 2425; x_wconf 89' lang='lat' dir='ltr'><strong>MS.</strong></span> <span class='ocrx_word' id='word_1_334' title='bbox 1806 2382 1930 2429; x_wconf 85' lang='lat' dir='ltr'><strong>Flor.</strong></span> <span class='ocrx_word' id='word_1_335' title='bbox 1956 2388 2147 2431; x_wconf 82' lang='lat' dir='ltr'><strong>correxit</strong></span> 
     </span>
     <span class='ocr_line' id='line_1_66' title="bbox 1246 2439 2144 2500; baseline 0.013 -22"><span class='ocrx_word' id='word_1_336' title='bbox 1246 2439 1627 2492; x_wconf 73' lang='lat' dir='ltr'><strong>prohibebantur.</strong></span> <span class='ocrx_word' id='word_1_337' title='bbox 1695 2439 1799 2484; x_wconf 88' lang='lat' dir='ltr'><strong>MS.</strong></span> <span class='ocrx_word' id='word_1_338' title='bbox 1839 2440 1992 2488; x_wconf 80' lang='lat' dir='ltr'><strong>Guelf.</strong></span> <span class='ocrx_word' id='word_1_339' title='bbox 2028 2461 2144 2500; x_wconf 82' lang='lat' dir='ltr'><strong>pro-</strong></span> 
     </span>
     <span class='ocr_line' id='line_1_67' title="bbox 1249 2497 1961 2547; baseline 0.007 -8"><span class='ocrx_word' id='word_1_340' title='bbox 1249 2497 1476 2539; x_wconf 79' lang='lat' dir='ltr'><strong>hibebant.</strong></span> <span class='ocrx_word' id='word_1_341' title='bbox 1950 2535 1961 2547; x_wconf 30' lang='grc' dir='ltr'>χ</span> 
     </span>
    </p>

    <p class='ocr_par' dir='ltr' id='par_1_15' title="bbox 1251 2553 2154 2904">
     <span class='ocr_line' id='line_1_68' title="bbox 1311 2553 2147 2609; baseline 0.011 -13"><span class='ocrx_word' id='word_1_342' title='bbox 1311 2553 1610 2609; x_wconf 82' lang='lat' dir='ltr'><strong>eloquentiae</strong></span> <span class='ocrx_word' id='word_1_343' title='bbox 1639 2554 1839 2607; x_wconf 76' lang='lat' dir='ltr'><strong>primas.</strong></span> <span class='ocrx_word' id='word_1_344' title='bbox 1905 2556 1983 2601; x_wconf 89' lang='lat' dir='ltr'><strong>Sic</strong></span> <span class='ocrx_word' id='word_1_345' title='bbox 2011 2559 2147 2605; x_wconf 87' lang='lat' dir='ltr'><strong>MSS.</strong></span> 
     </span>
     <span class='ocr_line' id='line_1_69' title="bbox 1252 2610 2148 2671; baseline 0.008 -17"><span class='ocrx_word' id='word_1_346' title='bbox 1252 2611 1377 2654; x_wconf 90' lang='lat' dir='ltr'><strong>Flor.</strong></span> <span class='ocrx_word' id='word_1_347' title='bbox 1416 2611 1534 2664; x_wconf 85' lang='lat' dir='ltr'><strong>(test.</strong></span> <span class='ocrx_word' id='word_1_348' title='bbox 1562 2610 1682 2653; x_wconf 88' lang='lat' dir='ltr'><strong>Vict.</strong></span> <span class='ocrx_word' id='word_1_349' title='bbox 1718 2628 1758 2654; x_wconf 95' lang='lat' dir='ltr'><strong>c.</strong></span> <span class='ocrx_word' id='word_1_350' title='bbox 1790 2613 1932 2671; x_wconf 67' lang='lat' dir='ltr'><strong>Picta.)</strong></span> <span class='ocrx_word' id='word_1_351' title='bbox 1964 2615 2148 2662; x_wconf 82' lang='lat' dir='ltr'><strong>Fames.</strong></span> 
     </span>
     <span class='ocr_line' id='line_1_70' title="bbox 1251 2665 2150 2730; baseline 0.007 -18"><span class='ocrx_word' id='word_1_352' title='bbox 1251 2667 1370 2712; x_wconf 86' lang='lat' dir='ltr'><strong>Bud.</strong></span> <span class='ocrx_word' id='word_1_353' title='bbox 1395 2665 1496 2710; x_wconf 86' lang='lat' dir='ltr'><strong>edd.</strong></span> <span class='ocrx_word' id='word_1_354' title='bbox 1519 2665 1836 2724; x_wconf 73' lang='lat' dir='ltr'><strong>Spir.Piehen.</strong></span> <span class='ocrx_word' id='word_1_355' title='bbox 1857 2688 1877 2715; x_wconf 87' lang='lat' dir='ltr'><strong>s</strong></span> <span class='ocrx_word' id='word_1_356' title='bbox 1911 2688 1955 2730; x_wconf 81' lang='lat' dir='ltr'><strong>q·</strong></span> <span class='ocrx_word' id='word_1_357' title='bbox 1986 2696 2046 2707; x_wconf 87' lang='lat'>—</span> <span class='ocrx_word' id='word_1_358' title='bbox 2090 2677 2150 2718; x_wconf 85' lang='lat' dir='ltr'><strong>el.</strong></span> 
     </span>
     <span class='ocr_line' id='line_1_71' title="bbox 1253 2725 2151 2781; baseline 0.011 -15"><span class='ocrx_word' id='word_1_359' title='bbox 1253 2725 1440 2781; x_wconf 73' lang='lat' dir='ltr'><strong>primas</strong></span> <span class='ocrx_word' id='word_1_360' title='bbox 1487 2732 1655 2778; x_wconf 82' lang='lat' dir='ltr'><strong>partes</strong></span> <span class='ocrx_word' id='word_1_361' title='bbox 1701 2725 1838 2772; x_wconf 88' lang='lat' dir='ltr'><strong>MSS.</strong></span> <span class='ocrx_word' id='word_1_362' title='bbox 1931 2729 2020 2775; x_wconf 89' lang='lat' dir='ltr'><strong>odl.</strong></span> <span class='ocrx_word' id='word_1_363' title='bbox 2068 2731 2151 2776; x_wconf 87' lang='lat' dir='ltr'><strong>les.</strong></span> 
     </span>
     <span class='ocr_line' id='line_1_72' title="bbox 1258 2780 2151 2840; baseline 0.009 -15"><span class='ocrx_word' id='word_1_364' title='bbox 1258 2780 1407 2826; x_wconf 82' lang='lat' dir='ltr'><strong>Guelf.</strong></span> <span class='ocrx_word' id='word_1_365' title='bbox 1448 2780 1540 2836; x_wconf 89' lang='lat' dir='ltr'><strong>(hic</strong></span> <span class='ocrx_word' id='word_1_366' title='bbox 1567 2785 1733 2840; x_wconf 78' lang='lat' dir='ltr'><strong>partis)</strong></span> <span class='ocrx_word' id='word_1_367' title='bbox 1761 2785 1864 2830; x_wconf 88' lang='lat' dir='ltr'><strong>edd.</strong></span> <span class='ocrx_word' id='word_1_368' title='bbox 1886 2786 1988 2831; x_wconf 88' lang='lat' dir='ltr'><strong>Put.</strong></span> <span class='ocrx_word' id='word_1_369' title='bbox 2012 2789 2079 2832; x_wconf 91' lang='lat' dir='ltr'><strong>M.</strong></span> <span class='ocrx_word' id='word_1_370' title='bbox 2107 2798 2151 2833; x_wconf 87' lang='lat' dir='ltr'><strong>et</strong></span> 
     </span>
     <span class='ocr_line' id='line_1_73' title="bbox 1257 2839 2154 2904; baseline 0.009 -22"><span class='ocrx_word' id='word_1_371' title='bbox 1257 2841 1315 2882; x_wconf 88' lang='lat' dir='ltr'><strong>V.</strong></span> <span class='ocrx_word' id='word_1_372' title='bbox 1358 2839 1562 2884; x_wconf 75' lang='lat' dir='ltr'><strong>Beroald.</strong></span> <span class='ocrx_word' id='word_1_373' title='bbox 1605 2839 1709 2891; x_wconf 69' lang='lat' dir='ltr'><strong>Alc.</strong></span> <span class='ocrx_word' id='word_1_374' title='bbox 1750 2841 1898 2888; x_wconf 87' lang='lat' dir='ltr'><strong>Rhen.</strong></span> <span class='ocrx_word' id='word_1_375' title='bbox 1945 2860 2054 2904; x_wconf 80' lang='lat' dir='ltr'><strong>sqq.⁴</strong></span> <span class='ocrx_word' id='word_1_376' title='bbox 2091 2869 2154 2880; x_wconf 90' lang='lat'><em>-</em></span> 
     </span>
    </p>
   </div>
   <div class='ocr_carea' id='block_1_13' title="bbox 1258 2899 2149 3001">
    <p class='ocr_par' dir='ltr' id='par_1_16' title="bbox 1258 2899 2149 3001">
     <span class='ocr_line' id='line_1_74' title="bbox 1258 2899 2149 3001; baseline 0.012 -63"><span class='ocrx_word' id='word_1_377' title='bbox 1258 2899 1546 3001; x_wconf 58' lang='lat' dir='ltr'><strong>goqluentiae</strong></span> <span class='ocrx_word' id='word_1_378' title='bbox 1583 2899 1824 2954; x_wconf 73' lang='lat' dir='ltr'><strong>primitias</strong></span> <span class='ocrx_word' id='word_1_379' title='bbox 1852 2901 1999 2948; x_wconf 85' lang='lat' dir='ltr'><strong>MSS.</strong></span> <span class='ocrx_word' id='word_1_380' title='bbox 2035 2902 2149 2963; x_wconf 85' lang='lat' dir='ltr'><strong>Agr.</strong></span> 
     </span>
     <span class='ocr_line' id='line_1_75' title="bbox 1298 2971 1397 2998; baseline 0 -1"><span class='ocrx_word' id='word_1_381' title='bbox 1298 2971 1349 2998; x_wconf 86' lang='lat' dir='ltr'><strong>or</strong></span> <span class='ocrx_word' id='word_1_382' title='bbox 1387 2986 1397 2997; x_wconf 94' lang='lat'><strong>.</strong></span> 
     </span>
    </p>
   </div>
   <div class='ocr_carea' id='block_1_14' title="bbox 1257 3011 2156 3517">
    <p class='ocr_par' dir='ltr' id='par_1_17' title="bbox 1257 3011 2156 3517">
     <span class='ocr_line' id='line_1_76' title="bbox 1319 3011 2153 3062; baseline 0.011 -9"><span class='ocrx_word' id='word_1_383' title='bbox 1319 3011 1490 3054; x_wconf 85' lang='lat' dir='ltr'><strong>Graeci</strong></span> <span class='ocrx_word' id='word_1_384' title='bbox 1508 3012 1724 3058; x_wconf 81' lang='lat' dir='ltr'><strong>amictus.</strong></span> <span class='ocrx_word' id='word_1_385' title='bbox 1782 3013 1860 3059; x_wconf 82' lang='lat' dir='ltr'><strong>Sic</strong></span> <span class='ocrx_word' id='word_1_386' title='bbox 1882 3016 2019 3062; x_wconf 89' lang='lat' dir='ltr'><strong>MSS.</strong></span> <span class='ocrx_word' id='word_1_387' title='bbox 2031 3018 2067 3061; x_wconf 91' lang='lat' dir='ltr'>F</span> <span class='ocrx_word' id='word_1_388' title='bbox 2069 3017 2153 3062; x_wconf 90' lang='lat' dir='ltr'><strong>lor.</strong></span> 
     </span>
     <span class='ocr_line' id='line_1_77' title="bbox 1260 3068 2154 3132; baseline 0.009 -22"><span class='ocrx_word' id='word_1_389' title='bbox 1260 3069 1378 3124; x_wconf 88' lang='lat' dir='ltr'><strong>(test.</strong></span> <span class='ocrx_word' id='word_1_390' title='bbox 1401 3068 1542 3127; x_wconf 80' lang='lat' dir='ltr'><strong>Ryek.</strong></span> <span class='ocrx_word' id='word_1_391' title='bbox 1576 3087 1666 3114; x_wconf 88' lang='lat' dir='ltr'><strong>sec.</strong></span> <span class='ocrx_word' id='word_1_392' title='bbox 1701 3070 1848 3116; x_wconf 86' lang='lat' dir='ltr'><strong>collat.</strong></span> <span class='ocrx_word' id='word_1_393' title='bbox 1870 3073 1906 3116; x_wconf 88' lang='lat'><strong>1.</strong></span> <span class='ocrx_word' id='word_1_394' title='bbox 1931 3073 2154 3132; x_wconf 77' lang='lat' dir='ltr'><strong>Gronov.)</strong></span> 
     </span>
     <span class='ocr_line' id='line_1_78' title="bbox 1257 3126 2152 3176; baseline 0.007 -6"><span class='ocrx_word' id='word_1_395' title='bbox 1257 3126 1373 3170; x_wconf 76' lang='lat' dir='ltr'><strong>Eud.</strong></span> <span class='ocrx_word' id='word_1_396' title='bbox 1398 3126 1549 3171; x_wconf 80' lang='lat' dir='ltr'><strong>Guelf.</strong></span> <span class='ocrx_word' id='word_1_397' title='bbox 1573 3128 1674 3171; x_wconf 89' lang='lat' dir='ltr'><strong>edd.</strong></span> <span class='ocrx_word' id='word_1_398' title='bbox 1697 3128 1800 3172; x_wconf 83' lang='lat' dir='ltr'><strong>Put.</strong></span> <span class='ocrx_word' id='word_1_399' title='bbox 1823 3129 1893 3175; x_wconf 91' lang='lat' dir='ltr'><strong>M.</strong></span> <span class='ocrx_word' id='word_1_400' title='bbox 1913 3130 2026 3175; x_wconf 85' lang='lat' dir='ltr'><strong>etV.</strong></span> <span class='ocrx_word' id='word_1_401' title='bbox 2043 3131 2152 3176; x_wconf 87' lang='lat' dir='ltr'><strong>Ber.</strong></span> 
     </span>
     <span class='ocr_line' id='line_1_79' title="bbox 1257 3184 2156 3246; baseline 0.008 -20"><span class='ocrx_word' id='word_1_402' title='bbox 1257 3185 1318 3238; x_wconf 89' lang='lat' dir='ltr'><strong>(c.</strong></span> <span class='ocrx_word' id='word_1_403' title='bbox 1354 3184 1422 3227; x_wconf 83' lang='lat' dir='ltr'><strong>sil.</strong></span> <span class='ocrx_word' id='word_1_404' title='bbox 1450 3184 1585 3240; x_wconf 82' lang='lat' dir='ltr'><strong>Viet.)</strong></span> <span class='ocrx_word' id='word_1_405' title='bbox 1623 3184 1722 3230; x_wconf 77' lang='lat' dir='ltr'><strong>Ale.</strong></span> <span class='ocrx_word' id='word_1_406' title='bbox 1753 3185 1901 3231; x_wconf 85' lang='lat' dir='ltr'><strong>Rhen.</strong></span> <span class='ocrx_word' id='word_1_407' title='bbox 1932 3203 2033 3246; x_wconf 78' lang='lat' dir='ltr'><strong>sqq.</strong></span> <span class='ocrx_word' id='word_1_408' title='bbox 2092 3190 2156 3234; x_wconf 88' lang='lat' dir='ltr'><strong>At</strong></span> 
     </span>
     <span class='ocr_line' id='line_1_80' title="bbox 1261 3240 2156 3299; baseline 0.008 -16"><span class='ocrx_word' id='word_1_409' title='bbox 1261 3240 1364 3284; x_wconf 87' lang='lat' dir='ltr'><strong>MS.</strong></span> <span class='ocrx_word' id='word_1_410' title='bbox 1414 3242 1594 3286; x_wconf 80' lang='lat' dir='ltr'><strong>Fames.</strong></span> <span class='ocrx_word' id='word_1_411' title='bbox 1649 3242 1903 3287; x_wconf 76' lang='lat' dir='ltr'><strong>Ciraetiam</strong></span> <span class='ocrx_word' id='word_1_412' title='bbox 1956 3248 2156 3299; x_wconf 74' lang='grc' dir='ltr'><strong>ιἀοιυηις</strong></span> 
     </span>
     <span class='ocr_line' id='line_1_81' title="bbox 1263 3297 2154 3366; baseline 0.007 -24"><span class='ocrx_word' id='word_1_413' title='bbox 1263 3299 1366 3342; x_wconf 89' lang='lat' dir='ltr'><strong>MS.</strong></span> <span class='ocrx_word' id='word_1_414' title='bbox 1390 3297 1534 3343; x_wconf 82' lang='lat' dir='ltr'><strong>Vatie.</strong></span> <span class='ocrx_word' id='word_1_415' title='bbox 1563 3299 1684 3366; x_wconf 79' lang='lat' dir='ltr'><strong>Lips.</strong></span> <span class='ocrx_word' id='word_1_416' title='bbox 1719 3300 1966 3346; x_wconf 78' lang='lat' dir='ltr'><strong>Graeciam</strong></span> <span class='ocrx_word' id='word_1_417' title='bbox 1999 3304 2154 3348; x_wconf 77' lang='lat' dir='ltr'><strong>iactus</strong></span> 
     </span>
     <span class='ocr_line' id='line_1_82' title="bbox 1265 3355 2156 3416; baseline 0.009 -18"><span class='ocrx_word' id='word_1_418' title='bbox 1265 3363 1331 3399; x_wconf 84' lang='lat' dir='ltr'><strong>ta.</strong></span> <span class='ocrx_word' id='word_1_419' title='bbox 1410 3356 1494 3399; x_wconf 86' lang='lat' dir='ltr'><strong>Ed.</strong></span> <span class='ocrx_word' id='word_1_420' title='bbox 1545 3355 1666 3416; x_wconf 77' lang='lat' dir='ltr'><strong>Spir.</strong></span> <span class='ocrx_word' id='word_1_421' title='bbox 1711 3361 1948 3412; x_wconf 65' lang='lat' dir='ltr'><strong>graeciam</strong></span> <span class='ocrx_word' id='word_1_422' title='bbox 1994 3362 2156 3406; x_wconf 69' lang='lat' dir='ltr'><strong>iactus.</strong></span> 
     </span>
     <span class='ocr_line' id='line_1_83' title="bbox 1263 3413 2156 3464; baseline 0.008 -7"><span class='ocrx_word' id='word_1_423' title='bbox 1263 3413 1501 3457; x_wconf 82' lang='lat' dir='ltr'><strong>Broterius</strong></span> <span class='ocrx_word' id='word_1_424' title='bbox 1558 3431 1582 3458; x_wconf 91' lang='lat' dir='ltr'><strong>e</strong></span> <span class='ocrx_word' id='word_1_425' title='bbox 1632 3414 1767 3460; x_wconf 81' lang='lat' dir='ltr'><strong>MSS.</strong></span> <span class='ocrx_word' id='word_1_426' title='bbox 1825 3416 1957 3463; x_wconf 87' lang='lat' dir='ltr'><strong>etiam</strong></span> <span class='ocrx_word' id='word_1_427' title='bbox 2013 3418 2156 3464; x_wconf 78' lang='lat' dir='ltr'><strong>adfert</strong></span> 
     </span>
     <span class='ocr_line' id='line_1_84' title="bbox 1269 3471 1671 3517; baseline -0.002 -2"><span class='ocrx_word' id='word_1_428' title='bbox 1269 3471 1523 3516; x_wconf 87' lang='lat' dir='ltr'><strong>Graeciam</strong></span> <span class='ocrx_word' id='word_1_429' title='bbox 1545 3473 1671 3517; x_wconf 78' lang='lat' dir='ltr'><strong>ictus.</strong></span> 
     </span>
    </p>
   </div>
  </div>
 </body>
</html>
