2164 3990
129 229 186 267 A.
208 226 258 263 U.
276 227 359 259 sm.

133 273 182 306 A.
204 269 250 304 c,
298 269 358 303 66.

532 226 706 287 LIB.
746 223 878 285 XV.
951 223 1147 286 CAP.
1179 225 1279 287 61.
1311 226 1408 284 62.
1767 230 1892 291 403

44 382 220 439 seque
258 359 548 418 rationem
592 354 947 411 valetudinis
993 366 1048 411 et
1090 375 1348 411 amorem
1394 355 1605 431 quietis
1654 378 1891 418 excusa-

43 449 192 504 visse
220 444 542 519 respondit.
630 459 734 496 cur
758 435 1245 515 salutem'privati
1280 435 1541 497 hominis
1574 443 1899 503 incolumi&

41 532 149 590 tati
191 550 330 587 suae
373 528 714 593 anteferret,
778 544 1012 580 causam
1055 544 1179 580 non
1234 520 1538 582 habuisse:
1624 549 1731 585 nec
1774 532 1888 588 sibi

40 627 378 693 promptum
403 614 468 668 in
493 609 859 668 adulationes
894 609 1216 682 ingenium.
1268 660 1271 663 .
1303 611 1481 688 idque
1514 613 1668 668 nulli
1705 617 1890 689 magis

42 721 291 775 gnarum
329 717 506 774 quam
538 692 793 763 Neroni,
854 695 959 770 qui
999 695 1227 768 saepius
1265 695 1594 753 libertatem
1633 697 1887 757 Senecae

43 806 219 863 quam
243 782 545 840 servitium
570 790 836 854 expertus
870 790 1032 838 esset.
1120 777 1238 836 Ubi
1272 776 1412 837 haec
1453 802 1485 837 a
1520 783 1760 840 tribuno
1794 806 1891 841 re·-

44 873 160 927 lata
198 880 364 937 sunt,
406 864 678 941 Poppaea
711 875 766 920 et
800 863 1099 938 Tigellino
1137 884 1368 934 coram,
1413 869 1573 942 quod
1608 880 1730 925 erat
1764 889 1891 928 sae-

40 954 225 1015 vienti
272 952 528 1028 principi
590 949 865 1006 intimum
922 948 1334 1019 consiliorum,
1400 951 1748 1026 interrogat,
1814 975 1893 1012 an

41 1040 261 1111 Seneca
312 1036 706 1094 voluntariam
755 1033 1003 1090 mortem
1048 1035 1322 1108 pararet?
1418 1034 1578 1092 Tum
1616 1039 1891 1097 tribunus

42 1126 204 1181 nulla
230 1122 464 1199 pavoris
489 1121 682 1194 signa,
727 1114 881 1174 nihil
907 1119 1070 1176 triste
1104 1119 1167 1175 in
1193 1119 1386 1175 verbis
1423 1122 1548 1177 eius
1583 1135 1685 1180 aut
1723 1126 1891 1183 vultu

42 1212 393 1284 deprensum
432 1204 815 1263 confirmavit.
902 1223 1037 1276 ergo
1078 1205 1307 1276 regredi
1338 1217 1396 1261 et
1433 1206 1692 1264 indicere
1728 1231 1892 1267 mor-

42 1307 158 1352 tem
190 1294 442 1351 iubetur.
470 1318 472 1323 ·
529 1289 741 1345 Tradit
764 1286 981 1344 Fabius
1006 1287 1286 1347 Rusticus
1323 1310 1447 1346 non
1485 1311 1551 1347 eo
1572 1338 1588 1360 ,
1639 1300 1754 1370 quo
1789 1316 1891 1351 ve-

40 1391 238 1447 uerat,
306 1378 517 1434 itinere
562 1373 848 1441 reditum,
909 1375 1010 1428 sed
1052 1374 1276 1429 flexisse
1314 1377 1388 1430 ad
1425 1374 1676 1433 Fenium
1721 1400 1891 1454 prae..

38 1465 254 1520 fectum
281 1472 336 1517 et
363 1459 636 1536 expositis
660 1458 925 1518 Caesaris
952 1458 1122 1514 iussis
1140 1504 1156 1527 ,
1200 1479 1276 1515 an
1301 1460 1755 1535 obtemperaret,
1796 1466 1893 1521 in·-

40 1547 451 1620 terrogavisse,
503 1542 914 1619 monitumque
949 1545 1023 1599 ab
1061 1565 1160 1612 eo,
1213 1555 1280 1600 ut
1317 1559 1754 1621 exsequeretur,
1802 1550 1894 1607 faa-

39 1633 145 1689 tali
172 1631 440 1688 omnium
467 1629 716 1703 ignavia.
804 1648 941 1683 nam
977 1640 1033 1684 et
1060 1628 1336 1686 Silvanus
1373 1630 1526 1687 inter
1556 1634 1894 1692 coniuratos

43 1729 164 1774 erat
223 1704 591 1791 'augebatque
652 1713 892 1781 scelera,
968 1714 1030 1769 in
1089 1735 1342 1790 quorum
1406 1717 1694 1773 ultionem
1749 1740 1892 1776 con..

42 1813 316 1861 senserat.
416 1801 547 1856 voci
581 1811 777 1856 tamen
819 1809 875 1854 et
925 1800 1182 1872 aspectui
1233 1801 1489 1874 pepercit
1541 1802 1892 1862 intromisit-—

42 1908 154 1964 que
179 1888 254 1946 ad
277 1886 558 1944 Senecam
598 1904 785 1940 unum
820 1903 885 1937 ex
924 1884 1397 1952 centurionibUS,
1442 1886 1546 1961 qui
1582 1890 1892 1946 necessita*-

41 1985 157 2029 tem
185 1971 453 2028 ultimam
493 1968 881 2027 denuntiaret.

209 2054 399 2116 LXIl.
470 2054 576 2111 Ille
608 2054 910 2109 interritus
935 2053 1119 2126 poscit
1155 2055 1487 2110 testamenti
1525 2057 1778 2116 tabulas:
1826 2080 1891 2116 ac

42 2143 362 2218 denegante
391 2127 737 2196 centurione
760 2156 1074 2193 comrersus
1112 2139 1181 2194 ad
1222 2138 1467 2208 amicoS,
1506 2144 1742 2216 quando
1768 2166 1893 2201 me-

44 2372 167 2422 Ate„
221 2379 262 2412 et
307 2368 410 2411 dein
455 2364 595 2425 liyek.
627 2363 801 2406 Ernest.
836 2380 933 2420 sqq.

44 2426 423 2486 praepositionem
463 2440 496 2465 α
538 2421 752 2464 omittunt
798 2421 932 2464 MSS.

43 2485 160 2530 Bud.
179 2483 302 2527 Harl.
326 2482 454 2525 Bodl.
493 2479 574 2522 les.
609 2478 710 2524 edd.
730 2477 931 2521 Rhenan.

43 2559 107 2585 ΞΥ(
133 2575 142 2584 ι

82 2559 233 2669 ¹sieque
255 2611 501 2652 rationem.
563 2605 639 2649 Sic
659 2603 794 2648 MSS.
810 2605 933 2648 Flor-

44 2674 160 2724 (ἵε-εί.
181 2668 298 2711 Viet.
335 2682 372 2709 c.
398 2665 610 2715 Pichena)
645 2662 753 2719 Agr.
789 2662 927 2725 Con-b.

44 2727 158 2772 Bud.
193 2728 258 2779 (in
293 2739 385 2782 quo
424 2732 572 2765 tamen
607 2729 670 2763 est
700 2720 929 2772 rationes)

44 2784 145 2829 edd.
171 2784 201 2826 S
234 2784 290 2826 ir.
316 2780 437 2823 Pich.
464 2795 562 2837 sqq.
590 2802 639 2810 »-
687 2792 824 2832 seque
847 2792 927 2819 ra-

45 2843 166 2885 tione
199 2837 333 2881 1188.
364 2835 490 2879 Harl.
529 2835 658 2878 bodl.
686 2832 835 2877 Guetf.
878 2857 926 2864 --

43 2915 96 2942 se
123 2898 302 2939 ratione
335 2893 435 2937 edd.
462 2891 563 2936 Put.
588 2893 654 2936 M.
680 2901 721 2934 et
748 2890 802 2937 V.
830 2892 926 2934 Ber.

46 2957 146 2999 Ale.
174 2952 316 2996 Rhen.
350 2949 469 3007 Lips.
504 2948 712 3001 Gruter.;
759 2963 810 2990 se
843 2964 930 2990 ra·-

47 3016 222 3057 tt‘onem
252 3009 323 3052 ed.
349 3007 447 3050 Ald.
520 3005 612 3061 Qui
642 3005 740 3048 libri
767 3005 932 3049 habent

45 3068 245 3115 ratione,
287 3066 423 3108 iidem
450 3062 551 3106 dein
574 3061 725 3104 ferunt
749 3076 930 3111 amore,

44 3137 86 3171 et
117 3129 181 3170 sic
210 3122 321 3171 MS..
343 3120 460 3165 Bud.
531 3120 564 3162 E
589 3119 690 3162 MS.
708 3118 828 3162 Flor.
855 3120 928 3162 Pi-

44 3166 181 3230 obena
207 3178 406 3250 prodidit
433 3192 670 3227 umorem,
701 3176 763 3218 uti
788 3186 850 3219 est
881 3177 928 3220 in

45 3241 116 3285 ed.
142 3238 260 3298 Spnr.
331 3231 562 3279 Victorius
584 3233 799 3298 intactum
825 3234 928 3277 reli-

46 3298 140 3357 quit
178 3309 355 3338 amore.
444 3292 646 3334 varietas
684 3298 930 3348 scripturae

45 3363 141 3398 orta
166 3360 230 3396 est
251 3369 299 3396 ex
322 3349 493 3393 inscitia
521 3363 706 3398 eorum,
737 3347 811 3403 qui
838 3363 930 3390 non

47 3410 342 3468 intelligerent
375 3422 504 3449 usum
541 3402 659 3448 verbi
692 3418 932 3455 excusare,

46 3469 100 3511 de
125 3483 211 3525 quo
233 3466 403 3508 dictum
428 3472 489 3506 est
517 3461 574 3506 ad
602 3463 640 3512 1,
665 3461 733 3505 59.

104 3536 389 3581 valetudinis.
450 3534 524 3579 Sic
547 3531 649 3576 MS.
671 3532 793 3575 Flor.
815 3533 929 3587 (test.

1009 2364 1146 2417 vict.)
1170 2363 1268 2408 edd.
1294 2366 1411 2424 Lips.
1435 2366 1557 2411 Pieh.
1585 2385 1683 2427 sqq.
1705 2396 1761 2404 —
1803 2388 1888 2415 υα-

1005 2422 1216 2464 litudim's
1239 2422 1342 2466 edd.
1367 2432 1475 2467 velt.

1061 2505 1142 2546 ubi
1162 2507 1289 2548 haec.
1349 2507 1449 2551 MS.
1467 2508 1619 2552 Guelf.
1641 2513 1752 2555 haec
1772 2510 1862 2559 ubi.

1059 2591 1355 2639 deprensum.
1418 2593 1494 2636 Sic
1507 2594 1606 2637 MS.
1628 2595 1752 2640 Flor.
1769 2598 1891 2652 (test.

1006 2644 1090 2687 lac.
1124 2645 1369 2704 Gronov.).
1423 2648 1481 2692 ef.
1521 2654 1560 2702 1,
1591 2651 1648 2694 34
1680 2661 1722 2695 et
1750 2653 1818 2698 85.
1848 2666 1890 2699 et

1003 2703 1122 2746 alibi.
1180 2703 1294 2746 Edd.
1321 2721 1475 2749 omnes
1497 2723 1599 2751 curn
1623 2710 1888 2759 eod.Gue1f.

1003 2762 1349 2814 deprehensum.
1402 2762 1502 2807 Vid.
1531 2773 1623 2808 not.
1647 2766 1701 2810 ad
1723 2768 1763 2820 3,
1789 2769 1858 2814 53.

1057 2861 1273 2905 reditum.
1314 2863 1389 2906 Sic
1410 2861 1544 2907 MSS.
1560 2863 1682 2909 Harl.
1707 2883 1729 2908 a
1754 2886 1889 2914 manu

1003 2916 1323 2970 emendatoris,
1383 2921 1494 2963 Bud.
1533 2922 1635 2966 edd.
1676 2923 1778 2968 Put.
1819 2928 1886 2972 M.
1943 2929 1945 2933 ’

1003 2983 1045 3017 et
1071 2974 1124 3017 V.
1153 2978 1352 3021 beroam.
1378 2984 1438 3033 (c.
1463 2978 1607 3021 silent.
1626 2981 1762 3040 vict.)
1785 2985 1887 3030 Alc„

1004 3031 1145 3075 lihen.
1170 3048 1265 3090 sqq.
1283 3058 1341 3070 -a-
1369 3035 1607 3078 redditum
1619 3037 1751 3083 MSS.
1766 3041 1891 3088 Harl..

1003 3091 1045 3138 (a
1070 3105 1130 3158 pr.
1162 3098 1243 3143 m.)
1272 3099 1313 3134 et
1331 3090 1483 3135 Guelf.
1503 3118 1562 3128 -—
1595 3097 1889 3144 redditurum

1003 3146 1239 3204 Malteg..
1262 3149 1298 3190 si
1321 3147 1427 3191 fides
1451 3147 1650 3194 habenda
1665 3151 1892 3200 Broterio.

1002 3204 1071 3246 De
1098 3203 1165 3247 ed.
1190 3205 1309 3261 Spir.
1343 3206 1381 3248 is
1413 3204 1549 3249 falsus
1573 3216 1663 3251 est:
1706 3227 1755 3254 ea
1795 3228 1888 3256 non

1001 3261 1130 3303 habet
1156 3266 1478 3311 redditurum,
1507 3265 1582 3307 sed
1608 3269 1887 3316 rediturum.

1003 3319 1102 3361 MS.
1142 3319 1249 3373 Agr.
1285 3323 1486 3362 reditum
1513 3336 1548 3361 a
1581 3318 1789 3377 crffiuho,
1840 3337 1891 3374 ex

1004 3375 1417 3432 interpretamento,
1882 3387 1886 3396 ⁴

1456 3477 1555 3520 MS.
1586 3478 1738 3526 Guels.
1778 3500 1888 3527 con·-

1060 3484 1371 3518 consenserat.

1002 3533 1166 3575 sensit.

1115 3591 1289 3651 Ccss
