2164 3990
1770 233 1824 314 2:
1845 234 2000 317 8:⁸32:

218 215 303 290 90
846 199 1406 295 *ANNALmM

213 362 278 418 in
305 362 559 419 eundem
584 382 762 440 quem
803 386 835 421 a
876 365 1090 422 liberto
1130 378 1428 441 acceperat
1460 368 1726 429 modum.
1807 366 2082 433 Adnota-

211 449 359 505 bant
402 449 579 523 periti
614 449 843 505 nullam
878 444 1124 506 antehac
1171 451 1553 527 adoptionem
1601 453 1759 510 inter
1802 458 2081 531 patricios

211 531 494 591 Claudios
534 535 782 611 reperiri
820 554 1034 610 eosque
1070 534 1146 591 ab
1185 533 1329 594 Atto
1355 534 1572 595 Clauso
1609 539 1926 598 continuos
1965 544 2080 602 du-

212 638 452 678 ravlsse.

381 701 606 763 XXVI.
670 701 946 760 Ceterum
994 715 1152 761 actae
1188 705 1448 782 principi
1492 720 1681 781 grates
1725 711 2078 787 quaesitiore
2128 703 2139 707 ”

211 790 280 846 in
318 788 654 848 Domitium
690 788 1060 859 adulatione,
1080 801 1429 868 „xogataque
1477 793 1599 863 leit,
1653 816 1768 872 qua
1804 787 1869 852 in
1902 797 2082 867 fami-7

208 875 355 932 liam
379 873 691 933 Claudiam
731 885 786 929 et
818 894 1040 930 nomen
1074 872 1330 933 Neronis
1363 878 1655 940 transiret.
1742 893 1988 955 augetur
2021 895 2078 942 et

181 955 543 1037 —Ag'rippina'
569 971 956 1032 cognomento
974 956 1293 1034 Augustae.
1373 959 1609 1033 Quibus
1629 967 1872 1038 patratis
1898 987 2073 1025 nemo

209 1048 356 1103 adeo
402 1063 606 1121 expers
647 1041 1086 1102 misericordiae
1138 1047 1281 1116 fuit,
1353 1067 1530 1122 quem
1574 1068 1700 1121 non
1740 1047 2074 1110 Britannici

206 1133 479 1189 fortunae
535 1149 769 1187 maeror
822 1130 1110 1190 adficeret.

1219 1131 1517 1189 desolatus
1567 1122 1855 1208 paulatim
1901 1137 2076 1194 etiam

210 1217 525 1275 servilibus
566 1214 912 1273 ministeriis
954 1237 1061 1294 per
1104 1216 1516 1292 intempestiva
1563 1238 1851 1277 novercae
1884 1221 2076 1278 officia

267 1449 316 1491 in
353 1449 569 1490 eundem.
655 1445 757 1491 MS.
801 1447 927 1492 Flor.
981 1449 1107 1502 (test.

211 1505 330 1551 Viet.
362 1513 404 1549 et
440 1507 531 1548 lae.
558 1503 788 1561 Gronov.)
829 1507 996 1550 omittit
1037 1508 1105 1551 in.

207 1563 302 1608 Sed
329 1564 389 1607 cf.
413 1565 450 1614 1,
470 1562 540 1606 44.
566 1563 633 1607 58.
660 1573 702 1607 et
723 1563 844 1607 alibi.

264 1636 482 1678 antehac.
562 1633 647 1676 Ed.
679 1634 798 1691 Spir.
827 1642 942 1677 ante
973 1636 1105 1677 hanc.

205 1693 298 1736 Pro
320 1691 524 1747 reperiri
548 1691 617 1735 ed.
643 1690 750 1734 Ald.
777 1693 850 1735 dat
872 1693 1041 1745 reperi.

262 1764 581 1817 adoptionem.
663 1762 764 1807 MS.
801 1760 956 1808 Guelf.
988 1779 1106 1807 ora-

205 1824 401 1865 tionem.

262 1894 381 1935 'Atto
406 1889 591 1933 Clauso.
650 1889 727 1934 Sic
760 1890 861 1934 MS.
897 1890 1021 1934 Flor.
1054 1893 1106 1946 (t.

204 1949 404 1994 chhena
436 1955 479 1990 et
500 1947 724 2000 victorio)
758 1956 800 1990 et
829 1947 929 1991 edd.
950 1947 1058 1991 inde
1081 1966 1105 1993 a

203 2007 254 2051 Li
290 2006 344 2050 sii
409 2005 536 2049 rima.
599 2005 658 2049 cf.
691 2013 787 2048 not.
826 2006 881 2048 ad
908 2004 949 2054 4,
975 2006 1017 2049 9.
1051 2030 1104 2040 -

204 2024 289 2109 Ed).
313 2022 432 2122 spir.
455 2063 603 2115 Appio
628 2062 838 2105 Claudio.
873 2086 931 2096 —
987 2063 1104 2109 Edd.

205 2123 310 2168 Put.
330 2123 397 2165 M.
424 2128 468 2163 et
487 2119 544 2162 V.
578 2120 682 2164 Ber.
716 2120 819 2165 Alc.
849 2120 951 2164 MS.
985 2121 1101 2164 Bud.

204 2181 342 2224 Actio
374 2179 561 2222 Clauso.
641 2177 743 2222 MS.
780 2177 930 2222 Guelf.
966 2180 1103 2221 Accio

205 2238 391 2283 Clauso.
425 2259 479 2270 --
538 2235 652 2279 Edd.
691 2235 835 2278 Rhen.
865 2235 969 2278 Ald.
997 2239 1101 2291 Ap-

198 2297 279 2353 pio
296 2290 487 2339 Clauso.
549 2293 650 2338 MS.
662 2292 808 2338 Vatic.
831 2294 949 2349 (test.
965 2293 1102 2352 Lips.)

201 2357 319 2400 Atto
345 2352 496 2413 Cluso,

259 2425 374 2470 CAP.
400 2423 472 2467 26.
537 2424 830 2478 quaesitiore.
890 2422 968 2466 Sic.
999 2421 1105 2468 edd.

200 2485 329 2529 Pich.
349 2498 448 2542 sqq.
470 2497 494 2524 e
517 2481 620 2525 cod.
635 2481 737 2525 MS.
752 2480 876 2525 Flor.
904 2480 981 2538 qui
1004 2487 1104 2525 test.

194 2543 349 2587 Rich.
378 2548 422 2584 et
449 2539 577 2583 vict.
629 2538 760 2582 habet
813 2539 1099 2594 quaestiore.

201 2600 286 2644 Ed.
319 2598 444 2656 Spir.
482 2605 525 2640 et
555 2596 656 2641 MS.
685 2595 838 2639 Guelf.
873 2605 1100 2652 questore.

202 2657 320 2702 Edd.
351 2657 453 2700 Put.
484 2654 553 2698 Μ.
588 2663 631 2698 et
663 2653 719 2698 V.
754 2653 968 2697 Beroald.
997 2653 1103 2698 Alc.

201 2715 347 2763 Rhen.
368 2729 464 2772 sqq.
490 2712 806 2768 exquisitiore.

194 2776 199 2781 ⁴
260 2776 346 2817 lex
372 2787 481 2830 qua.
554 2770 655 2812 MS.
677 2767 829 2812 Guelf.
858 2771 943 2811 lex
963 2783 1100 2826 quae.

259 2834 514 2884 Augustae.
603 2826 686 2870 Ed.
742 2827 859 2884 Spir.
908 2835 950 2870 et
1002 2824 1101 2870 MS.

204 2887 362 2937 Guelf.
390 2893 614 2939 augusta,
646 2884 765 2927 haud
789 2884 953 2942 inepte.

261 2959 456 2989 maeror
474 2945 713 3000 adficeret.
761 2941 991 2984 Ernestius
1012 2956 1100 2982 ma-

203 3005 346 3048 lebat:
376 3001 583 3060 fontana
620 3014 836 3042 moerore
868 2999 1101 3054 adficeret.

203 3059 511 3108 Sed’Tacitus
557 3057 759 3101 absolute
798 3056 929 3100 etiam
971 3055 1101 3114 ponit

204 3118 398 3165 verbum
432 3117 660 3173 adficere,
701 3130 795 3158 non
835 3113 989 3156 addito
1027 3113 1101 3155 ab·

205 3175 343 3222 lativo
371 3175 451 3218 rei.
510 3174 569 3219 ef.
595 3173 638 3226 4,
661 3172 733 3215 64.
770 3170 893 3226 ignis
920 3173 1098 3213 violen-

204 3234 274 3278 tia
296 3235 459 3276 urbem
482 3234 610 3274 ultra
629 3230 824 3273 solitum
846 3229 1029 3285 adfecit.

260 3304 350 3346 per
370 3290 711 3343 intempestiva.
772 3287 849 3331 Sic
873 3285 976 3329 libri
999 3291 1101 3329 vett.

239 3355 423 3392 uantum
451 3355 626 3388 constat
657 3360 814 3389 omnes
834 3353 1010 3403 praeter
1031 3340 1102 3387 ed.

203 3365 324 3466 gpir.
348 3418 459 3462 quae
483 3402 649 3445 omittit
667 3417 765 3458 per,
790 3403 927 3503 idque
950 3409 1103 3445 aucto·

205 3459 486 3509 re-Ernestio
514 3461 788 3503 recentiores
817 3477 840 3504 e
875 3459 918 3501 d.
947 3473 1104 3504 ornnes

207 3520 432 3565 delevere.
490 3515 755 3568 „Noverca,
785 3516 846 3562 ait
855 3515 1107 3567 Ernestius,

211 3578 392 3627 volebat
423 3572 628 3620 officiosa
662 3574 829 3629 videi-13
866 3574 944 3622 sed
973 3573 1020 3619 id
1045 3573 1107 3619 fa·

1180 1448 1325 1492 ciebat
1359 1447 1522 1506 inepte.
1549 1493 1551 1496 ,
1598 1447 1752 1508 ltaque
1785 1450 2075 1494 Britannicus

1178 1506 1429 1562 intelligens
1471 1505 1676 1548 fraudem
1714 1506 1889 1550 ridebat
1924 1503 2073 1564 inepta

1179 1562 1344 1605 officia.
1405 1561 1525 1605 Nihil
1549 1562 1713 1606 clarius
1744 1580 1838 1607 esse
1873 1572 2033 1622 potest.
2046 1564 2073 1581 ”

1178 1620 1267 1663 Sed
1282 1619 1389 1661 mihi
1410 1619 1518 1662 nihil
1538 1629 1604 1662 est
1623 1620 1915 1674 manifestius,
1937 1637 2074 1679 quam

1179 1677 1325 1719 virum
1349 1675 1458 1720 falsa
1475 1676 1689 1735 opinione
1708 1693 1801 1721 esse
1817 1678 2071 1735 deceptum.

1178 1733 1463 1778 Describitur
1508 1735 1668 1776 misera
1700 1734 1948 1779 Britannici
1981 1735 2073 1779 for·

1177 1801 1308 1843 tuna,
1383 1807 1463 1835 uae
1499 1807 1657 1849 omlnes
1690 1807 1893 1836 maerore
1913 1791 2074 1836 adfice-

1178 1858 1263 1893 ret.
1351 1807 1535 1906 Quippe
1593 1847 1820 1895 desolatus
1859 1850 2071 1909 paulatim

1176 1907 1310 1950 etiam
1342 1906 1576 1949 servilibus
1608 1907 1864 1950 ministeriis
1897 1923 1976 1965 per
2006 1907 2074 1951 in·

1176 1963 1441 2022 tempestiva
1477 1977 1704 2007 novercae
1738 1963 1889 2008 officia
1925 1963 1973 2007 in
2007 1967 2074 2008 lu·

1176 2021 1321 2064 dibria
1341 2021 1542 2063 vertebat
1564 2020 1624 2076 (h.
1641 2035 1681 2064 e.
1708 2035 1760 2063 er
1780 2025 1945 2064 warde
1961 2037 2072 2065 zum

1178 2079 1412 2132 Gespo'tt).
1474 2077 1536 2122 cf.
1574 2079 1615 2127 6,
1642 2078 1715 2120 46.
1747 2093 1807 2121 ne
1841 2082 2074 2123 memoria

1174 2135 1405 2188 Augusti,
1439 2150 1498 2178 ne
1521 2149 1700 2178 nomen
1718 2135 1979 2180 Caesarum
2013 2139 2072 2180 in

1174 2194 1449 2236 ludibria
1494 2201 1539 2234 et
1585 2195 1894 2236 contumelias
1935 2209 2070 2236 ver·-

1174 2258 1392 2294 terent.
1471 2250 1613 2294 Addit
1650 2251 1838 2294 Noster:
1889 2251 2071 2294 intelli-

1173 2307 1447 2364 gens-falsi,
1485 2323 1579 2350 non
1601 2316 1648 2351 ut
1669 2308 1891 2351 rationem
1914 2309 2072 2352 reddat

1173 2365 1564 2424 praecedentium,
1612 2365 1689 2408 sed
1721 2374 1770 2408 ut
1802 2374 1960 2424 augeat
1992 2366 2072 2409 mi·

1174 2422 1470 2467 serit-,ordiam
1507 2422 1805 2466 memorando
1842 2422 2070 2467 Britanni·

1175 2497 1279 2525 cum
1317 2496 1410 2522 non
1445 2489 1494 2522 ut
1530 2496 1722 2538 puerum
1755 2479 1879 2539 segni
1919 2479 2073 2526 indole

1175 2553 1334 2581 sensus
1378 2546 1603 2596 expertem
1649 2545 1692 2580 et
1737 2553 1842 2580 cum
1885 2546 1959 2580 tor
1992 2553 2071 2582 ore

1173 2595 1284 2638 haee
1306 2594 1531 2643 tolerasse,
1562 2595 1636 2637 sed
1662 2593 1924 2637 intellexisse
1952 2554 2071 2638 liau-

1174 2653 1305 2702 dem,
1367 2667 1446 2693 uae
1469 2651 1553 2695 sibi
1578 2651 1719 2696 fieret.
1781 2650 1888 2694 Meo
1914 2650 2071 2696 saltem

1174 2724 1307 2752 sensu
1331 2725 1353 2750 a
1409 2707 1497 2751 hoc
1520 2710 1622 2752 loco
1646 2708 1778 2766 plane
1802 2707 1972 2751 alienus
2005 2719 2071 2754 est

1172 2767 1288 2811 risus
1322 2764 1420 2816 ille,
1464 2782 1557 2824 quo
1592 2765 1878 2810 Britannicus
1913 2782 2071 2811 nover-

1174 2840 1253 2868 cae
1287 2821 1437 2867 osficia
1468 2823 1687 2883 excepisse
1709 2822 1916 2867 Ernestio
1952 2823 2070 2868 vide·

1174 2888 1265 2924 tur.
1340 2879 1437 2924 Nec.
1460 2879 1576 2932 Dio,
1610 2880 1687 2939 qui
1717 2880 1834 2925 hanc
1863 2896 1962 2924 rem
1988 2880 2070 2925 Ta·

1174 2938 1267 2982 cito
1299 2938 1480 2981 uberius
1507 2946 1692 2986 tractat,
1723 2938 1967 3006 quidquam
1995 2939 2072 2982 ha-

1175 2997 1248 3039 bet
1283 2995 1337 3038 de
1370 2995 1461 3038 risu
1495 2995 1765 3048 Britannici,
1820 2996 1880 3039 ita
1921 2996 2071 3054 potius

1173 3052 1284 3096 haec
1314 3061 1490 3101 narrat,
1523 3062 1574 3096 ut
1600 3053 1649 3095 in
1670 3061 1871 3096 nostram
1894 3063 2070 3098 senten-

1173 3111 1280 3153 tiam
1312 3111 1577 3154 consentiat.
1636 3109 1751 3154 Nam
1777 3110 1847 3162 60,
1872 3109 1943 3154 32.
1966 3112 2070 3168 legi-

1173 3183 1300 3210 mus:
1332 3169 1409 3210 καὶ
1432 3166 1566 3211 τὸνΒ
1597 3166 1836 3212 εττανικὸν
1855 3168 1937 3211 τὸν
1958 3172 2071 3212 παῖ-

1173 3226 1234 3269 δα
1257 3224 1400 3269 αὐτοῦ
1424 3225 1555 3281 (Clau
1591 3226 1639 3283 ii)
1667 3222 1729 3275 ὥς
1751 3226 1828 3268 καὶ
1861 3226 1957 3269 τῶν
1989 3242 2070 3270 w-

1165 3280 1357 3343 χόντων
1421 3282 1524 3327 τινὰ
1584 3284 1841 3342 τρέφεσθαι
1905 3283 2067 3329 ἐποίει.

1175 3341 1308 3385 Mox:
1359 3339 1695 3400 Βρετταννικὸς
1731 3341 1784 3385 δὲ
1823 3335 1926 3385 οὔτε
1968 3341 2071 3386 τινὰ

1175 3398 1314 3459 τιμὴν
1348 3395 1452 3443 οὔτε
1483 3400 1748 3460 ἐπιμέλειαν
1779 3394 1916 3455 εἶχεν.
1944 3431 1948 3435 -
1973 3398 2066 3443 ἀλλ’

1174 3454 1202 3511 ἡ
1230 3456 1514 3517 Ἀγριππίνα
1549 3453 1655 3506 τούς
1688 3470 1735 3501 τε
1772 3453 1938 3507 ἄλλους
1966 3456 2073 3509 τοὺς

1179 3517 1485 3572 neoc-dnonas
1505 3513 1651 3558 αὐτὸν
1675 3512 1780 3564 τοὺς
1799 3514 1890 3574 μὲν
1913 3517 2070 3573 &3¹ssoe-
2150 3520 2154 3568 g

1175 3575 1256 3630 -λε,
1310 3572 1417 3627 τοὺς
1462 3573 1515 3619 δὲ
1557 3574 1635 3618 καὶ
1675 3571 1930 3621 tentatum.
1995 3576 2075 3620 καὶ
2152 3604 2154 3610 ,
