2164 3990
1788 231 1838 266 A.
1860 231 1908 268 U.
1926 233 2009 268 810.

1788 275 1837 310 A.
1860 275 1908 310 C.
1942 277 1998 310 ,66

243 184 403 284 398*
923 189 1458 305 ANNALIUM

229 377 272 411 a
309 356 525 412 femina
576 368 1019 431 spernerentur,
1070 358 1400 431 pervicere,
1454 363 1600 438 quin
1646 365 1871 423 obiecta
1920 371 2100 433 dene-

240 452 419 514 garet.
487 440 834 515 Sic-primus
862 442 1222 516 quaestionis
1250 445 1373 500 dies
1396 459 1780 523 contemptus.
1847 465 2099 528 postero,

241 546 373 582 cum
400 528 494 603 ¹ad
534 527 767 582 eosdem
804 526 1091 582 cruciatus
1126 524 1522 588 retraheretur
1557 536 1875 607 gestamine
1923 540 2097 595 sellae

239 610 413 688 (nam
474 610 774 667 dissolutis
829 611 1108 666 membris
1161 613 1428 670 insistere
1478 619 1832 700 nequibat),
1897 618 2094 680 vinclo

238 697 477 764 fasciae,
522 715 696 770 quam
737 695 962 768 pectori
999 697 1354 766 detraxerat,
1400 700 1462 754 in
1500 705 1746 761 modum
1787 707 1980 783 laquei
2023 711 2097 766 ad

238 802 439 838 arcum
467 781 641 836 sellae
675 780 939 836 restricto
982 781 1199 838 indidit
1237 782 1521 840 cervicem
1559 799 1616 844 et
1647 793 1911 866 corporis
1946 814 2095 868 pon-

232 870 374 922 dere
424 865 666 921 connisa
710 876 947 921 tenuem
999 866 1116 921 iam
1164 868 1437 942 spiritum
1488 876 1813 946 expressit,-
1851 879 2097 934 ctariore

239 951 498 1025 exemplo
538 949 815 1006 libertina
855 951 1068 1006 mulier
1105 951 1168 1007 in
1206 964 1368 1010 tanta
1394 958 1734 1015 necessitate
1767 961 1993 1019 alienos
2026 984 2093 1019 ac

235 1056 417 1112 prope
461 1035 692 1108 ignotos
729 1038 1122 1110 protegendO,
1166 1059 1302 1094 cum
1337 1038 1580 1113 ingenui
1614 1054 1671 1100 et
1709 1045 1900 1103 viriet
1926 1049 2093 1124 equi-

239 1135 320 1177 tes
349 1118 637 1190 [Romani
704 1132 1118 1198 senatoresque
1173 1122 1379 1180 intacti
1433 1129 1742 1186 tormentis
1796 1131 2092 1188 carissima

234 1212 477 1263 suorum
515 1205 763 1282 quisque
794 1206 1109 1280 pignorum
1135 1210 1476 1282 proderent.
1565 1234 1689 1269 non
1723 1215 1879 1270 enim
1913 1216 2090 1274 omit—

232 1293 434 1347 tebant
457 1289 733 1347 Lucanus
769 1312 1003 1367 quoque
1031 1302 1086 1347 et
1110 1292 1353 1350 Senecio
1398 1307 1453 1352 et
1482 1294 1843 1368 Quintianus
1877 1302 2091 1377 passim

231 1376 495 1432 conscios
539 1377 709 1431 edere
757 1377 941 1448 magis
978 1377 1278 1454 magisque
1315 1380 1531 1454 pavido
1570 1381 1837 1455 Nerone,
1902 1407 2092 1463 quan-

231 1482 407 1539 quam
433 1461 838 1536 multiplicatis
867 1463 1123 1518 excubiis
1148 1476 1328 1520 semet
1353 1467 1639 1540 sepsisset.

402 1559 622 1623 LVIII.
693 1559 855 1633 Quin
911 1573 964 1617 et
1008 1563 1222 1619 urbem
1266 1583 1371 1637 per
1414 1567 1750 1667 manipulos
1790 1570 2090 1644 occupatis

228 1648 571 1716 moenibuS,
626 1647 846 1702 insesso
889 1647 1064 1703 etiam
1102 1648 1252 1704 mari
1295 1660 1350 1704 et
1389 1670 1559 1706 amne
1600 1651 1760 1709 velut
1794 1652 1859 1707 in
1896 1665 2091 1711 custo-

228 1736 390 1790 diam
430 1733 607 1791 dedit.
707 1732 1152 1808 volitabantque
1185 1754 1289 1809 per
1323 1735 1480 1805 fora,
1526 1756 1633 1811 per
1671 1738 1909 1807 domOS,
1932 1759 2089 1798 ,rura

229 1839 466 1896 quoque
519 1829 576 1875 et
629 1818 897 1892 proxima
957 1819 1423 1893 municipiorum
1475 1821 1698 1895 pedites
1752 1822 2090 1901 equitesque

230 1903 504 1980 permixti
535 1899 883 1972 GermaniS‚
928 1904 1144 1978 quibus
1177 1905 1393 1962 fidebat
1414 1907 1686 1981 princeps
1711 1907 1879 1984 quasi
1903 1920 2093 1966 exter-

227 1991 340 2050 nis,
436 1986 735 2045 Continua
783 1985 923 2044 hinc
962 2000 1018 2045 et
1059 1989 1255 2046 iuncta
1293 1991 1525 2063 agmina
1567 1987 1723 2048 trahi
1759 2012 1824 2050 ac
1863 1995 2093 2051 foribus

271 2234 484 2291 fasciae,
513 2248 657 2289 quam
682 2235 870 2288 pectori
888 2236 1122 2275 detraxe·
1224 2249 1375 2289 unque
1435 2249 1629 2277 suorum
1681 2239 1908 2292 pagnora,
1966 2240 2085 2283 unde

226 2299 320 2334 rat.
393 2289 450 2334 cf.
473 2291 700 2346 Bottiger.
737 2288 902 2333 Sabina
940 2290 980 2342 Ι,
1025 2291 1121 2335 184.
1193 2249 1433 2334 {numanus
1496 2291 1730 2336 ediderat:
1801 2295 2085 2340 charissima

227 2347 326 2393 197.
383 2346 449 2399 11,
491 2348 591 2391 114.
681 2347 781 2390 MS.
828 2346 982 2391 Guelf.
1036 2364 1121 2407 pro
1224 2361 1375 2404 unque
1402 2359 1600 2391 suorum
1630 2349 1899 2404 pignorum.
1969 2353 2083 2397 Edd.

221 2405 405 2462 peccori
426 2405 511 2449 sert
529 2407 758 2461 praetori.
1191 2364 1307 2463 Kips.
1337 2406 1459 2449 1574.
1483 2419 1583 2466 sqq.
1624 2405 1806 2452 Gruter.
1839 2411 2085 2455 carissima

1191 2477 1403 2520 quaeque
1431 2476 1624 2506 suorum
1647 2465 1918 2520 pignorum.
1999 2467 2084 2513 Ve-

1191 2529 1331 2564 terem
1363 2521 1450 2563 scri
1486 2530 1634 2564 turam
1668 2538 1691 2564 e
1725 2522 1827 2571 MS.
1860 2523 1982 2569 Flor.
2017 2541 2085 2570 re·

1191 2577 1335 2645 stituit
1369 2537 1590 2627 Pieiiena.
1637 2593 1770 2638 quem
1806 2583 1945 2626 secuti
1980 2593 2083 2627 sunt

1190 2635 1310 2693 Lips.
1340 2635 1466 2678 1607.
1495 2651 1593 2694 sqq.

1253 2692 1544 2749 Quintianus.
1593 2692 1708 2737 Vett.
1727 2693 1845 2746 libri,
1866 2704 1915 2739 ut
1933 2712 2082 2755 supra.

280 2463 490 2506 connisa.
552 2462 628 2506 Sic
647 2462 748 2506 MS.
765 2460 889 2505 Flor.
919 2463 966 2518 (t.
979 2461 1120 2519 Vict.)

224 2521 327 2564 edd.
361 2519 480 2578 Lips.
506 2519 692 2563 Gruter.
721 2518 908 2562 Pichen.
934 2535 1031 2578 sqq.
1061 2548 1121 2556 —

223 2578 444 2621 connissa
470 2578 570 2621 edd.
594 2577 696 2620 Put.
720 2577 822 2629 Ber.
850 2577 946 2620 Alc.
978 2577 1119 2621 Rhen.

224 2637 326 2679 ΑΜ.
364 2658 418 2668 -·
494 2637 699 2677 connixa
742 2634 842 2677 MS.
885 2633 1003 2677 Bud.
1047 2635 1117 2678 ed.

223 2694 342 2752 Spir..
382 2717 438 2725 -
517 2693 771 2735 commzssa
812 2691 915 2734 MS.
961 2690 1117 2738 Guelf.

222 2751 390 2794 Eadem
413 2750 662 2808 scripturae
681 2748 867 2792 varietas
893 2749 986 2792 fere
1006 2766 1118 2792 sem·

224 2825 304 2866 per
327 2808 372 2851 in
398 2824 450 2851 eo
469 2807 687 2851 vocabulo
712 2806 829 2864 apud
853 2816 954 2850 vett.
975 2806 1116 2850 libros

223 2866 472 2910 invenitur.

282 2925 449 2966 intacti
488 2922 759 2964 tormentis..
855 2921 934 2964 Sic
980 2920 1115 2966 MSS.

224 2983 410 3025 Fames.
438 2979 576 3023 corb.
603 2978 714 3037 Agr.
738 2977 863 3020 Harl.
898 2979 961 3033 (in
992 2995 1114 3021 mar-

224 3039 369 3096 gine),
400 3038 503 3080 edd.
528 3036 646 3094 Lips.
679 3051 780 3093 sqq.
805 3061 860 3070 -
926 3037 1115 3079 intactis

225 3097 479 3139 tormentis
519 3093 654 3141 MSS.
687 3092 809 3136 Flor.
845 3095 959 3149 (test.
994 3093 1115 3137 Vict.

227 3170 264 3196 c.
293 3153 404 3204 aliis)
431 3150 573 3195 Vatic.
599 3152 715 3206 (test.
746 3150 881 3209 Lips.)
905 3152 975 3195 ed.
1000 3150 1118 3209 Spir.

226 3211 336 3253 inde
376 3219 473 3252 orta
515 3217 578 3251 est
619 3207 842 3265 scriptura
886 3209 934 3249 in
973 3210 1121 3251 tontis

229 3267 503 3317 tormentis,
536 3281 669 3322 quam
695 3266 956 3323 praeferunt
981 3264 1118 3309 MSS.

228 3324 344 3367 Bud.
379 3323 533 3367 Guelf.
570 3322 691 3365 Harl.
724 3322 855 3367 Bodl.
892 3322 973 3366 les.
1013 3323 1116 3366 edd.

228 3379 331 3423 Put.
355 3396 451 3438 sqq.
474 3380 526 3423 ad
551 3378 769 3436 Lipsium.

283 3439 528 3480 carissima
541 3451 735 3480 suorum
755 3438 943 3492 quisque
956 3437 1117 3491 pigno-

222 3509 348 3536 rum.
409 3495 485 3536 Sic
502 3494 636 3537 MSS.
663 3503 704 3537 et
728 3503 835 3537 vett.
863 3494 964 3537 edd.
995 3510 1121 3551 prae·

225 3560 291 3595 ter
312 3551 410 3594 cod.
436 3550 577 3602 Bud„
614 3550 690 3609 qui
721 3550 832 3594 sert:
865 3553 1118 3595 carissima

1190 2749 1284 2792 Pro
1309 2751 1588 2792 omittebant
1615 2751 1715 2795 edd.
1741 2750 1845 2796 Put.
1869 2753 1936 2798 M.
1961 2762 2003 2798 et
2027 2757 2081 2798 V.

1189 2807 1452 2874 mittebant.
1507 2806 1624 2874 MS.
1653 2806 1794 2853 corb.
1827 2811 2081 2868 magisque,

1189 2879 1358 2907 omisso
1380 2878 1551 2918 mogzs.

1245 2920 1357 2963 CAP.
1391 2921 1461 2964 58.
1526 2924 1760 2975 proxima
1802 2926 2077 2980 municipio-

1187 2993 1316 3046 rum.
1374 2976 1459 3021 Ed.
1483 2978 1602 3037 Spir.
1630 2982 1849 3035 proximi
1879 2986 2076 3028 munici-

1189 3049 1389 3090 ptorurn.

1251 3092 1518 3137 Germanis.
1588 3094 1689 3139 MS.
1724 3093 1881 3141 Guelf.
1915 3112 2081 3141 roma-

1190 3164 1279 3193 ms.

1247 3209 1472 3250 continua
1495 3208 1599 3252 hinc
1624 3217 1670 3251 et
1692 3210 1852 3254 iuncta
1871 3216 2079 3267 agmina.

1189 3263 1403 3309 Ricklefs.
1447 3266 1751 3324 suspicionem
1803 3266 2081 3326 glossematis

1189 3322 1334 3367 movit
1353 3323 1407 3366 de
1432 3324 1578 3367 verbis
1601 3331 1646 3366 et
1668 3325 1848 3374 iuncta,
1911 3343 1991 3370 uae
2013 3329 2079 3372 nil

1191 3379 1367 3423 differre
1403 3381 1511 3424 dicit
1543 3397 1565 3423 a
1598 3383 1831 3426 continua.
1948 3392 1964 3427 t
1990 3401 2078 3430 ser·

1191 3445 1321 3481 vetur
1347 3437 1621 3482 vocabulum
1646 3441 1814 3487 iuncta,
1840 3439 2077 3499 legendum

1190 3510 1309 3537 esse:
1340 3496 1559 3537 continuo
1585 3496 1688 3537 hinc
1709 3499 1864 3539 iuncta
1882 3501 2081 3552 agmina

1191 3553 1329 3595 trahi.
1390 3552 1477 3594 Sed
1502 3552 1620 3595 idem
1646 3561 1757 3602 tum,
1791 3553 1825 3596 si
1851 3563 1929 3606 est,
1960 3558 2080 3614 plen·
