2164 3990
161 256 274 296 ΑᾹῚ.
292 259 375 292 819.
411 263 416 266 ·

160 302 271 338 ΑΗΕ.
314 303 377 335 tio.

589 259 757 320 LlB.
794 256 960 319 XVI.
1027 254 1311 320 CAP.‘8.
1352 258 1409 318 9.
1798 261 1919 318 431

245 389 410 450 VIII.
457 389 657 464 Ipsum
687 383 902 444 dehinc
928 387 1200 445 Silanum
1227 388 1517 463 increpuit
1546 389 1753 445 iisdem
1790 390 1927 466 qui-

76 483 187 537 bus
219 489 499 553 patruum
532 474 656 529 eius
685 472 1086 550 Torquatum,
1138 486 1416 550 tanquam
1443 474 1782 549 disponeret
1806 476 1926 532 iam

77 563 310 640 imperii
344 579 539 617 curas
593 559 1042 634 praeficeretque
1098 559 1432 615 rationibus
1487 570 1545 616 et
1597 559 1814 615 libellis
1869 571 1926 619 et

76 647 337 725 epistolis
381 647 652 702 libertos:
714 644 915 699 inania
954 644 1129 699 simul
1172 655 1226 699 et
1265 644 1427 703 falsa.
1514 663 1653 699 nam
1689 643 1928 701 Silanus

75 734 363 792 intentior
382 741 544 785 metu
570 740 624 784 et
652 728 824 783 exitio
853 729 1048 803 patrui
1075 730 1147 783 ad
1176 729 1644 803 praecavendum
1678 730 1927 785 exter-ri·-⁸

74 832 168 877 tus
192 829 332 875 erat.
419 813 657 870 Inducit
682 809 923 887 posthac
952 814 1240 869 vocabulo
1280 814 1547 891 indicum
1581 806 1685 890 qui
1722 813 1788 869 in·
1809 813 1928 870 Le-

73 899 474 980 pidamCassii
497 890 739 955 uxorem
757 945 771 966 ‚
814 892 1008 954 Silani
1029 899 1266 959 amitam
1281 945 1296 968 ‚
1339 899 1628 957 incestum
1649 911 1783 956 cum
1805 900 1926 955 fra-

73 990 179 1047 tris
220 980 343 1043 filio
380 996 436 1041 et
469 984 630 1040 diros
663 976 964 1039 sacrorum
1005 984 1153 1039 ritus
1191 984 1607 1057 confingerent.
1696 979 1928 1043 Trahe-

72 1076 291 1130 bantur
329 1082 397 1128 ut
429 1069 649 1126 conscii
679 1066 986 1124 Vulcatius
1015 1066 1298 1124 Tullinus
1331 1089 1396 1124 ac
1428 1062 1927 1126 Marcellus'Cor-

72 1159 265 1215 nelius
297 1148 592 1213 senatores
626 1166 680 1210 et
706 1151 1064 1227 Calpurnius
1093 1152 1350 1208 Fabatus
1386 1173 1562 1229 eques
1585 1152 1925 1212 Romanus:

73 1244 176 1321 qui
203 1242 492 1317 appellato
531 1239 797 1314 principe
836 1238 1153 1294 instantem
1190 1239 1629 1294 damnationem
1663 1241 1931 1317 frustrati

72 1318 208 1386 mox
234 1327 530 1389 Neronem
572 1324 722 1379 circa
756 1341 982 1379 summa
1016 1324 1231 1379 scelera
1269 1323 1590 1381 distentum
1612 1326 1784 1401 quasi
1812 1326 1929 1381 mi-

73 1424 248 1469 nores
283 1404 533 1467 evasere.
1899 1405 1902 1413 .‚

241 1494 347 1555 IX.
392 1492 555 1551 Tum
588 1504 824 1548 senatus
861 1493 1130 1550 consulto
1161 1491 1362 1550 Ca'ssio
1388 1504 1455 1550 —et
1483 1494 1688 1551 Silano
1727 1495 1932 1552 exsilia·

74 1572 497 1639 decernuntur:
545 1580 617 1634 de
652 1576 876 1652 Lepida
909 1576 1124 1635 Caesar
1161 1590 1456 1638 statueret.
1540 1574 1930 1655 Deportatus-

74 1687 187 1744 que
225 1666 291 1721 in
328 1664 583 1720 insulam
619 1662 958 1719 Sardiniam
994 1661 1229 1720 Cassius
1267 1675 1322 1720 et
1360 1675 1626 1720 senectus
1663 1665 1801 1723 eius·
1828 1674 1930 1725 ex'-'

72 1751 459 1827 spectabatur.
568 1747 809 1805 Silanus
882 1760 1162 1824 tanquam
1229 1747 1461 1805 Naxum
1525 1746 1929 1821 deveheretur,

70 1935 170 1978 sqq.
201 1944 260 1954 --
319 1914 370 1958 ln
398 1914 498 1956 MS.
520 1912 645 1956 Flor.
669 1915 790 1967 (test.
817 1912 960 1966 Viet.)

71 1978 376 2034 scriptumest
393 1973 635 2029 bruptum,
666 1971 786 2013 unde
808 1971 876 2013 alii
903 1971 962 2019 fe÷

71 2050 172 2077 cere
212 2031 513 2086 promptum,

70 2090 206 2134 MSS.
235 2089 343 2153 Reg.
369 2085 520 2130 Guelf.
552 2088 591 2139 (a
613 2101 701 2126 sec.
729 2087 810 2140 m.)
836 2084 959 2127 Harl.

71 2150 134 2203 (in
170 2147 392 2202 margine)
432 2143 531 2184 cdd.
568 2142 687 2199 Spir.
725 2141 827 2184 Put.
858 2142 960 2184 Ber.

72 2205 177 2249 Ate.
202 2203 344 2246 Rhen.
369 2200 473 2244 Ald.
514 2199 570 2242 cf.
596 2207 688 2241 not.
714 2200 765 2241 ad
794 2202 832 2249 5,
853 2199 894 2242 3.

126 2260 239 2303 CAP.
285 2260 326 2302 8.
390 2266 631 2310 patruum.
720 2255 803 2299 Ed.
845 2257 963 2312 Spir.

65 2326 343 2374 patratum„
387 2315 555 2358 Eadem
590 2330 692 2355 mox
723 2329 827 2355 eum
858 2313 961 2356 MS.

70 2378 180 2432 Agr.
211 2383 341 2418 metu
370 2373 590 2416 intentior
622 2387 703 2426 pro
737 2370 962 2412 intentior

70 2440 209 2476 metu.
676 2440 681 2446 '

128 2489 344 2543 epistolis..
385 2486 506 2538 xBIS.
531 2484 654 2528 Flor.
682 2486 799 2538 (test.
823 2480 960 2540 vict.)

71 2549 289 2602 epistult'S.
344 2543 402 2587 cs.
428 2552 523 2586 not.
553 2544 605 2584 ad
638 2546 675 2591 1,
703 2541 772 2584 30.

128 2603 462 2656 inam‘ajsisuul
480 2602 682 2656 etfalsa.
731 2599 830 2644 MS.
845 2601 957 2643 Bud.

71 2673 113 2707 et
138 2662 241 2706 inde
265 2659 363 2703 edd.
391 2650 532 2700 Rhen.
555 2658 659 2700 Ald.
684 2656 804 2716 Lips.
828 2659 962 2700 Grut.

70 2729 116 2764 et
140 2718 303 2762 inania
323 2719 464 2759 simul
487 2716 692 2769 eet-salsa.
753 2715 960 2758 Priorem

72 2771 511 2833 copulamssesxpunxit
536 2771 728 2816 Pichena
747 2808 758 2824 ,
802 2773 874 2830 qui
908 2775 962 2815 ad

70 2835 113 2877 h.
134 2834 287 2875 *locum
306 2830 491 2872 scribit:
518 2828 694 2886 „vulgo
720 2839 762 2873 et
784 2831 960 2872 inania.

71 2890 161 2933 Sed'
197 2887 457 2931 abstulimus
482 2887 851 2936 vredundantem,
902 2895 960 2935 et,

73 2945 348 2993 Florentini,
410 2959 462 2985 ac
507 2943 722 2987 Veneti.”
807 2943 962 2987 Voluit

71 3004 184 3048 haud
220 3002 350 3044 dubie
381 3001 600 3043 scribere:
650 3002 774 3052 „fide
805 3003 872 3045 Ft.
910 3018 960 3045 ac

72 3063 166 3106 V.’‘
238 3059 364 3101 Nam>
401 3057 509 3100 illud
561 3065 605 3100 et
636 3059 762 3102 abest
797 3077 821 3102 a
859 3058 959 3102 MS.

72 3117 224 3163 Guelf.
253 3116 352 3158 edd.
368 3115 484 3173 Spir.
501 3115 602 3157 Put.
624 3115 693 3159 M.
721 3126 762 3158 et
778 3117 833 3159 V.
855 3118 958 3159 Ber.

71 3181 193 3231 (cum
219 3174 285 3217 sil.
301 3173 436 3227 Vict.)
461 3172 561 3216 Alc.
594 3200 652 3208 -
712 3173 961 3217 Oberlinus

70 3234 293 3276 Pichenae
322 3238 475 3272 notam
511 3228 569 3271 ita
603 3231 795 3285 accepit,
835 3231 961 3290 quasi

71 3293 116 3333 in
139 3290 262 3334 Flor.
288 3298 329 3330 et
358 3288 470 3330 Veu.
499 3294 608 3329 esset
638 3297 682 3328 et
707 3289 883 3332 inania.

129 3347 380 3389 atterritus
414 3353 531 3386 erat.
601 3343 671 3385 De
705 3344 794 3386 hoc
820 3347 960 3388 verbo

73 3407 131 3447 cf.
160 3408 195 3454 1,
219 3404 287 3446 38.
312 3404 380 3444 45².
403 3401 472 3444 45.
501 3401 567 3443 56.
610 3401 651 3451 2,
687 3403 754 3444 55.
788 3411 829 3445 et
860 3412 955 3445 not.

72 3464 125 3504 ad
149 3462 189 3512 Ξ,
211 3461 282 3502 62.
345 3462 382 3500 Α
407 3458 507 3500 MS.
537 3458 640 3513 Reg.
668 3460 787 3502 abest
813 3467 932 3502 erat.

128 3534 208 3560 con
229 3525 456 3569 tugerent.
525 3515 622 3558 MS.
657 3515 811 3558 Guets.
844 3531 955 3558 con-

58 3577 275 3630 fingeret.

573 2023 692 2085 quod
739 2035 873 2070 exstat.
914 2028 961 2070 in
998 2043 1000 2045 ·

1093 1915 1142 1955 V
1137 1916 1349 1957 ursatius.
1408 1914 1509 1959 MS.
1522 1913 1645 1959 Flor.
1658 1914 1929 1971 Εῑε51(.ὮἰὀίᾸ)

1035 1972 1296 2015 Volcacius.
1356 1972 1455 2016 MS.
1478 1971 1629 2016 Guelf.
1660 1973 1931 2027 Volocatius,

1034 2028 1098 2083 (in
1125 2045 1264 2085 marg.
1282 2029 1333 2071 V
1327 2031 1545 2085 ulcatius)
1567 2037 1609 2072 et
1624 2027 1932 2089 Rulzhusss‘ro‘

1037 2086 1268 2129 Tullinus.

1094 2143 1394 2193 Calpurnius,
1451 2142 1528 2186 Sic
1558 2143 1657 2187 edd.
1683 2145 1799 2202 Lips.
1826 2162 1926 2204 sqq.

1039 2199 1352 2254 Colphurnius
1375 2200 1478 2243 MS.
1506 2200 1658 2243 Guelf.
1684 2203 1783 2244 edd.
1805 2207 1928 2250 vest..

1035 2257 1109 2299 hic
1130 2274 1234 2300 cum
1258 2257 1329 2301 sila
1347 2257 1450 2300 Viet
1530 2258 1639 2300 Mox
1653 2259 1756 2302 MS.
1773 2259 1928 2304 Guelf.

1035 2316 1409 2372 dornirgotianem
1440 2331 1523 2372 pro
1554 2319 1928 2362 damnationem.

1043 2395 1050 2399 ·
1091 2370 1210 2414 CM»)
1231 2371 1313 2414 9.»st
1336 2372 1453 2413 Tum
1480 2381 1672 2415 senatus
1698 2378 1928 2419 consulto.

1034 2429 1237 2471 Restituo
1273 2436 1372 2470 tum
1408 2445 1456 2471 ex
1487 2430 1559 2472 ed.
1590 2429 1708 2487 Spir.
1739 2466 1742 2468 .
1777 2430 1927 2489 Vulgo

1035 2495 1158 2528 tunc.
1220 2486 1395 2528 Deinde
1415 2495 1608 2529 senatus
1631 2491 1844 2530 consulto
1859 2500 1931 2534 ‘est

1035 2543 1081 2585 in
1115 2543 1215 2586 edd.
1241 2542 1356 2590 Ber.
1385 2544 1653 2588 Alc.·Rhen.
1678 2544 1796 2602 Lips.
1818 2554 1927 2605 ‚sqq-

1036 2617 1176 2658 usque
1201 2601 1252 2643 ad
1278 2600 1528 2658 Ryc'kium,
1569 2602 1641 2644 cui
1668 2604 1828 2649 melius
1846 2605 1938 2648 iti-⁴

1035 2674 1133 2700 sum
1170 2662 1385 2700 consulto,
1404 2668 1623 2710 senatus,
1666 2659 1730 2702 uti
1761 2660 1928 2719 legitur

1034 2715 1079 2756 in
1110 2715 1210 2760 edd.
1235 2715 1352 2772 Spir.
1375 2715 1475 2758 Put.
1502 2716 1572 2759 Μ.
1593 2725 1635 2759 et
1660 2715 1714 2759 V.
1771 2718 1928 2762 Sicsset

1032 2772 1207 2815 Ernest.
1250 2774 1370 2815 Brot.
1407 2789 1506 2831 sqq.
1567 2773 1654 2817 Sed
1691 2773 1750 2818 cf.
1781 2776 1822 2826 6,
1857 2777 1927 2821 15.

1034 2838 1078 2871 et
1104 2830 1170 2872 17.
1200 2830 1242 2878 3,
1268 2831 1336 2873 51.
1369 2830 1435 2882 14,
1457 2832 1527 2875 64.
1586 2830 1697 2875 Ilist.
1710 2835 1751 2882 9..
1767 2835 1808 2876 5.
1867 2837 1927 2878 At

1033 2887 1134 2930 MS.
1159 2888 1280 2931 Flor.
1316 2897 1413 2931 test.
1451 2887 1593 2947 Ryek.
1626 2899 1669 2931 et
1698 2890 1782 2934 lac.
1811 2890 1927 2936 Gro-

1033 2945 1172 2990 novio
1206 2944 1338 2987 habet
1373 2954 1471 2987 tum
1503 2949 1706 2989 consultu
1739 2958 1932 2992 senatu:

1031 3002 1179 3043 Immo
1223 3011 1408 3044 testatur
1451 3002 1676 3046 Victorius
1723 3004 1789 3048 ibi
1831 3021 1933 3052 esse.

1033 3059 1084 3102 S.
1109 3060 1157 3101 C.
1177 3093 1186 3108 .
1225 3059 1288 3101 uti
1313 3060 1452 3102 codex
1472 3059 1549 3102 ille
1575 3060 1688 3104 solet
1712 3063 1937 3109 scribere.-

1032 3116 1180 3159 Exstat
1214 3125 1365 3159 tamen
1398 3121 1603 3160 consulto
1642 3129 1840 3163 senatus
1877 3120 1933 3164 i'u

1031 3174 1168 3216 MSS.
1192 3174 1303 3230 Agr.
1330 3171 1480 3217 Guelf.
1513 3184 1555 3218 et
1585 3175 1771 3219 fortasse
1801 3176 1926 3228 aliis;

1031 3229 1133 3272 MS.
1162 3231 1273 3274 llud.
1303 3232 1388 3274 sert
1413 3236 1622 3274 consulto
1641 3242 1806 3277 senatu
1827 3243 1925 3279 test.

1030 3287 1174 3330 Rhen.
1208 3297 1249 3329 et
1274 3286 1510 3331 Oberlino.
1569 3289 1798 3335 Bekkerus
1828 3292 1925 3336 edi-

1033 3345 1096 3386 dit
1118 3348 1322 3387 consulto
1345 3341 1526 3388 se‘natu.
1587 3346 1688 3390 Non
1712 3349 1923 3395 adversa-'

1033 3402 1147 3450 bor,
1177 3402 1213 3443 si
1238 3403 1295 3445 ita
1322 3410 1385 3443 est
1413 3402 1456 3444 in
1486 3403 1586 3448 MS.
1613 3404 1737 3448 Flor.

1051 3497 1053 3500 .
1089 3467 1134 3500 et
1163 3466 1372 3501 senectus
1403 3462 1513 3503 eius.
1593 3461 1670 3505 Sic
1704 3463 1802 3506 edd.
1836 3463 1922 3506 Er·

1032 3524 1142 3558 nest.
1179 3515 1302 3558 Brot.
1334 3532 1432 3574 sqq.
1472 3534 1494 3560 e
1529 3518 1783 3563 felicissima
1819 3538 1925 3564 con·

1031 3574 1196 3615 iectura
1213 3573 1439 3618 Francisci
1457 3575 1659 3620 Medicis.
1686 3606 1742 3612 -
1787 3579 1922 3622 MSS.
