2164 3990
202 248 430 331 2235*ss
550 247 747 334 ΜΒ.
770 245 906 308 xn.
969 246 1166 309 CAP.
1203 245 1497 309 65—67.
1838 251 1955 310 141

117 383 277 442 Haec
314 393 488 458 atque
525 379 665 436 talia
692 376 966 434 dictitans
991 377 1263 453 amplecti
1283 376 1723 449 Britannicum,
1775 382 1961 439 robur

118 468 319 526 aetatis
356 485 534 542 quam
562 462 978 543 maturrimum
1001 463 1258 537 precari,
1308 465 1486 520 modo
1513 465 1586 520 ad
1615 465 1756 521 deos
1778 468 1958 523 modo

117 555 193 610 ad
228 554 423 627 ipsum
462 549 702 607 tendere
736 567 976 616 manUS‚
1031 548 1410 618 adolesceret,
1461 549 1644 624 patris
1687 551 1959 607 inimicos

116 638 460 713 depelleret,
497 633 702 690 matris
728 632 902 689 etiam
926 631 1323 689 interfectores
1352 634 1747 695 ulcisceretur.

282 733 500 794 LXVI.
543 731 616 790 In
646 743 808 790 tanta
839 732 995 788 mole
1020 753 1293 789 curarum
1321 730 1603 790 Claudius
1624 735 1963 791 valetudine

119 824 360 879 adversa
385 819 702 893 corripitur
724 817 1173 893 refovendisque
1195 818 1422 874 viribus
1445 818 1695 874 mollitie
1719 820 1869 875 coeli
1903 831 1959 877 et

119 906 458 964 salubritate
495 924 779 980 aquarum
813 901 1150 959 Sinuessam
1182 903 1389 976 pergit.
1410 943 1414 950 η-
1473 914 1599 960 tum
1629 900 1960 980 Agrippina

119 992 349 1049 sceleris
374 990 517 1046 olim
543 1000 693 1045 certa
725 999 781 1044 et
806 988 1034 1043 oblatae
1071 987 1392 1042 occasionis
1424 1008 1672 1063 propera
1704 1009 1812 1045 nec
1845 990 1961 1045 mi-

117 1078 441 1134 nistrorum
467 1093 638 1147 egens
661 1074 732 1129 de
759 1092 966 1146 genere
991 1071 1205 1128 veneni
1228 1073 1608 1144 consultavit,
1649 1093 1724 1130 ne
1746 1070 1962 1150 repen-

119 1163 246 1220 tino
273 1173 329 1218 et
358 1158 666 1235 praecipiti
700 1158 926 1213 facinus
959 1156 1331 1230 proderetur:
1376 1158 1424 1212 si
1460 1158 1685 1215 lentum
1719 1169 1775 1216 et
1809 1152 1964 1216 tabi-

121 1250 265 1303 dum
300 1244 631 1317 delegisset,
684 1262 758 1297 ne
790 1242 1060 1308 admotus
1098 1242 1384 1315 supremis
1415 1240 1698 1301 Claudius
1733 1255 1789 1300 et
1820 1245 1960 1301 d'olo

121 1331 419 1388 inteUecto
466 1328 541 1384 ad
579 1346 839 1384 amorem
878 1325 985 1380 filii
1020 1325 1257 1385 rediret.
1337 1328 1690 1404 exquisitum
1737 1329 1965 1406 aliquid

118 1416 412 1489 placebat,
473 1413 634 1489 quod
678 1412 941 1468 turbaret
981 1422 1239 1467 mentem
1279 1422 1336 1467 et
1382 1425 1633 1470 mortem
1681 1413 1964 1475 differret.

18 1546 29 1567 ,
56 1549 62 1559 .
121 1500 416 1574 Deligitur
440 1498 646 1554 artifex
672 1497 878 1553 talium
901 1496 1188 1552 vocabulo
1210 1494 1463 1553 Locusta
1479 1544 1496 1567 ‚
1533 1518 1724 1574 nuper
1744 1500 1965 1556 venefi-

123 1585 200 1643 cii
225 1586 499 1642 damnata
528 1594 583 1639 et
609 1582 712 1638 diu
736 1581 890 1638 inter
915 1580 1304 1638 instrumenta
1336 1583 1503 1656 regni
1534 1579 1753 1643 habita.
1815 1603 1818 1605 ·
1842 1585 1967 1641 eius

122 1670 388 1810 muffris
416 1667 652 1740 ingenio
677 1677 945 1741 paratum
972 1665 1163 1734 viruS‚
1213 1666 1379 1723 cuius
1403 1668 1672 1725 minister
1699 1689 1729 1724 e
1755 1670 1968 1745 spado-

124 1755 253 1812 nib1
275 1774 301 1810 s
325 1754 439 1811 fuit
461 1751 740 1820 HalotuS‚
786 1751 1002 1807 inferre
1028 1751 1228 1826 epulas
1251 1762 1308 1808 et
1332 1753 1633 1828 explorare
1653 1758 1839 1828 'gustu
1872 1774 1968 1811 so-

122 1842 282 1901 litus.

291 1930 540 1994 LXVII.
596 1929 880 2008 Adeoque
903 1943 1111 1988 cuncta
1134 1952 1271 1988 mox
1298 1945 1679 2007 pernotuere,
1720 1947 1787 1992 ut
1818 1947 1968 1992 tem-

125 2042 339 2100 porum
382 2019 625 2075 illorum
658 2016 967 2092 scriptores
1002 2017 1373 2091 prodiderint
1416 2018 1678 2077 infusum
1717 2020 1970 2078 delecta-

122 2108 235 2165 bili
260 2107 390 2165 cibo
414 2103 750 2161 boletorum
781 2122 1104 2172 venenum,
1145 2122 1256 2160 nec
1281 2103 1403 2159 vim
1426 2104 1831 2163 medicaminis
1854 2108 1972 2164 sta-'

182 2312 380 2359 Cm66.
408 2307 697 2353 valetudine.
747 2305 848 2350 MS.
863 2305 1014 2351 Guelf.
1085 2308 1157 2356 60,
1188 2306 1259 2350 34.
1294 2305 1432 2351 Periit
1470 2323 1495 2352 a
1526 2307 1684 2354 Galba.
1744 2309 1806 2355 cf.
1839 2310 1973 2368 Xiph.

125 2373 226 2417 edd,
245 2379 350 2414 vett.
373 2385 414 2412 c.
435 2367 581 2411 silent.
602 2364 719 2408 Vict.
745 2365 1015 2407 valitudine.
1085 2365 1155 2413 64,
1180 2364 1223 2407 3.
1283 2363 1386 2408 MS.
1409 2363 1562 2409 Guelf.
1587 2368 1634 2410 in
1661 2368 1863 2425 margine
1888 2369 1975 2412 ad-

124 2427 413 2475 Vocabulum
457 2422 681 2468 Claudius
727 2421 894 2464 omittit
939 2422 1011 2465 ed.
1085 2421 1151 2466 dit
1172 2421 1323 2464 locum
1348 2422 1539 2468 luvenal.
1565 2426 1603 2476 1,
1627 2424 1700 2468 70.

126 2488 244 2548 spir,
1140 2478 1361 2522 Halotus.
1421 2478 1504 2523 Ed.
1529 2480 1648 2539 Spir.
1673 2484 1880 2526 holaeus.

179 2541 387 2589 mollitie.
473 2535 550 2582 Sic
589 2535 688 2580 edd.
729 2533 833 2578 Ale.
871 2533 1014 2579 Rhen.
1140 2534 1340 2579 Ου’-67.
1368 2538 1679 2590 prodiderint.
1710 2539 1811 2583 MS.
1827 2539 1977 2586 Guelf.

252 2598 449 2643 mollicie
472 2592 575 2637 MS.
599 2593 750 2636 Guelf.
782 2592 1011 2635 edd.‹Put.
1078 2594 1400 2643 prodiderunt.

122 2620 258 2705 {tillet
279 2655 335 2700 V.
358 2656 460 2698 Ber.
490 2652 690 2695 mollitia
713 2649 782 2693 ed.
807 2649 926 2708 Spir.
1139 2652 1409 2694 delectabili.
1468 2651 1571 2695 Non
1602 2651 1806 2711 placebat
1828 2654 1974 2700 Hein-

182 2717 472 2764 Sinuessam.
533 2708 854 2758 ef.Hist.1,72.
896 2706 1013 2750 Plin.
1083 2706 1175 2758 sin,
1205 2707 1281 2763 qui
1310 2707 1485 2751 mallet:
1525 2713 1702 2752 delecto
1726 2714 1791 2753 od
1812 2713 1862 2755 id
1881 2715 1974 2757 ha-

123 2777 192 2824 31,
211 2775 256 2816 4·
1083 2765 1175 2806 bili.
1235 2762 1324 2806 Sed
1345 2766 1496 2808 habili
1516 2775 1635 2810 certe
1654 2767 1702 2810 in
1723 2767 1806 2812 hac
1825 2786 1974 2815 emen-

181 2840 283 2875 tum
306 2828 497 2882 Agripp.
553 2824 637 2868 Ed.
660 2824 691 2868 S
726 2824 779 2867 ir.
806 2831 927 2866 tunc.
1084 2821 1264 2865 datione
1314 2822 1594 2879 superfluum
1637 2833 1716 2869 est.
1803 2826 1974 2871 Verum

181 2887 376 2933 sceleris.
435 2882 493 2926 cf.
523 2891 618 2925 not.
648 2898 670 2926 a
742 2884 778 2933 1,
812 2881 851 2924 5.
911 2880 1012 2924 MS.
1083 2880 1344 2922 delectabili
1358 2879 1510 2936 accipe
1530 2881 1584 2924 de
1603 2897 1682 2934 eo,
1709 2883 1829 2941 quod
1844 2883 1975 2929 Clau-

126 2949 208 2991 Ies.
230 2947 480 2992 scelerum,
510 2939 641 2982 male.
702 2941 847 2982 lmmo
869 2938 1010 2981 intell.
1084 2936 1180 2980 dius
1203 2951 1256 2979 eo
1280 2936 1382 2979 cibo
1405 2936 1721 2983 delectabatur.
1781 2941 1840 2985 cf.
1863 2941 1972 2986 Sue·

123 3019 266 3048 unum
289 3000 454 3051 scelus,
484 2997 639 3041 caedes
659 2995 847 3039 Claudii.
1081 3001 1179 3037 ton.
1220 2992 1376 3036 Claud.
1415 3009 1452 3036 c.
1489 2995 1560 3038 44.
1598 2997 1686 3038 alii
1720 3000 1972 3043 domestico

178 3071 401 3116 propera.
468 3055 568 3098 MS.
600 3053 753 3112 Agric.
778 3066 1010 3108 praepro-
1083 3051 1288 3095 convivio
1333 3065 1417 3103 per
1458 3052 1606 3106 ipsam
1644 3055 1970 3110 Agrippinam,

118 3133 252 3176 pera.
1083 3123 1203 3164 quae
1240 3109 1444 3149 boletum
1474 3112 1756 3154 medicatum
1789 3114 1967 3158 avidis—

181 3181 239 3219 de
260 3185 426 3229 genere
450 3169 628 3212 veneni.
686 3165 768 3210 Ed,
786 3166 903 3223 Spir.
926 3168 1009 3207 de-
1082 3167 1206 3208 simo
1254 3165 1459 3206 ciborum
1506 3168 1678 3209 talium
1725 3170 1970 3221 obtulerat.

122 3235 286 3292 generi
301 3227 470 3272 iuveni.
1081 3222 1153 3266 De
1178 3221 1331 3264 eadem
1356 3237 1404 3264 re
1428 3221 1484 3265 cf.
1507 3223 1597 3267 Dio
1621 3224 1690 3277 60,
1713 3225 1786 3270 34.
1844 3227 1966 3275 Plin.

178 3292 414 3337 silentum
437 3291 481 3326 et
502 3282 725 3324 tabidum.
785 3279 868 3324 Ed.
894 3280 1011 3339 Spir.
1082 3280 1154 3329 22,
1173 3279 1245 3322 22.
1305 3278 1459 3322 Iuven.
1483 3280 1521 3331 5,
1545 3281 1641 3328 145.

122 3348 352 3393 silentium
380 3350 423 3384 et
444 3341 674 3383 rabidum.
734 3336 902 3381 Eadem
922 3353 1007 3396 pro
1137 3337 1234 3379 cibo
1268 3336 1540 3380 boletorum.
1598 3337 1683 3390 Ed.
1715 3339 1832 3400 Spir.
1869 3344 1968 3386 cibo

119 3410 339 3451 admotus
365 3400 438 3443 dat
462 3404 662 3441 amotus.
1079 3401 1125 3437 et
1144 3395 1284 3435 laeto.
1344 3392 1445 3438 MS.
1458 3393 1582 3439 Flor.
1604 3403 1704 3440 test.
1720 3397 1966 3446 lac.G1-0n.

179 3460 467 3517 exquisitum
500 3453 692 3510 aliquid.
761 3451 861 3496 MS.
892 3452 1004 3510 Agr.
1078 3453 1172 3494 cibo
1201 3451 1363 3494 boleto.
1433 3451 1623 3510 Vulgata
1649 3463 1754 3498 sunt
1781 3456 1829 3500 in
1860 3457 1964 3502 MS.

123 3536 229 3575 exq.
260 3517 461 3572 aliquod.
1077 3507 1228 3551 Guelf·
1273 3507 1376 3552 edd·
1417 3508 1519 3554 Put·
1558 3525 1655 3570 sqq·
1694 3529 1733 3558 c.
1776 3514 1846 3559 sil.
1878 3514 1961 3558 Vi-

179 3577 391 3620 Locusta.
452 3572 509 3616 cf.
543 3569 645 3613 infr.
680 3566 744 3621 13,
776 3567 844 3612 1⁵.
910 3565 1003 3610 Dio
1076 3563 1222 3611 ctorii.
