2164 3990
1692 264 1695 267 ,
1775 226 1832 263 A.
1850 227 2001 265 U.808.

1777 270 1831 306 A.
1851 269 1897 308 C.
1940 274 2004 311 50.

223 231 305 289 78
370 241 371 244 Ν
901 191 1412 288 Α’ΝΝΑΜΠΜ

217 359 324 437 qui
369 369 631 434 tempore
681 367 830 416 stato
877 368 1003 434 per'
1030 355 1288 433 quietem
1343 369 1547 416 monet
1595 352 1930 422 sacerdotes?
1934 409 1952 435 ,
1996 377 2088 425 ¹ut

215 445 503 522 templum
548 444 712 500 iuxta
749 462 932 519 equos
966 442 1211 500 venatui
1250 444 1570 500 adornatos
1604 446 1830 508 sistant.
1929 451 2087 527 equi,

214 531 325 588 ubi
376 526 682 606 pharetras
729 529 862 585 telis
911 539 1503 604 onustasaccepere,
1567 550 1676 605 per
1729 532 1921 596 saltus
1953 537 2088 609 vagi

217 628 392 674 nocte
426 615 669 689 demum
709 611 908 670 vacuis
943 605 1238 688 pharetris
1270 614 1460 672 multo
1498 634 1633 671 cum
1677 612 1948 678 anhelitu
1988 641 2088 678 re..

214 701 421 760 deunt.
506 718 747 757 rursum
769 698 947 767 deuS‚
987 717 1104 774 qua
1126 697 1301 757 silvas
1332 701 1750 774 pererraverit‚
1793 715 2084 763 nocturno

214 787 350 844 visu
377 786 770 844 demonstrat:
815 781 1310 858 reperiunturque
1334 784 1496 840 fusae
1525 786 1747 860 passim
1769 788 1945 849 ferae.
1992 843 1994 845 .

384 867 552 928 XIV.
638 866 917 925 Ceterum
940 865 1222 925 Gotarzes
1246 868 1517 925 nondum
1547 871 1687 927 satis
1713 883 1883 930 aucto
1921 895 2085 931 exer-

216 957 339 1015 citu
367 954 614 1012 flumine
653 950 868 1010 Corma
905 974 1015 1029 pro
1057 952 1431 1010 munimento
1469 954 1585 1010 uti:
1649 967 1706 1013 et
1743 978 2079 1036 quanquam

212 1063 322 1119 per
373 1038 788 1096 insectationes
849 1048 908 1095 et
962 1038 1209 1095 nuntios
1264 1038 1340 1095 ad
1394 1038 1699 1113 proelium
1752 1056 2081 1115 vocaretur,

214 1137 448 1185 nectere
502 1143 726 1194 moras,
802 1123 964 1180 locos
1017 1134 1248 1180 mutare
1291 1133 1349 1180 et
1389 1123 1586 1180 missis
1610 1169 1614 1177 .
1637 1129 2082 1202 corruptoribus

212 1211 543 1270 exuendam
596 1208 673 1265 ad
722 1208 901 1266 fidem
953 1204 1151 1267 hostes
1203 1209 1502 1269 emercari.
1620 1206 1713 1265 Ex
1767 1212 1901 1288 quis
1955 1211 2083 1271 Iza-

212 1310 298 1357 tes
350 1293 743 1366 Adiabenusf
799 1314 939 1352 mox
982 1292 1252 1354 Acbarus
1308 1289 1579 1352 Arabum
1639 1316 1777 1352 cum
1827 1299 2082 1357 exercitu

268 1509 478 1555 tempore
512 1506 651 1544 stato.

209 1557 471 1618 (·test.,Vict.
504 1573 543 1601 c.
567 1556 713 1616 Pich.)
753 1557 855 1602 edd.
880 1557 999 1614 Lips.
1033 1574 1112 1617 po·

211 1617 446 1667 steriores,
478 1613 602 1659 Pieh.
617 1632 716 1674 sqq.
737 1642 798 1651 --·
834 1615 969 1658 MSS.
985 1613 1112 1660 Harl.

208 1675 342 1720 Bodl.
369 1674 454 1718 les.
480 1671 636 1716 Guelf.
670 1682 714 1716 et
737 1671 838 1716 edd.
863 1682 974 1720 vett.
1003 1679 1108 1716 sta-

733 1498 810 1543 Sic
843 1498 950 1544 MS.
983 1499 1111 1545 Flor.
1184 1497 1396 1545 Beroald.
1442 1498 1546 1543 Alc.
1579 1497 1780 1545 Rhenan.
1819 1500 1929 1547 Ald.
1962 1501 2081 1571 Lips.

1185 1555 1368 1611 Gruter.
1386 1581 1446 1590 —
1489 1557 1528 1600 E
1551 1556 1655 1601 MS.
1673 1555 1825 1603 Guelf.
1847 1558 2080 1606 Ernestius

1181 1613 1298 1659 falso
1325 1613 1473 1659 attulit
1494 1616 1832 1670 per-erraverit.

1238 1678 1473 1714 nocturno
1493 1673 1609 1715 visu.
1669 1672 1822 1716 Heius.
1845 1689 1964 1720 corr.
1987 1689 2078 1718 no·-

135 1960 137 1966 ’
209 1963 271 2008 cf.

208 1741 334 1782 tuto,
371 1730 547 1789 vulgari
576 1728 808 1788 utriusque
837 1730 963 1775 verbi
1001 1746 1110 1774 con·

207 1790 402 1835 fusione.
464 1786 523 1831 cf.
558 1786 715 1831 Germ.
750 1803 793 1831 e.
820 1787 893 1833 39.
965 1787 1107 1830 Tem-

204 1863 323 1905 pore
374 1852 501 1890 stato
553 1853 618 1887 est
658 1853 785 1888 certo
827 1861 882 1890 ac
920 1845 1108 1889 definito

209 1914 301 1950 tem
338 1919 439 1955 ore,
492 1902 616 1958 quod
647 1917 726 1944 sua
764 1900 864 1947 vice
898 1902 1107 1947 recurrrt.

341 1961 412 2004 ist.
434 1958 476 2009 3,
498 1959 570 2002 30.
595 1987 655 1995 --
702 1965 910 2013 tempore
929 1967 1107 2003 statuto

209 2028 276 2064 est
298 2027 505 2076 tempore
527 2015 719 2067 indicto.
739 2062 745 2066 x
780 2017 842 2062 cf.
861 2017 947 2060 An.
975 2021 1014 2068 1,
1034 2017 1106 2061 48.

205 2078 315 2121 vid.
348 2073 692 2119 Drakenborch.
727 2074 782 2116 ad
814 2073 907 2119 Liv.
937 2076 1009 2127 24,
1032 2075 1105 2119 27.

207 2144 252 2179 et
292 2131 822 2190 Baumgarten-Crusius
876 2131 926 2176 in
978 2133 1107 2180 clave

208 2194 400 2239 Sueton.
435 2206 480 2249 p.
506 2188 607 2232 735.

262 2267 537 2309 adornatae.
595 2259 679 2304 Ed.
711 2259 742 2302 S
777 2259 831 2304 ir.
863 2261 1104 2303 adhorna-

760 2318 840 2362 SS.
865 2317 992 2362 Harl.
1016 2319 1102 2363 les.

205 2330 291 2366 tos.
349 2318 460 2362 Mox
484 2334 568 2377 pro
603 2318 684 2361 ubi

207 2377 365 2424 Guelf.
390 2384 459 2420 ιιι.

260 2449 366 2492 telis
395 2453 607 2491 onustas.

203 2517 247 2552 et
269 2506 393 2550 1864.
417 2504 486 2548 ed.
508 2505 625 2563 Spir.
650 2508 754 2549 telis
779 2506 964 2547 omissis
989 2520 1101 2547 onu-

200 2574 314 2611 stas.
392 2562 441 2605 Li
478 2579 512 2606 s.
543 2578 666 2608 corr.
711 2565 816 2606 telis
848 2563 1102 2618 omnigenis

203 2639 248 2666 ο.
307 2578 539 2665 Acidal’ius
571 2628 603 2663 t.
632 2621 884 2664 missilibus
908 2636 950 2663 o.
1010 2619 1098 2663 Sed

681 2446 815 2491 MSS.
838 2447 961 2495 vau.
991 2445 1102 2490 1863

202 2680 323 2726 salva
351 2676 563 2722 videntur
588 2679 792 2735 vulgata,
826 2693 940 2748 quae
974 2685 1100 2721 tuen-

198 2748 275 2783 tur
310 2734 447 2780 ceteri
478 2734 601 2778 libri.
690 2734 790 2781 MS.
819 2734 976 2779 (Juelf.
1010 2738 1100 2806 1ξο-

200 2797 382 2840 nusta's.

258 2878 490 2919 accepere.
552 2863 636 2907 Ed.
655 2862 776 2922 Spir.
799 2865 1019 2918 accipere.

257 2923 488 2967 anhelitu.
537 2921 620 2965 Ed.
634 2920 753 2980 Spir.
769 2930 811 2965 et
821 2922 922 2966 MS.
941 2919 1097 2965 Guelf-

200 2981 430 3025 hanelitu.
444 3025 448 3029 ,

253 3052 458 3081 rursum.
528 3035 606 3082 Sic
642 3037 711 3081 ed.
751 3035 870 3095 Spir.
929 3049 1096 3078 rursus

200 3096 335 3154 vulgo
367 3094 509 3138 edunt
549 3112 599 3139 ex
637 3094 722 3139 edd
772 3095 875 3138 Put.
905 3108 1010 3153 sqq.
1050 3100 1095 3135 et

200 3154 303 3197 MS.
329 3151 485 3196 Guelf.

256 3217 351 3279 q'ua
371 3210 518 3265 silv'as
535 3225 869 3278 pererraverr't.
928 3220 1006 3264 Sic
1020 3219 1092 3263 Pi-

201 3279 340 3324 ahena
365 3280 405 3332 (e
429 3280 528 3323 MS.
545 3282 685 3336 Flor.)
711 3289 753 3323 et
773 3281 876 3324 edd.
898 3286 1090 3323 recentt.

202 3336 431 3381 Victorius
480 3346 629 3381 tamen
685 3338 957 3396 scripturam
1000 3335 1087 3379 Be-

197 3393 341 3438 roald.
363 3392 573 3436 intactam
593 3395 711 3437 sinit.
785 3410 900 3452 quas
917 3409 956 3438 s-
977 3408 1085 3445 per-

198 3451 429 3495 erraverit
450 3449 581 3494 MSS.
605 3451 713 3510 ch.
739 3452 854 3495 Bud.
882 3449 1086 3509 ed.Spir.

196 3534 242 3545 -
256 3523 371 3565 quas
389 3521 426 3550 s.
440 3511 790 3561 pererraverint
810 3509 942 3554 MSS.
955 3508 1081 3553 Harl.

196 3565 328 3611 Bodl.
350 3565 431 3610 les.
455 3564 605 3609 Guelf.
630 3566 730 3610 edd.
755 3565 857 3613 Pul.
874 3567 940 3610 M.
969 3574 1012 3611 et
1027 3566 1082 3614 V.

1181 1736 1346 1772 cturno
1393 1743 1534 1773 cursu
1577 1727 1644 1771 vel
1686 1731 1903 1780 incursu,
1963 1748 2078 1791 quae

1181 1787 1317 1830 trahit
1371 1787 1428 1831 ad
1488 1785 1679 1830 verbum
1732 1791 2074 1842 pez-erraverit.

1181 1844 1368 1887 Frustra
1391 1852 1435 1887 et
1456 1845 1587 1887 male.
1661 1850 1666 1854 ⁴

1238 1901 1352 1945 CAP.
1382 1901 1452 1944 14.
1525 1902 1714 1946 Corma.
1780 1901 1889 1948 MS.
1920 1903 2072 1951 Guelf.

1179 1974 1359 2004 oroma.
1874 2005 1875 2009 ,

1238 2024 1284 2060 et
1317 2029 1620 2086 quanquam.
1711 2015 1798 2060 Ed.
1848 2016 1969 2078 Spir.
2028 2027 2073 2063 et

1781 2131 1815 2176 1.
1843 2133 1920 2177 Fr.
1955 2132 2072 2178 Gro-

1179 2090 1417 2131 quomam.

1235 2131 1397 2175 Izates
1430 2132 1709 2176 Adiabenus.

1178 2190 1320 2236 novio
1343 2199 1528 2234 auctore
1551 2188 1711 2233 Oberl.
1735 2197 1776 2233 et
1796 2189 1895 2248 Bip.
1920 2207 2070 2235 emen·

1178 2248 1399 2292 daverunt
1411 2247 1666 2298 Adiabeno,
1679 2247 1801 2303 quod
1814 2248 1902 2291 iam
1916 2251 2070 2308 vulga·

1177 2313 1266 2348 tur.
1324 2304 1387 2348 At
1416 2305 1547 2362 plane
1579 2305 1752 2347 inutilis
1781 2304 1891 2350 haec
1922 2322 2071 2350 emen·

1175 2362 1297 2405 datio
1319 2361 1507 2405 videtur.
1566 2361 1681 2405 Nam
1703 2370 1907 2407 veterum
1932 2363 2068 2420 libro·

1174 2435 1278 2461 rum
1332 2419 1605 2476 scripturae,
1667 2435 1802 2478 quam
1863 2420 2068 2474 restituo,
2138 2470 2144 2478 ,

1173 2476 1297 2519 idem
1346 2477 1462 2520 inest
1508 2492 1680 2520 sensus.
1773 2476 1889 2520 Cum
1925 2477 2068 2523 *dicits

1175 2533 1339 2576 lzatem
1363 2534 1671 2586 Adiabenum,
1711 2550 1813 2586 mox
1836 2535 2065 2579 Acbaram

1174 2591 1378 2635 Arabum
1414 2607 1519 2634 cum
1558 2591 1752 2634 exercitu
1788 2593 2066 2646 abscessisse,

1173 2665 1222 2691 ex
1257 2647 1547 2705 oppositione
1587 2649 1690 2691 satis
1725 2655 1869 2707 patet,
1929 2648 2063 2694 illum

1171 2705 1516 2748 Adiabenorum
1566 2721 1668 2748 cum
1719 2707 1938 2758 exercitu,
1997 2708 2070 2752 uti-

1171 2762 1244 2805 hie
1266 2762 1471 2805 Arabum
1498 2778 1601 2805 cum
1633 2763 1852 2813 exercitu,
1891 2766 2063 2809 absces-

1170 2819 1293 2864 sisse.
1389 2820 1506 2862 Cum
1559 2823 1768 2863 exercitu
1816 2823 2066 2866 abscedunt

1170 2885 1276 2920 sunt
1312 2877 1565 2934 praedicata
1600 2878 1656 2921 ad
1687 2889 1929 2937 utrumque
1962 2881 2066 2924 sub·

1168 2935 1338 2977 ieonum
1384 2935 1643 2993 spectantia.
1732 2938 1858 2980 luxta
1898 2937 2063 2981 Izatem

1169 2992 1453 3035 Adiabenum
1477 3008 1580 3035 cum
1606 2995 1798 3037 exercitu
1823 2995 2065 3038 absceden-

1168 3057 1259 3092 tem
1283 3050 1468 3107 ponitur
1490 3050 1606 3094 Acb.
1634 3051 1836 3095 Arabum
1868 3067 1908 3096 c.
1937 3067 2058 3096 exer-

1166 3105 1259 3150 citu
1288 3107 1547 3151 abscedens.
1609 3107 1874 3153 Delectatur
1895 3108 2060 3153 Noster

1164 3163 1378 3209 varianda
1410 3173 1636 3208 structura
1669 3165 1717 3207 in
1749 3166 1969 3210 eiusmodi
1993 3165 2058 3210 lo·

1165 3221 1243 3265 cis.
1316 3220 1470 3276 Quare
1503 3221 1551 3264 in
1586 3222 1866 3267 huuewetiam
1900 3223 2057 3268 locum

1164 3279 1330 3327 valent,
1368 3295 1479 3336 quae
1498 3278 1728 3322 Ernestius
1755 3281 1862 3323 dixit
1885 3280 1941 3323 ad
1963 3282 2050 3324 An.

1164 3335 1238 3386 13,
1267 3336 1340 3378 29.
1391 3335 1638 3387 „Studium
1687 3337 2054 3395 intempestivum

1161 3393 1478 3436 conformandi
1508 3395 1738 3451 sequentia
1780 3395 2051 3452 praeceden-

1158 3449 1277 3492 tibus
1308 3466 1438 3508 saepe
1467 3451 1612 3494 obfuit
1634 3450 1806 3496 Tacito.
1821 3456 1847 3474 ''
1908 3451 2050 3508 Quod

1157 3506 1415 3550 Gronovius
1439 3517 1591 3552 censet
1622 3508 1799 3552 fatuum
1832 3525 1926 3553 esse
1955 3509 2047 3554 Iza-

1155 3573 1244 3609 tem
1268 3566 1569 3610 Adiabenum
1589 3565 1755 3611 iterum
1780 3566 1882 3620 dici,
1908 3583 2047 3626 quum

2056 3770 2086 3805 Ο
