2164 3990
142 207 375 286 sta&
517 179 697 268 ΠΒ.
739 205 903 268 xvi.
974 192 1170 293 cJAP..
1218 206 1311 266 10.
1363 209 1457 266 11.
1761 182 1917 266 '433

71 354 223 399 sorte
269 322 574 414 componi,
629 335 977 392 Formianos
1023 337 1086 393 in
1135 355 1301 409 agros
1349 335 1690 408 digreditur.
1793 337 1916 394 illic

71 447 206 484 eum
238 424 453 482 >‘milites
491 422 718 502 occulta
757 423 1021 478 custodia
1059 419 1439 492 circumdant.
1537 417 1762 478 Aderat
1792 422 1915 478 filia

71 531 245 586 super
285 510 566 583 ingruens
602 506 933 580 periculum
967 508 1144 579 longo
1180 506 1624 585 dolorefuatroiss
1681 526 1749 561 ex
1793 527 1910 583 quo

67 614 434 673 percussores
457 592 656 653 Plauti
681 591 880 647 mariti
905 593 997 648 sui
1024 592 1283 660 viderat,
1332 602 1750 666 cruentamque
1786 612 1935 666 cer-5

66 683 253 738 vicem
279 680 404 736 eius
430 677 695 752 amplexa
721 677 988 733 servabat
1013 676 1357 749 sanguinem
1382 686 1439 732 et
1464 686 1649 731 vestes
1682 695 1912 751 resper-

68 787 186 835 sas,
234 765 415 821 vidua
448 763 702 837 implexa
737 762 902 818 luctu
936 762 1250 829 continuO,
1298 781 1406 817 nec
1431 761 1571 817 ullis
1598 751 1912 830 alimentiS‚

65 852 183 907 nisi
221 869 370 927 quae
404 859 651 904 mortem
690 857 970 905 arcerent.
1056 844 1214 902 Tum
1248 842 1521 902 hortante
1555 857 1719 920 patre
1753 844 1912 902 Nea-

64 936 249 1012 polim
273 933 480 1010 pergit.
543 943 599 988 et
622 931 759 1008 quia
784 932 949 988 aditu
962 930 1216 987 Neronis
1239 926 1696 1005 prohibebatur,
1715 938 1911 1004 'egres-

66 1041 162 1078 sus
187 1019 480 1088 obsidem,
508 1017 738 1074 audiret
757 1017 1053 1074 insontem
1075 1036 1222 1071 neve
1247 1017 1583 1072 consulatus
1604 1016 1695 1072 sui
1716 1037 1911 1092 quon-

65 1107 202 1162 dam
237 1104 519 1178 collegam
553 1103 790 1159 dederet
827 1102 1074 1170 liberto,
1134 1101 1313 1157 modo
1358 1102 1635 1157 muliebri
1669 1101 1911 1170 eiulam,

63 1191 381 1267 aliquando
410 1209 610 1244 sexum
638 1206 861 1259 egressa
890 1206 1031 1242 voce
1056 1186 1282 1241 infensa
1310 1187 1671 1255 clamitabat,
1721 1188 1908 1243 donec

62 1277 334 1352 princeps
369 1273 735 1330 immobilem
768 1291 826 1327 se
859 1271 1130 1346 precibus
1165 1282 1220 1326 et
1245 1271 1502 1327 invidiae
1527 1271 1688 1328 iuxta
1713 1283 1912 1329 osten—

63 1361 166 1420 dit.

229 1443 334 1503 XI.
377 1439 536 1515 Ergo
563 1441 799 1497 nuntiat
828 1440 983 1515 patri
1010 1440 1260 1495 abiicere
1298 1459 1459 1515 spem
1497 1453 1553 1499 et
1588 1441 1678 1498 uti
1711 1462 1911 1498 neces—

63 1530 245 1592 sitate.
344 1528 538 1586 Simul
580 1527 843 1582 adfertur
883 1525 1079 1600 parari
1128 1526 1527 1598 cognitionem
1575 1538 1809 1582 senatus
1855 1540 1912 1584 et

59 1627 284 1682 trucem
308 1612 671 1669 sententiam.
758 1631 865 1666 nec
891 1611 1124 1666 defuere
1151 1611 1255 1686 qui
1278 1623 1590 1668 monerent
1606 1631 1818 1684 magna
1843 1621 1910 1668 ex

59 1711 222 1775 parte
250 1695 527 1754 heredem
553 1693 858 1752 Caesarem
895 1715 1236 1769 nuncupare
1270 1707 1443 1771 atque
1479 1696 1559 1753 ita
1595 1696 1911 1771 nepotibus

60 1788 133 1840 de
187 1784 417 1860 reliquo
474 1783 794 1840 consulere.
908 1778 1087 1851 Quod
1144 1793 1515 1855 aspe1·natuS‚
1598 1802 1673 1837 ne
1728 1783 1912 1840 vitam

53 2005 226 2047 gruans
275 1993 414 2046 longo
465 1991 632 2032 dolore
684 1988 947 2042 periculum

54 2057 218 2092 atrox.

111 2119 388 2173 sanguinem
425 2123 471 2160 et
503 2123 652 2159 vestes
690 2129 943 2169 respersas.

52 2177 155 2221 MS.
182 2178 286 2234 Agr.
314 2189 441 2217 more
464 2189 546 2216 suo
571 2172 802 2215 emendat.-
829 2187 948 2215 san-

53 2237 188 2290 guine
218 2240 370 2276 vestes
404 2244 660 2286 respersas.
730 2228 808 2273 Est
840 2245 945 2272 vero

53 2291 198 2351 1110va
219 2288 297 2334 διὰ
322 2289 472 2333 δυοῖν.
535 2320 540 2327 .

112 2362 336 2416 implexa.
390 2355 619 2401 Acidalius
638 2355 946 2413 suspicabatur

53 2420 265 2474 implexa
294 2423 451 2459 natum
484 2430 507 2456 e
530 2413 795 2470 repetitione
819 2414 943 2456 vocis

53 2478 306 2527 amplexa,
347 2473 538 2530 ideoque
563 2470 804 2513 delendum
830 2486 941 2512 cen-

53 2535 187 2577 sebat.
266 2531 383 2575 Hinc
431 2527 637 2573 certatim
687 2527 939 2581 coniecere,

52 2590 277 2634 Heinsius:
293 2602 436 2630 exesa
447 2604 462 2639 3
472 2585 685 2628 Trillerus
698 2583 943 2640 (Observv.

52 2666 116 2692 cr.
139 2646 181 2698 8,
202 2648 289 2703 2.)ε
328 2647 520 2699 impleta
531 2660 544 2693 ;
584 2643 707 2700 Bip.:
748 2641 940 2698 inflexa.

52 2706 140 2749 Sed
169 2721 294 2754 ,vana
335 2702 443 2746 haec
493 2708 536 2743 et
581 2700 647 2743 vix
694 2708 943 2743 memoratu

53 2763 187 2819 digna
214 2769 334 2804 sunt.

108 2846 189 2878 nec
233 2831 340 2872 ullis
379 2830 630 2872 alimentis.
698 2825 802 2871 MS.
834 2828 941 2883 Agr.

51 2904 179 2933 more
211 2901 291 2931 suo
325 2886 647 2928 emendationis
670 2901 798 2930 causa
822 2885 941 2927 addit

52 2962 160 2998 usa,
204 2944 326 3002 qnod
363 2943 499 2986 edidit
535 2942 730 3000 Ryckius
760 2942 939 2985 nemine

52 3005 293 3047 imitatore.
354 3001 462 3044 Mox
495 3001 628 3043 MSS.
660 3001 767 3057 Reg.
804 2999 940 3042 Corb-

53 3060 201 3104 Gnelf.
232 3059 294 3114 (in
319 3075 459 3116 marg.
481 3074 504 3100 a
531 3073 617 3099 sec.
639 3061 718 3113 m.)
743 3056 940 3113 ed.Spir.

51 3127 152 3162 ante
176 3130 389 3171 egressus
407 3114 522 3158 male
543 3114 710 3157 addunt
730 3130 805 3164 ηε,
828 3129 940 3172 quae

50 3175 263 3233 particula
293 3172 512 3228 originem
544 3171 663 3213 dedit
694 3171 940 3228 scripturae

51 3231 218 3275 codicis
239 3232 344 3288 Agr.
370 3245 425 3271 ne
446 3229 670 3270 occideret
692 3229 939 3270 insontem.

50 3289 143 3331 Pro
166 3290 298 3330 aditu
319 3286 420 3330 MS.
444 3285 594 3329 Guelf.
620 3286 707 3328 sert
731 3286 906 3326 habitu.

105 3373 272 3401 sexum
300 3370 500 3411 egressa.
562 3356 642 3399 Ed.
667 3355 782 3412 Spir.
816 3370 936 3397 sexu

51 3430 254 3470 egressa.
317 3414 557 3472 Vulgatum
592 3429 749 3456 verum
784 3421 824 3454 et
845 3412 937 3454 Ta-

50 3474 141 3516 cito
175 3471 465 3515 conveniens.
539 3471 597 3515 cf.
634 3470 745 3514 Hist.
786 3470 828 3524 4,
866 3471 935 3512 51.

50 3531 136 3573 An.
161 3529 202 3577 3,
219 3529 291 3571 24.
314 3537 355 3571 et
381 3528 450 3571 30.

132 3595 375 3646 TAciTns
407 3594 474 3643 ΙΙ.

1070 1986 1280 2039 precibus
1312 1991 1358 2025 et
1386 1985 1602 2027 invidiae.
1669 1987 1745 2029 Sic
1778 1987 1911 2033 MSS.

1018 2050 1060 2084 et
1094 2049 1198 2083 vett.
1227 2040 1351 2092 edd„
1399 2040 1482 2083 nisi
1519 2040 1642 2099 quod
1667 2043 1768 2087 MS.
1795 2045 1910 2090 Bud.

1019 2097 1185 2140 omittit
1206 2098 1415 2154 copulam
1436 2105 1506 2149 et,
1536 2099 1657 2156 quod
1675 2112 1910 2158 acceptum

1018 2155 1108 2198 fuit
1144 2154 1382 2197 Oberlino.
1460 2156 1671 2199 Veterem
1712 2160 1911 2217 scriptu-

1017 2229 1114 2256 ram
1150 2212 1382 2255 restituere
1407 2211 1594 2255 Bekker.
1620 2214 1907 2260 L'unemann.

1017 2269 1257 2325 Kiessling.
1319 2269 1351 2312 Ι.
1375 2270 1449 2311 Fr.
1477 2269 1741 2315 Gronovius-
1763 2275 1910 2317 maie-

1017 2327 1090 2369 bat
1116 2326 1316 2378 invidia,
1357 2327 1477 2383 quod
1502 2344 1710 2385 recepere
1730 2329 1907 2387 Bipon-

1015 2383 1112 2426 tini.
1177 2381 1422 2425 Oberlinus
1442 2385 1578 2425 iuoeta
1599 2385 1911 2433 adverbialiter

1015 2447 1242 2496 sumptum
1279 2440 1445 2483 rectius
1483 2457 1587 2483 cum
1626 2442 1759 2486 dandi
1804 2460 1910 2490 casu

1015 2498 1127 2540 strui
1160 2507 1325 2540 censet.
1388 2498 1444 2539 cf.
1470 2497 1570 2543 Liv.
1596 2499 1665 2550 24,
1691 2501 1759 2543 19.
1819 2501 1909 2547 Sed

1013 2553 1164 2596 nullae
1205 2553 1276 2597 hic
1317 2562 1420 2596 sunt
1459 2556 1642 2612 regendi
1678 2566 1825 2616 partes
1861 2560 1910 2604 in

1013 2610 1229 2669 particula
1269 2612 1430 2654 iuxta:
1482 2613 1617 2657 dativi
1651 2615 1848 2672 pendent
1883 2635 1908 2661 e

1015 2669 1156 2712 verbo
1180 2670 1408 2719 ostendit,
1451 2677 1493 2711 et
1515 2670 1630 2712 inter
1654 2688 1699 2714 se
1721 2674 1909 2717 coniun-

1015 2733 1183 2781 guntur
1206 2742 1284 2782 per
1309 2734 1378 2775 et,
1409 2734 1458 2768 ut
1487 2729 1523 2777 1,
1542 2727 1612 2769 48.
1644 2730 1910 2774 innocentes·

1013 2798 1069 2823 ac
1097 2787 1268 2824 nomios
1301 2784 1438 2825 iuxta
1471 2788 1650 2828 cadere.
1707 2787 1802 2831 Liv.
1836 2789 1911 2841 23,

1013 2839 1080 2881 28.
1112 2854 1197 2890 per·
1219 2841 1383 2889 dubios
1404 2840 1692 2898 infestosque
1709 2849 1907 2900 populos

1012 2899 1149 2938 iuxta
1184 2898 1400 2940 intentus.
1482 2898 1547 2940 ld.
1583 2900 1624 2950 9,
1663 2899 1728 2943 13.
1768 2905 1909 2947 iuxta

1013 2954 1278 3020 obsidentes
1309 2957 1602 3011 obsessosque
1638 2958 1796 3014 inopia
1835 2976 1907 3004 ve-

1011 3018 1166 3053 xante.
1578 3032 1580 3035 ·

1072 3067 1182 3110 eff.
1229 3070 1294 3110 11.
1819 3073 1917 3120 Εὼ

1013 3125 1127 3181 Spir.
1168 3140 1308 3178 aegro
1342 3127 1546 3169 nuntiat.
1608 3128 1772 3173 Eadem
1802 3147 1906 3175 mox

1012 3184 1190 3224 abicere
1217 3198 1298 3240 pro
1323 3183 1534 3226 abiicere.

1069 3241 1207 3282 simul
1232 3238 1468 3295 adfertur.
1527 3241 1660 3284 Teste
1686 3242 1905 3289 Rhenano

1007 3299 1151 3338 simul
1170 3297 1391 3339 omittitur
1416 3298 1460 3339 in
1488 3298 1589 3340 MS.
1618 3300 1733 3343 ssud.

1064 3354 1271 3409 defuere.
1341 3354 1418 3396 Sic
1451 3355 1585 3398 MSS.
1619 3357 1748 3401 Flor.
1785 3359 1900 3413 (test.

1008 3411 1143 3465 Vici.)
1162 3410 1312 3454 Gneli.
1331 3411 1429 3454 edd.
1446 3412 1563 3470 Spir.
1579 3413 1720 3458 Rhen.
1735 3431 1830 3473 sqq.
1845 3445 1904 3452 --

1006 3468 1255 3523 defitcrunt
1290 3468 1391 3511 edd.
1425 3469 1523 3511 Ber.
1554 3470 1655 3514 Ale.
1699 3495 1756 3505 —
1815 3478 1898 3515 ‹le-

993 3527 1187 3582 suerent
1214 3523 1314 3567 edd.
1342 3525 1442 3570 Put.
1469 3527 1537 3570 M.
1560 3535 1600 3570 et
1632 3528 1685 3573 V.

1217 3584 1316 3641 Ee

1377 3083 1486 3122 ergo
1529 3072 1732 3115 nuntiat.
