2164 3990
140 196 186 229 A.
207 194 257 232 U,
275 192 359 225 819.

136 239 188 272 A.
207 235 254 274 C.
304 235 365 269 δῦ.

602 193 774 252 LIB.
814 192 944 253 XV.

1020 191 1211 254 CAP.
1253 195 1349 252 71.
1781 191 1904 255 415

51 327 396 402 Pompei11S‚
437 320 750 378 Cornelius
785 319 1107 389 Martiali8‚
1151 320 1389 381 Flavius
1419 322 1641 399 Nepos,
1673 323 1907 387 Statius

51 411 381 477 Domitius,
447 406 610 482 quasi
649 405 974 480 principem
1012 426 1135 462 non
1174 409 1412 483 quidem
1447 410 1743 481 odissent,
1805 413 1910 468 sed

54 512 248 556 tamen
288 491 614 550 existimare
622 502 775 549 ntur.

858 487 1051 546 Novio
1073 489 1274 548 Prisco
1314 513 1421 567 per
1455 495 1774 551 amicitiam
1797 495 1908 554 Se-

54 602 229 639 necae
271 591 328 635 et
363 575 550 635 Glitio
606 573 782 631 Gallo
830 586 1004 651 atque
1055 571 1258 633 Annio
1305 576 1567 635 Pollioni
1611 580 1908 638 infamatis

51 667 235 739 magis
279 681 455 741 quam
497 659 777 716 convictis
826 661 958 716 data
1009 660 1228 720 exsilia.

1338 661 1606 720 Priscum
1642 660 1907 723 Antonia

53 751 295 809 Flacilla
343 745 599 802 coniunx
649 745 921 801 comitata
973 757 1086 812 est,
1150 743 1394 803 Gallum
1425 745 1681 822 Egnatia
1711 748 1910 805 Maxi-

53 837 246 903 milla,
302 830 528 903 magnis
571 829 826 903 primum
874 841 930 885 et
966 830 1207 902 integris
1249 833 1488 906 opibus,
1537 846 1670 909 post
1703 835 1909 890 adem-

52 921 191 997 ptis:
279 936 427 994 quae
473 926 721 991 utraque
767 915 1013 987 gloriam
1053 915 1176 971 eius
1227 936 1458 978 auxere.

53 1174 186 1215 einen
219 1168 467 1220 vore—iligen
503 1165 616 1208 Tod.
695 1163 834 1221 Igitur
867 1162 939 1206 ille

52 1247 96 1274 se
121 1226 285 1270 occidit
309 1225 565 1282 priusquam
592 1224 760 1264 veniam
787 1221 840 1262 ab
859 1221 940 1262 im·

55 1294 256 1344 peratore
295 1281 567 1337 accepisset?
641 1278 729 1322 Sed
766 1277 939 1320 disertis

57 1343 198 1386 verbis
223 1341 433 1397 tegimus:
469 1339 675 1386 veniam,
703 1349 845 1390 quam
869 1351 938 1375 nc-

52 1407 255 1455 ceperat,
327 1397 561 1446 cor-rupim
625 1408 767 1450 neque
831 1392 940 1433 illud

52 1457 236 1510 voreilig
263 1454 376 1496 inest
401 1453 499 1494 voci
523 1452 696 1494 latinae.
746 1447 941 1507 Ryckius

49 1516 395 1569 interpretatur:
436 1508 762 1559 „abolitionem
805 1505 886 1548 silvi
917 1520 939 1545 a

49 1571 253 1631 principe
290 1566 506 1610 indultam
543 1566 712 1608 irritam
748 1562 942 1606 reddidit

52 1629 140 1672 alio
193 1642 296 1669 mox
348 1622 561 1670 crimine,
622 1621 743 1678 quod
799 1620 942 1677 capite

53 1684 177 1728 luit.”
236 1683 337 1725 Non
375 1681 525 1723 ferunt
558 1680 602 1721 id
632 1680 757 1720 verba
780 1677 939 1720 Taciti.

51 1746 196 1787 humo
233 1739 399 1783 Statius
438 1737 614 1782 veniam
651 1738 704 1778 ab
745 1737 938 1791 impera-

49 1811 145 1844 tore
178 1795 428 1856 impetravit
453 1802 496 1837 et
528 1803 763 1850 postquam
791 1793 938 1848 impe-

51 1865 260 1904 traverat,
291 1870 368 1896 sua
389 1868 525 1895 manu
547 1851 730 1897 cecidit,
762 1861 811 1892 ut
835 1849 933 1892 urbi

50 1920 290 1957 ostentaret
330 1925 484 1953 rarum
529 1907 712 1966 aliquod
756 1908 941 1957 facinus,

50 1974 212 2029 quippe
241 1967 440 2011 moriens
467 1982 605 2023 quum
645 1966 798 2008 vivere
823 1980 938 2030 ,9⁰⁵7

48 2038 126 2073 set.
190 2027 237 2069 ld
263 2041 372 2070 vero
406 2024 491 2067 dici
528 2031 698 2081 poterat
735 2029 938 2063 vanitatis

49 2085 316 2143 exemplum.
380 2081 489 2123 Nam
526 2080 559 2123 si
596 2094 750 2122 ainore
781 2078 938 2121 civita-

47 2145 102 2188 tis
143 2150 217 2185 aut
257 2154 461 2182 maerore
492 2135 752 2180 calamitatis
786 2134 935 2192 publi-

48 2217 125 2244 cae
155 2199 291 2244 vitam
323 2203 580 2252 sperneret,
621 2209 714 2236 non
748 2193 938 2235 debebat

48 2257 224 2302 veniam
257 2253 481 2310 accipere,
522 2251 599 2293 sed
628 2257 935 2293 contemnere.

48 2315 147 2358 Alia
173 2330 241 2356 res
274 2311 359 2353 fuit
392 2310 436 2351 in
459 2308 639 2351 Silano:
686 2307 720 2348 is
745 2310 932 2349 absolu-

48 2381 123 2415 tus
143 2387 220 2413 sua
244 2384 378 2411 manu
403 2365 578 2410 cecidit.

101 2454 506 2496 existimarentur.
570 2447 645 2491 Sic
669 2447 768 2490 edd.
792 2447 936 2490 Rhen.

46 2512 150 2558 ΑΜ.
189 2510 304 2567 Lips.
338 2507 522 2552 Gruter.
557 2514 599 2548 et
631 2506 732 2548 dein
756 2505 930 2548 Ernest.

46 2589 64 2613 s
99 2586 139 2627 q.
169 2591 219 2602 -·
253 2563 747 2609 extimat-enturMSS.
768 2573 810 2604 et
828 2570 933 2604 vett.

46 2587 151 2670 eild.
224 2623 283 2668 ef.
310 2632 404 2666 not.
427 2621 480 2665 ad
514 2619 576 2672 13,
598 2620 664 2662 17.
739 2620 932 2662 Pichena

46 2683 357 2726 emendaverat
391 2679 758 2728 extz'merencur,
811 2676 931 2735 quod

43 2741 212 2784 editum
235 2746 299 2781 est
324 2752 462 2794 usque
487 2737 538 2778 ad
556 2735 825 2787 Ernestimn,
855 2733 932 2791 qui

45 2799 154 2839 bene
188 2793 377 2838 restituit
408 2793 611 2836 Rhenani
645 2792 929 2850 scripturam.

46 2853 227 2910 Quippe
252 2851 336 2893 viri
363 2849 430 2892 illi
459 2866 554 2892 non
587 2858 793 2907 poterant
825 2864 931 2892 con-

45 2911 188 2958 vinci,
242 2909 318 2951 sed
352 2909 409 2949 ob
446 2907 604 2948 malam
640 2906 930 2950 existimatio-

44 2984 146 3012 nem
189 2965 402 3023 dignitate
451 2963 565 3006 exuti
619 2973 740 3006 sunt.
830 2964 931 3019 (Sic

44 3027 234 3068 wurden
268 3024 341 3064 als
371 3022 659 3072 verddchtige
693 3021 931 3064 Personen

42 3081 324 3134 behandelt.)
405 3079 516 3121 Nam
549 3079 851 3120 existimatur
883 3077 929 3120 id

42 3139 164 3198 quod
200 3137 400 3181 creditur
436 3151 529 3178 non
564 3151 586 3178 e
619 3136 750 3178 certis
787 3135 929 3179 docu-

44 3197 231 3246 mentis,
258 3194 335 3237 sed
359 3194 460 3251 quia
482 3193 547 3235 sic
570 3193 761 3236 videtur.

98 3279 246 3322 Novio
273 3276 443 3320 Prisco.
500 3275 600 3317 MS.
625 3274 773 3317 Guelf.
807 3291 830 3319 a
865 3292 926 3318 m.

40 3352 131 3381 aec.
159 3337 319 3380 Neuio.
393 3331 508 3377 Edd.
543 3331 670 3374 Pich.
710 3331 927 3389 Bernegg.

41 3392 243 3436 Gronov,
266 3390 409 3439 vak.
430 3390 606 3440 Νυηιό,
639 3387 741 3431 vitio
766 3403 926 3445 opera-

41 3466 140 3493 rum
164 3455 212 3492 ut
235 3448 429 3498 videtur,
461 3446 582 3504 quod
604 3463 626 3488 e
649 3444 831 3488 Pichen.
855 3446 925 3489 ed.

41 3507 94 3551 ad
111 3505 220 3550 alios
231 3506 372 3549 libros
384 3503 570 3550 transiit.
600 3502 802 3545 Veterem
821 3504 923 3546 scri·

1563 917 1815 978 Pellitur
1850 932 1906 977 et

1013 1173 1191 1220 pturam
1216 1165 1450 1208 restituere
1471 1165 1783 1222 Ernest.Brot.
1804 1184 1906 1227 sqq.

1014 1224 1063 1264 ln
1120 1223 1252 1264 veteri
1306 1222 1343 1264 la
1381 1224 1450 1266 ide
1495 1225 1612 1281 apud
1657 1225 1906 1268 Gruterum

1012 1296 1054 1337 p.
1094 1282 1186 1322 104.
1231 1296 1299 1323 nr.
1369 1313 1379 1323 .
1424 1280 1587 1339 legitur
1624 1283 1687 1328 D.
1726 1284 1908 1326 Novius

1017 1337 1220 1379 Priscus.

1066 1421 1153 1461 per
1187 1409 1461 1451 amicitiam.
1544 1410 1622 1454 Sic
1660 1427 1747 1466 pet·
1784 1414 1903 1454 invi-

1011 1468 1140 1506 diam
1161 1467 1320 1518 patris·
1343 1466 1430 1508 An.
1458 1465 1526 1514 13,
1547 1467 1647 1520 43.;
1693 1484 1781 1522 ρει·
1820 1483 1903 1512 so-

1012 1522 1222 1563 cordiam
1242 1524 1474 1578 praefecti
1492 1523 1604 1568 Hist.
1630 1526 1753 1575 1,24.
1813 1527 1905 1568 Per

1014 1580 1327 1631 occasionem,
1397 1578 1649 1641 ἀφορμήν,
1724 1583 1906 1628 indicat.

1014 1636 1084 1678 Nil
1112 1638 1245 1702 igitur
1268 1654 1382 1694 opus
1404 1647 1468 1681 est
1491 1640 1800 1684 emendatione
1815 1641 1905 1683 Er-

1014 1694 1141 1760 nestit
1169 1704 1367 1749 propter
1402 1712 1483 1754 pro
1512 1713 1600 1753 per
1627 1699 1903 1742 substituen-

1011 1759 1082 1794 tis.

1066 1823 1281 1865 Antonia
1294 1823 1340 1866 F
1335 1826 1512 1869 lucilla.
1557 1825 1632 1870 sic
1643 1824 1904 1871 MS.Guelf.

1011 1880 1111 1923 edd.
1136 1879 1237 1922 Put.
1257 1880 1325 1922 M.
1350 1890 1392 1923 et
1415 1881 1471 1926 V.
1498 1882 1598 1927 Ber.
1622 1883 1722 1927 Alc.
1755 1883 1900 1929 Rhen.

1008 1953 1106 1994 sqq.
1135 1963 1188 1970 —-
1237 1940 1437 1980 Arcoria
1458 1939 1661 1982 Flacilla
1686 1940 1754 1983 ed.
1784 1943 1902 1998 Spir-

1008 2023 1066 2030 —-
1089 1996 1289 2037 Artoria
1310 1996 1366 2038 F.
1393 1995 1525 2039 MSS.
1546 1996 1673 2039 Flor.
1701 1998 1749 2052 (t.
1766 1998 1905 2055 Vict.)

1012 2051 1119 2108 Reg.
1143 2075 1198 2084 -›
1242 2053 1448 2094 Artom'a
1468 2053 1569 2097 MS.
1593 2055 1732 2097 (torb.
1813 2056 1902 2100 Sed

1011 2111 1219 2151 Antonia
1261 2118 1325 2152 est
1360 2110 1406 2151 in
1441 2110 1576 2154 MSS.
1612 2112 1736 2154 Harl.
1771 2113 1902 2157 Bodt.

1012 2166 1091 2209 les.
1117 2164 1294 2219 Guelf.;
1349 2167 1574 2211 Flaccilla
1606 2169 1740 2212 MSS.
1777 2170 1901 2213 Flor-

1014 2225 1142 2276 (test.
1179 2222 1329 2279 Vict.)
1366 2224 1491 2267 Bodl.
1536 2234 1578 2267 et
1622 2227 1686 2268 sic
1726 2226 1902 2271 volebat

1010 2280 1220 2331 Huetius,
1251 2289 1394 2332 recte,
1424 2290 1474 2324 ut
1495 2282 1599 2325 mihi
1625 2283 1818 2328 videtur.
1845 2309 1903 2319 -

1007 2338 1218 2379 coniunx
1253 2337 1352 2381 MS.
1383 2338 1533 2382 Guelf.
1575 2341 1677 2383 edd.
1715 2349 1822 2387 vett.
1858 2357 1898 2385 c.

1009 2394 1154 2437 silent.
1184 2393 1302 2438 Vict.

1063 2464 1279 2519 Egnatia.
1343 2463 1424 2507 Ed.
1449 2463 1570 2523 Spir.
1598 2474 1643 2508 et
1668 2466 1858 2514 Gnatia.

1064 2536 1260 2586 gloriam
1286 2534 1400 2576 eius.
1461 2535 1537 2579 Sic
1559 2536 1695 2582 MSS.
1724 2546 1766 2580 et
1790 2547 1896 2582 vett.

1006 2589 1112 2633 edd.
1196 2590 1284 2631 Pro
1327 2592 1424 2633 eius
1467 2593 1787 2639 substitueram
1832 2598 1900 2639 eis

1006 2647 1107 2691 edd.
1131 2647 1248 2704 Lips.
1277 2646 1458 2692 Gruter.
1485 2649 1610 2694 Pich.
1633 2667 1731 2711 sqq.
1788 2650 1898 2697 ·ΕτΦ

1005 2704 1170 2747 nestius
1209 2713 1251 2746 et
1282 2704 1513 2749 Broterius
1546 2715 1746 2752 veterem
1778 2710 1895 2754 seri-

1004 2771 1179 2860 pturam
1207 2777 1462 2820 reposuere.
1524 2763 1603 2807 tlte
1637 2766 1786 2810 tamen
1821 2767 1899 2811 os-

1027 2818 1152 2862 endit
1200 2819 1246 2861 in
1296 2819 1465 2862 verbis:
1527 2837 1646 2877 quae
1685 2831 1896 2881 utraque,

1004 2893 1117 2932 quae
1167 2875 1347 2919 duriora
1398 2885 1439 2918 et
1498 2887 1697 2936 utraque
1739 2882 1894 2927 saltem

1003 2936 1168 2976 trustra
1202 2933 1402 2976 additum
1435 2935 1664 2981 existimat.
1725 2937 1896 2987 Verum

1003 2999 1202 3046 utroque
1224 2991 1419 3048 primurn
1444 3007 1499 3034 eo
1531 2995 1736 3052 respicit,
1772 2998 1896 3054 quod

1002 3047 1174 3103 magnis
1197 3057 1238 3091 et
1262 3048 1445 3105 integris
1467 3049 1629 3107 opibus
1654 3052 1894 3112 coniugem

1001 3105 1211 3150 comitata
1269 3115 1363 3148 est:
1433 3106 1685 3164 exemplum
1747 3110 1895 3161 eximii

1001 3162 1179 3211 amoris,
1211 3162 1408 3220 egregiae
1431 3167 1723 3212 constantiae.
1774 3168 1891 3215 Nam

1001 3235 1104 3262 cum
1130 3219 1288 3276 opibus
1315 3219 1404 3263 suis
1435 3221 1668 3267 amoenius
1701 3224 1748 3268 in
1779 3225 1894 3270 urbe

1001 3275 1178 3320 vixisset
1224 3292 1358 3333 quam
1409 3277 1455 3321 in
1513 3279 1686 3325 exsilio.
1770 3280 1892 3327 Tum

1000 3333 1123 3390 quod
1162 3342 1314 3392 postea
1356 3335 1561 3393 adempta
1609 3345 1714 3381 sunt
1758 3340 1891 3394 bona,

999 3389 1133 3432 etiam
1161 3389 1279 3433 auxit
1300 3389 1489 3447 gloriam
1515 3391 1624 3436 eius.
1684 3394 1800 3440 Nam
1823 3399 1890 3442 in·

998 3446 1198 3488 fortunia
1251 3447 1408 3491 virtute
1448 3465 1572 3506 panna
1607 3450 1810 3498 laudibus
1847 3464 1889 3499 et

999 3503 1298 3547 admiratione
1325 3505 1586 3551 attollimus.
