2164 3990
147 208 196 242 A.
218 208 267 242 U.
286 207 369 243 819.

147 254 196 287 A.
216 250 262 285 C.
306 249 366 281 ϋϋ.

606 209 779 268 LlB.
812 210 945 269 XV.
1034 209 1080 266 C
1097 207 1147 267 A
1161 209 1230 268 P.
1263 208 1361 268 55.
1789 209 1910 267 395

63 355 190 400 tum
235 339 490 397 Neronis
533 333 1040 412 Epaphroditum,
1108 358 1241 395 mox
1281 340 1354 394 ab
1401 359 1465 394 eo
1507 340 1581 394 ad
1616 339 1910 395 Neronem

65 444 278 500 urgens
326 423 687 500 periculum,
752 441 954 495 graves
997 425 1332 481 coniuratos
1378 435 1433 480 et
1480 434 1696 492 cetera,
1763 444 1911 500 quae

65 511 332 568 audierat
396 507 965 583 coniectaveratque,
1029 510 1215 567 docet.
1324 509 1504 565 telum
1560 529 1793 584 quoque
1849 510 1913 563 in

67 615 268 653 necem
305 593 427 650 eius
461 603 730 667 paratum
768 593 1024 650 ostendit
1054 593 1343 669 accirique
1381 613 1546 649 reum
1584 594 1768 651 iussit.
1857 592 1913 648 Is

31 692 269 756 ⁵raptus
303 699 409 754 per-
445 677 661 732 milites
701 687 756 732 et
795 677 1193 734 defensionem
1232 698 1398 734 orsus
1437 679 1690 746 ferrum,
1748 679 1914 733 cuius

69 775 436 839 argueretur,
475 762 619 818 olim
654 762 938 834 religione
967 763 1151 836 patria
1192 764 1414 819 cultum
1454 775 1510 819 et
1543 763 1607 818 in
1643 763 1911 819 cubiculo

70 848 337 908 habitum
361 868 426 904 ac
453 848 658 902 fraude
684 847 881 904 liberti
916 848 1255 921 subreptum
1284 848 1602 922 respondit.
1689 848 1918 903 tabulas

70 933 399 992 testamenti
450 932 678 1006 saepius
726 953 755 987 a
806 952 865 988 se
899 943 954 988 et
985 932 1337 988 incustodita
1378 934 1605 989 dierum
1644 934 1918 989 observa-

68 1021 230 1077 tione
251 1019 521 1091 signataS.
608 1018 883 1091 pecunias
911 1028 968 1072 et
994 1017 1288 1074 libertates
1313 1018 1493 1073 servis
1517 1029 1573 1074 et
1601 1030 1734 1074 ante
1758 1019 1917 1073 dono

73 1107 263 1172 dataS,
307 1104 407 1158 sed
434 1102 490 1158 id
501 1122 566 1158 eo
593 1113 733 1157 tunc
767 1101 1015 1175 largum,
1057 1101 1192 1178 quia
1218 1103 1382 1159 tenui
1409 1103 1524 1158 iam
1552 1123 1614 1158 re
1642 1102 1920 1158 familiari

74 1203 130 1247 et
156 1187 509 1244 instantibus
537 1187 926 1243 creditoribus
957 1197 1300 1243 testamento
1337 1188 1642 1246 diffideret.
1730 1187 1922 1244 enim-

74 1295 211 1332 vero
237 1273 506 1329 liberales
532 1291 759 1345 semper
781 1272 979 1345 epulas
1015 1273 1290 1329 struxisse
1312 1284 1367 1327 et
1395 1273 1577 1328 vitam
1602 1264 1920 1344 ¹amoenam

78 1361 134 1417 et
167 1359 330 1416 duris
367 1357 659 1412 iudicibus
703 1376 912 1430 parum
954 1357 1278 1430 probatam.
1365 1358 1623 1413 fomenta
1659 1352 1945 1413 vulneri-¹

73 1446 184 1500 hus
221 1443 383 1498 nulla
423 1441 582 1497 iussu
611 1461 746 1509 silo,
791 1442 886 1496 sed
919 1441 1053 1516 quia
1080 1453 1262 1498 cetera
1287 1443 1480 1516 palam
1505 1463 1654 1498 vana
1680 1443 1927 1498 obiecis-

78 1540 189 1597 set,
231 1527 548 1599 adiungere
575 1526 827 1602 crimen,
871 1537 937 1582 ut
971 1546 1089 1582 sese
1120 1527 1337 1601 pariter
1363 1528 1616 1583 indicem
1644 1539 1699 1584 et
1722 1539 1925 1584 testem

141 1757 526 1812 Epaphroditum.
562 1755 643 1798 Ed.
657 1752 774 1812 Spir.
792 1757 967 1809 Aphro·

80 1817 244 1858 ditum.
315 1813 400 1856 Sed
439 1813 495 1855 cf.
535 1814 659 1856 Suet.
695 1813 799 1856 Ner.
836 1829 875 1856 c.
896 1812 967 1856 49.

82 1871 253 1930 Xiphil.
281 1871 350 1923 63,
372 1871 469 1937 29..

137 1942 307 1983 graves
361 1936 641 1971 comm-atos,

86 1986 206 2030 Flor.

1040 1755 1142 1799 MS.
1182 1757 1287 1813 Agr.
1327 1758 1582 1806 struxisse,
1625 1757 1771 1810 egisse
1806 1760 1929 1800 enim

1042 1814 1187 1855 vitam
1222 1822 1304 1858 etc.
1383 1813 1467 1857 Hie
1503 1813 1645 1856 voluit
1676 1814 1930 1866 emendare,

1043 1886 1154 1928 quae
1188 1870 1254 1913 illi
1288 1872 1434 1929 inepta
1474 1870 1735 1929 repetitione
1779 1887 1931 1929 pecca·

1044 1937 1212 1971 verant.
1291 1928 1498 1970 Heinsius
1536 1926 1931 1972 coniiciel›ai:--11t

1046 1988 1164 2028 vitae
1189 2001 1459 2028 amoenum.
1521 1985 1608 2028 Sed
1635 1985 1804 2043 vulgata
1827 1988 1934 2029 scri·

1044 2053 1174 2101 ptura
1210 2057 1314 2084 vera
1359 2051 1446 2092 est,
1502 2041 1701 2100 intellige
1753 2045 1934 2097 verbnm

733 1927 810 1972 Sic
867 1929 968 1973 MS.

247 1988 363 2040 (test.
384 1984 501 2029 Vici.
537 2002 578 2029 c.
605 1985 804 2042 Pichen.)
838 1995 879 2029 et
910 1987 974 2029 sic

86 2043 184 2086 MS.
213 2045 317 2102 Agr.
347 2043 415 2086 ed.
438 2043 580 2102 Spina,
613 2043 695 2110 nisi
719 2043 839 2100 quod
866 2043 974 2086 haec

86 2101 245 2144 vitiose
281 2101 354 2142 dat
384 2115 557 2152 grave:
586 2107 868 2144 commutas.
915 2124 974 2132 —-

85 2158 198 2201 ΕΑΔ.
225 2157 323 2200 Put.
346 2155 449 2202 Ber.
465 2157 563 2200 Alc.
579 2156 720 2199 Rhen.
746 2175 844 2215 sqq.
869 2174 973 2201 cum

87 2214 187 2258 MS.
221 2211 376 2257 Guels.
410 2228 586 2268 graves
615 2215 953 2259 coniurationes
965 2232 979 2266 ,·

88 2272 187 2316 MS.
229 2269 358 2314 Bodl.
400 2286 672 2327 gravesque.
766 2273 834 2315 De
883 2273 977 2324 aliis

89 2329 225 2376 MSS.
254 2329 311 2371 ita
337 2336 510 2378 tacent,
550 2337 598 2371 ut
619 2329 849 2380 videantur
873 2345 978 2372 con-

88 2403 108 2429 s
142 2386 256 2429 irare
298 2385 346 2428 in
379 2384 552 2429 Puteol.
589 2386 868 2442 scripturam.
942 2387 980 2428 E

133 2442 215 2488 lor.
261 2442 465 2486 Heinsius
508 2442 777 2488 coniiciebat
814 2457 980 2496 graves

92 2502 386 2552 coniuratus,
429 2515 529 2543 rara
564 2500 639 2542 sed
678 2499 818 2557 proba
854 2516 980 2554 voce,

94 2565 142 2601 ut
166 2557 259 2616 ipse
283 2557 500 2600 adfirmat.
558 2557 622 2609 At
653 2556 838 2614 probius
866 2572 979 2608 con-2

93 2617 296 2665 iuratos,
339 2629 452 2671 quos
483 2613 698 2657 Milichus
729 2615 836 2656 dicit
863 2629 982 2669 gra-

98 2687 196 2723 ves,
255 2675 433 2728 βαρεῖς,
491 2667 694 2727 δεινούς,
755 2674 984 2728 mdclm'g,

95 2730 310 2785 wl'chlig‚
327 2730 390 2771 vut
413 2728 578 2780 indicet
603 2729 889 2788 gravissim-os
913 2731 981 2778 ci-

98 2786 246 2834 vitatis
279 2786 402 2832 viros
439 2787 764 2835 coniurationis
799 2787 981 2844 partici-

129 2859 172 2886 es
195 2850 454 2899 caveatque,
486 2859 541 2886 ne
602 2844 778 2901 rinceps
811 2859 905 2891 rem
940 2853 985 2886 ut

118 2915 244 2950 evem
277 2901 480 2957 accipiat.
588 2901 699 2944 )uod
735 2901 891 2953 attinet
931 2901 985 2950 ad

101 2956 346 3013 vulgatum,
372 2957 690 3014 profecto'non
711 2957 851 3011 video²
877 2958 983 3016 quid

101 3014 184 3058 sibi
214 3013 348 3056 velint
382 3015 752 3072 coniurationes;
794 3015 986 3060 sufficie-

99 3073 173 3121 bat
195 3071 567 3118 coniurationem
594 3071 698 3114 dici.

166 3129 614 3183 com'ectaverntque.
718 3128 800 3172 Ed.
865 3130 987 3187 Spir-

102 3185 271 3229 omittit
297 3200 399 3240 que.
456 3185 622 3236 Eadem
646 3200 772 3227 mox:
803 3190 990 3230 tabulas

102 3245 288 3295 saepius
309 3258 341 3283 a
362 3257 413 3293 se
443 3242 713 3294 testamengi
735 3251 819 3287 etc.

159 3305 296 3342 dono.
352 3298 800 3350 MS.Gue1f.d0m0.
866 3301 986 3345 ldem

105 3373 206 3404 mox
226 3367 323 3416 svp
353 3372 375 3399 a
397 3372 485 3400 sec.
509 3372 570 3398 m.
595 3372 678 3413 pro
704 3370 897 3411 semper.

162 3416 395 3465 struxisse
417 3420 461 3456 et
481 3414 625 3455 vitam
640 3429 887 3457 amoenam
907 3426 989 3459 ete.

106 3470 353 3514 §vescon-b.
375 3470 444 3514 ed.
470 3470 587 3538 Spir.
613 3471 864 3519 struxisse.
905 3474 991 3530 dis·

97 3529 271 3583 fideret
305 3529 432 3572 enim
465 3535 606 3570 mlum
635 3542 887 3572 amoenam
908 3539 990 3575 etc.

1045 2099 1387 2144 substantivum.

1105 2159 1300 2209 crimen,
1346 2164 1398 2198 ut
1425 2171 1527 2199 sese
1555 2157 1736 2210 pariter
1765 2159 1794 2199 ι’.
1831 2167 1874 2200 et
1902 2167 1935 2202 t.

1036 2215 1242 2272 faceret.
1320 2214 1395 2257 Sic
1420 2214 1521 2257 MS.
1550 2214 1655 2270 Agr.
1684 2214 1784 2257 edd.
1810 2214 1935 2259 Pich.
1992 2225 1993 2228 ’

1049 2289 1148 2330 sqq.
1182 2270 1298 2314 haud
1330 2270 1463 2314 dubie
1489 2289 1535 2314 ex
1561 2271 1825 2321 emendandi
1850 2282 1939 2316 stu·

1051 2332 1151 2374 dio:
1195 2330 1270 2371 sed
1305 2328 1452 2371 sanius
1486 2328 1591 2384 quid
1618 2328 1661 2370 in
1691 2329 1823 2371 MSS.
1848 2345 1939 2375 non

1052 2385 1286 2445 reperitur.
1348 2385 1588 2428 MS.Flor.
1618 2387 1732 2436 (test.
1756 2385 1940 2432 Pichen.

1053 2455 1095 2487 et
1123 2445 1208 2487 lav.
1223 2442 1450 2499 Gronov.)
1475 2441 1593 2486 crin'a
1610 2445 1653 2492 ·l;
1675 2444 1792 2485 sisse
1811 2447 1941 2498 pari·

1054 2512 1125 2545 ter
1175 2501 1375 2544 indicem
1429 2509 1472 2542 et
1528 2508 1694 2547 testem
1739 2500 1942 2555 faceret.

1054 2559 1184 2602 MSS.
1226 2557 1331 2614 Reg.
1365 2556 1502 2600 Corb.
1545 2558 1719 2605 crimen
1759 2559 1944 2606 iussisse

1050 2617 1235 2671 pariter
1258 2647 1267 2658 .
1285 2646 1295 2663 .,
1313 2647 1322 2657 .
1333 2615 1536 2669 faceret.
1596 2614 1699 2657 MS.
1721 2615 1835 2667 Bud.
1856 2633 1943 2674 pro

1058 2674 1251 2716 iussisse
1286 2672 1358 2717 dat
1391 2673 1585 2722 vixis-sm
1625 2672 1693 2716 ed.
1716 2672 1835 2731 Spir.
1865 2677 1944 2726 dij-r

1055 2731 1199 2783 misse.
1257 2729 1356 2771 MS.
1383 2729 1506 2781 Harl.
1530 2745 1702 2782 secan.
1727 2733 1772 2773 εἰ
1789 2745 1841 2772 se
1858 2749 1946 2787 μα.

1058 2791 1174 2831 riter
1196 2817 1208 2830 .
1224 2819 1232 2828 .
1250 2785 1470 2841 .faceret.
1541 2785 1676 2836 MSS.
1702 2786 1825 2830 Harl.
1854 2790 1873 2844 (
1889 2806 1943 2834 ιγ.

1057 2847 1138 2898 m.)
1173 2843 1301 2887 Bodl.
1338 2844 1417 2887 les.
1439 2841 1592 2886 Guelf.
1629 2843 1730 2886 edd.
1754 2843 1854 2888 Put.
1909 2848 1945 2892 l.

1057 2910 1098 2945 et
1113 2901 1167 2944 V.
1194 2901 1399 2943 Beroald.
1428 2902 1486 2954 (c.
1510 2900 1656 2944 silent.
1679 2901 1814 2958 vict.)
1842 2902 1946 2948 Alc.

1057 2959 1260 3002 Rhenan.
1307 2957 1413 3001 Ald.
1451 2957 1568 3016 Lips.
1606 2957 1738 3002 Grut.
1772 2961 1948 3013 crimem

1059 3019 1208 3066 visum
1223 3046 1236 3063 ‚
1266 3030 1315 3057 se
1332 3014 1517 3068 pariter
1539 3045 1575 3068 ..
1590 3048 1601 3069 .
1611 3016 1792 3071 facere.
1853 3017 1948 3072 Nee

1059 3073 1242 3119 defuere
1286 3073 1483 3118 virorum
1520 3071 1760 3116 doctorum
1798 3077 1946 3118 conie-

1062 3140 1231 3174 cturae.
1291 3129 1553 3173 Rhenanus:
1583 3133 1841 3186 adiungere
1863 3134 1946 3174 cri·

1060 3203 1167 3237 men
1195 3187 1389 3237 niaeum,
1416 3201 1466 3229 se
1482 3188 1665 3240 pariter
1765 3189 1946 3245 facere.

1061 3243 1257 3301 Lipsius:
1294 3244 1500 3291 criuu'm',
1535 3246 1663 3285 euius
1691 3258 1740 3287 se
1765 3249 1948 3300 pariter

1060 3338 1069 3353 ÷
1099 3334 1108 3343 .
1135 3334 1146 3344 .
1165 3302 1368 3358 faceret.
1460 3300 1711 3345 Acidalius:
1757 3304 1948 3355 crimen,

1059 3360 1188 3405 cuius
1219 3374 1265 3401 se
1291 3374 1338 3411 ρ,
1364 3389 1374 3399 .
1393 3389 1427 3401 ..
1438 3359 1638 3413 faceret.
1712 3360 1880 3404 Probat
1914 3362 1949 3405 l.

1064 3418 1139 3460 Fr.
1176 3415 1453 3467 Gronovius,
1501 3415 1668 3472 recepit
1703 3418 1952 3470 Broterius.

1063 3473 1296 3517 Heinsius:
1330 3475 1580 3526 adiungere
1602 3475 1648 3515 id
1669 3477 1857 3523 crimen,
1883 3478 1956 3518 cui

1065 3538 1149 3575 etc.
1219 3529 1538 3587 Kiesslingius:
1574 3531 1831 3588 adiungere
1861 3535 1949 3577 cri·-
