2164 3990
197 206 249 242 A.
267 205 320 241 U.
342 205 426 238 818.

198 248 314 285 Aac.
365 247 426 282 65.

571 206 746 269 LIB.
781 207 912 267 XV.
989 203 1194 268 CAP.
1220 206 1321 267 43.
1839 212 1964 270 377

283 334 505 396 XLIII.
549 334 826 410 Ceterum
847 337 1012 392 urbis
1035 343 1185 413 quae
1206 334 1418 394 domus
1438 349 1811 412 supererant,
1837 360 1961 410 non

111 436 179 482 ut
219 434 353 500 post
388 419 621 479 Gallica
666 420 940 478 incendia
980 422 1148 479 nulla
1185 422 1563 480 distinctione
1597 443 1706 480 nec
1744 424 1962 499 passim

114 517 365 578 erectae,
408 509 509 581 sed
544 506 825 563 dimensis
858 507 1126 564 vicorum
1152 507 1464 564 ordinibus
1489 518 1546 569 et
1570 507 1705 564 latis
1728 509 1961 566 ‘viarum

109 593 310 670 spatiis
351 589 726 667 cohibitaque
765 591 1168 648 aedificiorum
1210 593 1521 650 altitudine
1561 612 1627 649 ac
1661 595 1963 668 patefactis

108 679 260 736 areis
311 677 644 753 additisque
696 676 1052 751 porticibuS‚
1130 697 1281 753 quae
1324 678 1581 735 frontem
1631 677 1961 735 insularum

107 773 495 841 protegerent.
579 758 698 818 Eas
729 761 991 836 porticus
1015 760 1174 819 Nero
1210 782 1314 819 sua
1348 762 1599 838 pecunia
1636 774 1963 821 exstructu-

110 869 246 907 rum
267 858 658 923 purgatasque
685 867 848 904 areas
870 847 1132 903 dominis
1156 847 1514 905 traditurum
1533 847 1832 923 pollicitus
1858 860 1960 909 est.

106 934 337 991 addidit
360 933 621 1009 praemia
644 952 754 1008 pro
782 932 1063 1008 cuiusque
1090 933 1299 989 ordine
1324 945 1381 989 et
1403 933 1492 990 rei
1517 933 1825 991 familiaris
1860 952 1960 991 co-

104 1019 253 1095 piis,
295 1017 602 1094 finivitque
626 1029 889 1093 temPUS‚
933 1017 1090 1073 intra
1118 1018 1279 1094 quod
1309 1018 1528 1075 effectis
1553 1019 1829 1077 domibus
1860 1031 1962 1077 aut

107 1103 320 1161 insulis
347 1104 762 1179 apiscerentur.
847 1099 1079 1161 Ruderi
1101 1102 1442 1178 accipiendo
1460 1099 1764 1180 Ostienses
1785 1104 1960 1179 palu-

108 1192 210 1246 des
244 1189 604 1257 destinabat,
660 1188 864 1263 utique
904 1206 1109 1257 Πᾶνες,
1163 1208 1314 1264 quae
1349 1189 1715 1247 frumentum
1748 1186 1959 1247 Tiberi

106 1275 572 1342 subvectassent,
616 1282 861 1329 onustae
885 1272 1098 1329 rudere
1128 1274 1532 1331 decurrerent:
1578 1274 1957 1352 aedificiaque

159 1478 274 1522 CAP.
315 1477 388 1521 43.
445 1484 650 1519 ceterum
704 1476 833 1518 urbis
881 1491 1000 1532 quae
1072 1476 1213 1521 ebena
1246 1477 1464 1522 intactum
1503 1476 1728 1536 reliquere
1760 1481 1960 1524 cohibita

104 1539 274 1579 domus
298 1567 309 1578 .
326 1567 338 1578 .
357 1567 367 1579 .
382 1566 394 1578 .
418 1542 608 1576 erectae.
668 1532 745 1576 Sic
767 1533 871 1576 edd.
895 1534 999 1579 Put.
1070 1535 1184 1590 (sine
1207 1538 1313 1592 que>
1328 1569 1341 1586 ,
1379 1535 1503 1594 quod
1526 1545 1590 1579 est
1612 1538 1660 1579 in
1681 1536 1816 1581 MSS.
1840 1538 1957 1589 Bud.

104 1594 172 1636 M.
200 1601 245 1638 et
266 1593 321 1638 V.
341 1592 444 1635 Ber.
481 1593 539 1645 (c.
563 1591 710 1634 silent.
735 1590 995 1647 Viet.)A1c.
1068 1592 1194 1636 Harl.
1230 1593 1361 1636 J3od1.
1401 1596 1484 1638 Ies.
1518 1593 1670 1638 Guelf.
1715 1595 1817 1640 edd.
1853 1596 1957 1640 Put.

103 1646 247 1695 Rhen.
281 1667 301 1693 s
334 1666 379 1708 q.
449 1649 617 1691 Eadem
660 1656 764 1691 sunt
804 1647 852 1691 in
891 1649 994 1692 MS.
1067 1650 1134 1693 M.
1169 1658 1211 1693 et
1239 1651 1298 1693 V.
1327 1651 1430 1696 Ber.
1463 1650 1565 1695 Alc.
1596 1651 1744 1696 Rhen.
1776 1669 1874 1713 sqq.
1905 1655 1960 1698 ad

100 1708 215 1751 Bud.
232 1707 301 1750 ed.
348 1706 456 1765 pir.,
477 1706 560 1748 nisi
585 1706 706 1763 quod
728 1705 772 1748 hi
798 1705 899 1749 libri
923 1707 991 1748 fe·
1063 1706 1306 1765 Ryckium.

102 1773 209 1808 runt
253 1773 407 1808 erecta
451 1780 534 1822 pro
577 1771 771 1806 erectae.
855 1763 989 1807 MSS.
1121 1779 1202 1808 eas
1234 1768 1446 1821 portscus
1482 1767 1626 1813 Nero.
1706 1766 1784 1813 Sic
1819 1769 1957 1814 MSS.

101 1822 233 1867 Bodl.
274 1823 357 1866 les.
399 1821 525 1864 Harl.
569 1820 720 1864 Guelf.
762 1819 882 1864 Bud.
926 1822 991 1877 (in
1064 1822 1189 1866 Flor.
1240 1824 1355 1879 (test.
1404 1823 1496 1867 Iac.
1536 1823 1793 1881 Gronovio)
1838 1826 1958 1872 Bud.

1066 1879 1217 1923 Guelf.
1253 1881 1365 1926 edd:
1383 1881 1485 1924 Put.
1510 1881 1580 1925 M.
1608 1889 1651 1926 et
1673 1883 1731 1926 V.
1757 1883 1860 1927 Ber.
1896 1886 1954 1940 (c.

1064 1938 1133 1981 sil.
1159 1937 1300 1994 Vict.)
1323 1938 1424 1981 Alc.
1445 1938 1590 1983 Rhen.
1614 1948 1658 1983 et
1684 1939 1788 1983 dein
1808 1941 1849 1984 R
1869 1941 1955 1986 ‘clu

1061 2010 1161 2052 sqq.
1207 2018 1266 2028 -—
1331 1996 1459 2038 Nero
1498 2010 1579 2039 eas
1607 1999 1815 2052 porticus
1905 1999 1954 2044 S.
1991 2016 1993 2020 ·

1061 2052 1171 2108 Agr.
1199 2052 1268 2097 ed.
1291 2053 1409 2111 Spir.
1439 2082 1497 2089 —
1544 2069 1728 2110 ⁴easque
1746 2058 1955 2110 porticus

1059 2109 1189 2152 Nero
1244 2110 1348 2153 edd.
1404 2110 1523 2169 Lips.
1571 2111 1709 2155 Pioh.
1749 2128 1852 2171 sqq.
1899 2115 1955 2158 ad

99 1896 239 1938 marg.
263 1896 287 1924 a
309 1895 397 1924 sec.
414 1881 495 1935 m.)
517 1893 637 1935 quae
657 1881 883 1920 domuum
900 1909 910 1919 .
927 1911 938 1921 .
956 1910 988 1922 .-

99 1946 279 1990 erecta,
308 1936 374 1980 uti
401 1935 847 2002 edidere-Bipontini.
903 1936 992 1980 Sed

95 1992 653 2096 32¹1¹ZZ1¹12¹12⁰4112353¹2⁰B¹1¹¹S
677 1993 988 2108 ᾗεζῗὸῥξίἳῖἑ

95 2111 248 2154 iissent
317 2109 483 2152 domui
550 2118 680 2164 atque
714 2116 986 2174 'praeeunte

93 2166 270 2227 Ryckio
301 2165 566 2215 edidissent,
607 2163 792 2221 plurimi
822 2181 985 2207 recen-

94 2225 265 2268 tiorum
297 2223 523 2267 editorum
554 2222 653 2264 illos
681 2221 840 2265 imitati
865 2230 984 2265 sunt.

98 2281 243 2326 Valde
274 2289 423 2324 tamen
450 2280 505 2323 de
531 2278 632 2323 MS.
657 2279 783 2322 Flor.
809 2279 997 2332 dubito;

96 2356 202 2383 nam
222 2337 384 2380 domui
402 2337 437 2380 si
456 2336 516 2379 ibi
544 2345 679 2385 esset,
710 2352 814 2378 non»
828 2336 988 2379 tacuis-

95 2405 193 2442 sent
207 2394 398 2439 Piehena
421 2403 463 2437 et
475 2393 719 2437 Victorius.
778 2392 990 2436 Ceterum

96 2454 198 2499 satis
241 2453 387 2495 ieiuna
433 2451 541 2494 mihi
583 2451 760 2496 videtur
805 2466 898 2493 esse
941 2467 990 2493 ea

95 2511 332 2568 scrip-tura.
393 2509 569 2552 Verba:
611 2508 735 2551 urbis
759 2522 878 2565 quae
901 2512 990 2549 do—

95 2582 202 2614 mus
244 2573 526 2623 supererant
569 2565 685 2611 dicta
728 2574 832 2609 sunt
876 2581 988 2623 pro:

96 2624 258 2670 domus
303 2625 427 2668 urbis
467 2639 580 2681 quae
625 2631 884 2682 supererant
924 2640 985 2667 sc.

94 2692 270 2742 praeter
291 2681 485 2725 Neronis
514 2681 605 2736 (die
633 2682 820 2735 iibrigen
843 2681 986 2722 Ha'u-

91 2754 174 2787 (νυν
210 2743 296 2785 der
326 2738 500 2794 Stude).
580 2737 654 2781 Nil
694 2737 832 2796 igitur
874 2754 986 2796 opus

97 2805 161 2841 est
186 2796 494 2841 emendatione
518 2796 676 2854 Lipsii=
706 2811 823 2852 quae
840 2797 986 2850 perie-

93 2851 222 2897 rmit.
284 2852 571 2897 Vocabulum
595 2855 719 2898 urbis
744 2855 987 2914 praeponi-

96 2919 194 2962 tur,
233 2910 334 2979 quia
368 2919 470 2954 ante
490 2910 658 2956 dietum
682 2920 747 2954 est
770 2911 822 2953 de
845 2911 985 2954 domo

91 2967 313 3019 Neronis,
341 2968 412 3013 cui
437 2982 561 3011 nunc
584 2975 876 3026 opponuntur
903 2985 983 3012 ur-

92 3024 163 3069 bis
201 3025 373 3070 domus.
440 3023 632 3082 Reperio
665 3025 983 3084 Kiesslingium

93 3081 227 3140 plane
277 3097 455 3126 mecum
505 3083 874 3127 consentientem.
926 3111 985 3120 --

96 3139 272 3196 Quodsi
299 3138 424 3183 malis
456 3146 637 3187 erecta,
677 3139 830 3199 accipe
862 3155 983 3197 quae

94 3213 179 3257 pro
224 3195 386 3256 plurali
429 3196 630 3241 neutrius
679 3197 852 3255 generis
894 3215 983 3240 nu-

97 3270 248 3300 mero:
295 3270 389 3297 non
420 3253 538 3296 enim
579 3270 601 3296 a
629 3253 772 3296 Taciti
805 3255 981 3299 dicendi

94 3313 270 3356 ratione
293 3310 526 3360 abhorret,
563 3318 611 3354 ut
634 3311 798 3356 scribat
817 3326 874 3355 ea
895 3317 979 3356 do-

97 3384 256 3411 muum
276 3384 407 3426 quae.

151 3428 455 3482 cohibitaque.
544 3426 620 3471 Sic
670 3427 810 3472 MSS.
858 3429 980 3472 Flor.

96 3483 211 3534 (test.
247 3482 282 3527 I.
307 3482 562 3537 Gronovio)
589 3484 699 3542 Agr.
736 3486 836 3529 edd.
861 3486 978 3546 spir.

99 3538 242 3597 Ryck.
265 3556 362 3599 sqq.
428 3541 653 3586 Victorius
680 3552 825 3586 tamen
852 3551 892 3587 et
916 3543 983 3586 Pi-

1058 2166 1300 2224 Ryc'kium.
1358 2168 1471 2211 Mox
1498 2169 1662 2215 verba:
1695 2178 1956 2226 purgatas-

1062 2238 1148 2279 que
1205 2240 1347 2268 areas
1401 2226 1606 2270 dominis
1670 2230 1957 2272 traditurum

1060 2297 1153 2324 non
1174 2291 1388 2341 apparent
1410 2283 1456 2325 in
1481 2283 1551 2326 ed.
1575 2284 1696 2342 Spir.
1935 2307 1939 2310 ·

1118 2340 1456 2394 apiscerentur.
1549 2341 1626 2384 Sic
1673 2341 1776 2384 MS.
1826 2342 1953 2389 Flor.

1063 2395 1177 2449 (test.
1221 2397 1426 2440 Victorio
1474 2414 1514 2442 c.
1559 2398 1649 2443 lac.
1695 2397 1956 2458 Gronovio)

1062 2453 1167 2497 edd.
1191 2453 1334 2513 Ryek.
1359 2456 1446 2497 lac.
1471 2455 1675 2499 Gronov.
1737 2457 1798 2500 cf.
1819 2457 1860 2510 3,
1881 2459 1953 2504 27.

1061 2509 1133 2552 31.
1175 2511 1217 2563 4,
1249 2513 1289 2554 1.
1320 2512 1387 2554 16.
1425 2513 1493 2555 59.
1533 2513 1574 2564 6,
1601 2511 1644 2557 3.
1675 2514 1749 2557 20.
1778 2515 1835 2557 45
1866 2524 1953 2562 etc.

1060 2568 1209 2626 Vulgo
1243 2569 1633 2624 adipiscerentur,
1673 2570 1795 2628 quod
1820 2572 1955 2617 estin

1060 2634 1167 2671 vett.
1191 2626 1360 2682 edd2et
1383 2624 1483 2684 MS.
1511 2626 1663 2671 Guelf.

1117 2685 1272 2740 utique
1313 2699 1472 2729 naves.
1541 2684 1618 2729 Sic
1654 2684 1790 2730 MSS.
1826 2687 1960 2732 Flor.

1059 2743 1174 2793 (test.
1211 2741 1298 2784 lac.
1331 2741 1587 2799 Gronovio)
1618 2740 1780 2787 'Guelfi
1815 2744 1949 2789 Bodl-

1058 2798 1157 2840 edd.
1179 2799 1296 2856 Spir.
1321 2799 1424 2841 Put.
1447 2799 1514 2842 M.
1541 2809 1583 2843 et
1597 2800 1652 2844 V.
1676 2801 1776 2845 Ber.
1799 2803 1860 2859 (c.
1881 2803 1952 2846 sil.

1059 2855 1201 2913 vict.)
1241 2856 1343 2900 Alc.
1389 2865 1432 2899 et
1471 2856 1575 2899 dein
1609 2857 1702 2901 Iac.
1740 2858 1949 2906 Gronov.

1058 2928 1156 2969 sqq.
1187 2942 1245 2950 —-
1301 2922 1439 2970 utque
1469 2929 1618 2958 naves
1649 2915 1783 2961 MSS.
1813 2917 1949 2961 Bodl.
1994 2911 1995 2915 ¹

1057 2970 1125 3024 (ex
1151 2971 1482 3027 emendatione)
1508 2972 1624 3028 Bud.
1655 2981 1697 3016 et
1715 2974 1821 3018 inde
1843 2973 1946 3018 edd.

1054 3028 1200 3075 Rhen.
1223 3042 1322 3087 sqq.
1344 3028 1396 3071 ad
1419 3029 1666 3073 lac.›Gron.
1727 3031 1779 3074 In
1794 3032 1946 3075 Kiess-

1055 3084 1182 3143 lingii
1207 3095 1359 3129 notam
1396 3085 1502 3128 huie
1526 3088 1631 3131 loco
1656 3087 1850 3132 additam
1871 3105 1947 3132 er-

1055 3158 1134 3185 ror
1160 3144 1377 3201 inrepsit.
1448 3144 1535 3186 Uti
1561 3161 1646 3202 pro
1682 3153 1731 3187 ut
1765 3146 1947 3202 inveni-

1055 3216 1156 3243 mus
1183 3202 1314 3244 etiam
1343 3204 1383 3249 1,
1401 3200 1443 3244 8.

1110 3261 1469 3301 subvectassent.
1548 3259 1623 3302 Sic
1662 3259 1797 3303 MSS.
1830 3260 1944 3306 Bud.

1056 3315 1208 3358 Guelf.
1235 3316 1345 3374 Agr.
1370 3314 1495 3363 Harl.
1530 3317 1660 3360 Bodl.
1688 3318 1771 3362 les.
1803 3319 1942 3364 Corb.

1058 3373 1156 3415 edd.
1184 3373 1326 3416 Rhen.
1363 3388 1460 3431 sqq.
1502 3402 1559 3409 -
1615 3376 1835 3418 subvecta
1866 3392 1943 3421 es-

1055 3437 1160 3473 sent
1190 3430 1291 3473 MS.
1316 3430 1452 3473 Flor.
1473 3433 1592 3486 (test.
1628 3431 1720 3476 lac.
1754 3432 1943 3477 Grono-

1059 3489 1172 3543 vius)
1194 3488 1263 3530 ed.
1290 3488 1408 3544 Spir.
1434 3510 1438 3517 ν
1478 3487 1706 3533 Victus-ius
1729 3491 1940 3537 intactam

1057 3544 1235 3602 reliquit
1279 3546 1550 3603 scripturam·
1581 3543 1819 3591 subvectae
1867 3565 1943 3592 es,
