2164 3990
218 228 338 288 104

877 207 1396 286 ANNALIUM

1681 199 1685 209 ’
1757 210 1986 302 2:318*ng

191 364 193 366 ’
214 374 390 428 „sors
412 372 573 426 mea,
614 361 683 414 ut
703 351 857 412 mihi
879 353 1185 424 informis,
1205 353 1308 413 ‘sic
1329 352 1442 413 tibi
1463 350 1770 428 magnifica
1795 367 1907 416 est.
1957 353 2076 414 -h‘a-'J

215 441 368 513 „b‘ui
403 460 612 518 equos,
653 435 846 511 'vil-05,
890 447 1078 508 arma.
1122 459 1278 515 opes,
1375 438 1519 516 quid
1555 439 1804 511 mirum,
1846 442 1898 497 si
1929 437 2074 499 haec

215 527 485 598 „invitus
519 526 727 583 amisi?
791 545 930 581 nam
954 523 1014 579 -si
1046 544 1152 580 vos
1183 523 1468 582 omnibus
1502 524 1839 599 imperitare
1875 527 2074 598 vulti-S,

223 613 566 690 „sequitur‚
621 623 690 669 ut
728 629 931 668 omnes
968 609 1309 667 servitutem
1350 610 1676 685 accipiant?

218 696 498 769 „deditus
519 699 808 764 traderer,
851 713 1043 771 neque
1067 714 1197 750 mea
1218 695 1483 764 fortuna,
1524 715 1715 772 neque
1751 705 1851 752 tua
1887 696 2074 770 gloria
2156 735 2157 739 κ

219 782 649 853 ‚‚inclaruisset.
728 791 783 836 et
811 778 1170 854 supplicium
1201 778 1320 835 mei
1354 780 1576 837 oblivio
1609 792 1974 857 sequeretur:
2018 792 2076 839 at

220 868 323 939 „si
360 868 715 924 incolumem
754 864 1109 933 servaveriS,
1153 862 1457 920 aeternum
1491 866 1783 940 exemplar
1816 866 2079 922 clemen-

220 997 254 1023 „
266 952 382 1009 tiae
410 973 528 1011 ero,
543 950 570 970 ”

222 1037 503 1097 fratribus
538 1035 766 1095 tribuit.

226 1268 409 1314 foedere
430 1266 550 1326 pacis
580 1267 710 1311 illum
737 1265 974 1326 acciperet.
1034 1265 1120 1308 Ve-

227 1343 332 1371 rum
367 1327 441 1382 qui
477 1325 694 1383 scripsere
731 1327 1006 1379 dedignatus
1046 1339 1118 1366 es·-

228 1399 356 1434 sem,
386 1383 432 1428 id
454 1383 641 1426 verbum
667 1381 835 1440 passive
856 1389 1120 1440 posuerunt.

232 1441 444 1486 Ceterum
466 1455 560 1485 non
584 1441 765 1489 tacebo,
797 1438 1052 1488 Victorium
1075 1439 1123 1480 in

232 1515 315 1544 suo
367 1497 603 1555 exemplari
641 1495 851 1540 ‘Beroalct
902 1497 1124 1540 intactum

230 1555 464 1615 reliquisse
510 1571 701 1610 pacem,
758 1570 900 1612 quum
949 1554 1125 1610 reliqua

234 1615 502 1671 corrigerem
539 1622 583 1656 et
605 1612 690 1657 nisi
713 1611 845 1655 fallor
867 1627 915 1653 ea
942 1610 1127 1653 demum

235 1687 341 1716 vera
354 1671 509 1728 script.
524 1678 602 1721 est,
627 1684 739 1727 quae
753 1667 819 1712 sic
839 1667 1010 1711 oritur:
1041 1682 1128 1709 ne-

235 1743 321 1786 que
352 1729 632 1782 dedignatus
654 1740 774 1770 esses
796 1741 834 1769 c.
861 1742 923 1767 m.
953 1733 1128 1772 ortum,

230 1802 279 1842 p.
311 1801 354 1840 g.
384 1785 758 1840 imperitantem,
801 1783 1001 1839 foedere
1040 1799 1127 1837 ρα-

237 1859 337 1886 cem
361 1844 585 1897 acczpere,
618 1840 851 1884 intellecto
883 1837 994 1889 ὥςτε
1028 1848 1130 1884 ante

222 1901 416 1958 foedere
437 1915 606 1954 pacem
629 1900 854 1952 accipere,
896 1907 945 1940 ut
977 1898 1130 1940 eadem

235 1958 292 2004 sit
325 1965 573 2007 structura,
614 1972 748 2013 quam
775 1954 964 1998 vidimus
994 1957 1060 2006 11,
1087 1957 1128 1997 1.

237 2029 337 2058 non
380 2015 655 2057 extimuisse
691 2012 962 2054 concionem
1002 2027 1048 2062 p.
1087 2026 1128 2054 r.

226 2073 388 2132 fateri
424 2080 510 2115 etc.
585 2069 644 2113 cf.
680 2069 742 2112 ibi
779 2077 878 2111 not.
977 2069 1129 2124 Quam

237 2137 510 2174 structuram
554 2128 630 2189 qui
672 2142 768 2170 non
821 2126 1132 2184 intelligerent,

237 2188 389 2290 ligeum
413 2185 713 2233 constituere,
743 2183 807 2227 uti
830 2194 895 2228 est
920 2184 976 2227 in.
991 2183 1131 2226 MSS.

285 2244 367 2288 arl.
393 2251 479 2291 etc.

297 2341 410 2373 nam
440 2327 486 2372 si
513 2342 596 2370 vos
625 2333 712 2371 etc.
783 2324 861 2370 Sic
897 2324 1000 2369 libri
1029 2331 1134 2368 vett.

243 2402 403 2430 omnes
438 2393 615 2444 praeter
646 2384 748 2428 MS.
778 2384 913 2442 Agr„
958 2399 1009 2425 ex
1040 2396 1132 2440 quo

241 2441 442 2502 Ryckius
475 2458 573 2510 sqq.
615 2442 801 2485 dedere:
852 2454 946 2483 non
979 2440 1026 2482 si
1057 2453 1134 2482 vos

243 2510 331 2547 etc.
403 2501 579 2557 Lipsius
599 2500 800 2543 volebat:
843 2501 974 2542 Num
994 2498 1035 2540 si
1055 2510 1134 2538 vos

243 2587 311 2606 ,μ
335 2559 599 2612 accipiant?
655 2556 742 2600 Sed
776 2558 893 2601 bona
918 2563 982 2599 est
1007 2562 1134 2599 vetus

242 2615 479 2673 scriptura.
541 2614 665 2658 Idem
691 2615 807 2657 enim
843 2612 916 2656 hic
949 2611 1135 2670 ponitur

242 2671 608 2730 interrogationis
651 2687 815 2730 genus,
867 2670 987 2729 quod
1025 2668 1135 2713 vidi-

244 2746 346 2774 mus
378 2731 420 2783 2,
457 2732 526 2774 15.
567 2733 700 2772 aliud
750 2729 843 2772 sibi
883 2729 1134 2783 reliquum·

198 2816 203 2818 -
245 2787 305 2832 cf.
350 2787 413 2831 ibi
451 2796 550 2831 not.
642 2786 937 2829 Germanice:
998 2784 1138 2826 Denn

245 2860 388 2891 wenn
437 2847 512 2889 ihr
559 2846 688 2887 allen
739 2844 944 2897 gebieten
997 2842 1140 2889 wollt,

234 2904 365 2962 solgt
385 2905 534 2953 wohl,
575 2901 684 2958 dass·
711 2905 805 2943 alle
833 2902 907 2942 die
932 2899 1140 2941 Knecht-

246 2962 396 3018 sebast
435 2961 696 3002 annehmen
735 2960 922 3000 wollen.
1014 2953 1139 2997 Cete-

247 3035 353 3061 rum
385 3034 468 3076 pro
497 3017 706 3073 sequitur
738 3013 840 3057 MS.
871 3016 980 3070 Agr.
1010 3011 1143 3054 habet

248 3084 476 3134 sequetur,
508 3084 558 3119 ut
582 3074 761 3120 volebat
781 3071 969 3132 Lipsius.
1031 3069 1143 3112 Fru-

255 3142 359 3176 stra.

314 3219 544 3259 traderer.
606 3216 756 3258 Miror
778 3209 1033 3256 Ernestium
1058 3208 1147 3251 hoc

189 3305 193 3314 ,
255 3280 430 3329 tempus
472 3273 691 3317 intactum
732 3271 976 3329 reliquisse.
1057 3265 1145 3309 Sed

255 3331 369 3374 bene
400 3346 445 3372 se
474 3329 617 3374 habet.
679 3329 791 3372 Nam
827 3329 1040 3369 traderer
1072 3338 1145 3366 au-

257 3394 356 3431 ctor
389 3385 565 3438 scribit,
618 3403 714 3430 non
754 3386 956 3428 traditus
989 3395 1147 3427 essem,

292 3443 473 3487 uoniam
499 3442 543 3484 in
565 3443 653 3486 hoc
678 3444 821 3488 verbo
852 3457 944 3485 non
983 3438 1150 3496 cogitat

291 3517 315 3544 e
340 3508 465 3560 certo
498 3509 734 3543 momento
762 3497 994 3546 tradendi,
1025 3494 1149 3553 quod

263 3555 503 3619 aliquando
528 3556 636 3606 fuit,
672 3558 748 3602 sed
778 3571 875 3601 rem
909 3554 1016 3599 dicit
1047 3559 1096 3596 ut
1126 3566 1149 3593 e

653 947 753 1007 Ad
786 970 851 1007 ea
868 946 1086 1006 'Caesar
1123 948 1358 1005 veniam
1392 948 1620 1024 ipsique
1661 962 1718 1008 et
1753 951 1987 1024 coniugi
2022 962 2080 1008 et

851 1046 1025 1112 atque
1055 1034 1149 1091 illi
1171 1034 1384 1091 vinclis
1408 1033 1663 1091 absoluti
1689 1029 2079 1112 Agrippinam

1192 1282 1316 1310 mera
1341 1263 1615 1325 cogitatione
1638 1262 1927 1334 pendentem.
1972 1262 2084 1308 Ger-

1191 1323 1394 1367 manice:
1443 1323 1519 1366 W
1515 1336 1606 1364 erm
1636 1323 1706 1364 ach
1731 1323 1934 1375 sogleich
1963 1323 2087 1364 mich

1185 1382 1423 1434 *ergebend
1474 1380 1742 1436 iiberh‘efert
1791 1382 1957 1421 wurde
1996 1388 2084 1423 etc.

1195 1438 1409 1483 Ceterum
1443 1437 1546 1482 MS.
1577 1435 1729 1481 Guelf.
1761 1435 1891 1480 habet
1924 1439 2085 1480 trade-

1195 1510 1342 1539 ῙὊΓΒΓ.

1253 1599 1540 1648 sequeretur.
1629 1590 1740 1634 Post
1795 1591 2088 1634 inclaruisset

1197 1648 1429 1693 Bekkerus
1481 1649 1596 1691 bene
1653 1649 1852 1706 reposuit
1908 1649 2086 1707 plenam

1201 1706 1564 1757 distinctionem,
1613 1720 1727 1763 quae
1764 1704 1950 1763 -pridem
1981 1704 2090 1748 'erat

1199 1766 1248 1808 in
1282 1772 1386 1806 vett.
1426 1764 1528 1806 edd.
1605 1762 1691 1807 Sed
1721 1776 1812 1805 non
1845 1762 2030 1805 debebat
2064 1777 2088 1805 e

1201 1822 1401 1866 Rhenani
1420 1820 1679 1864 coniectura
1701 1827 1973 1876 sequeretur
1992 1835 2090 1863 mu·

1201 1890 1295 1924 tare
1320 1879 1366 1922 in
1390 1886 1621 1933 sequetur.
1681 1877 1794 1921 Nam
1823 1886 2092 1933 sequeretur

1201 1945 1320 1980 recte
1355 1936 1538 1994 ponitur
1570 1934 1618 1976 in
1647 1933 1867 1993 optativo,
1911 1935 2017 1991 quia
2036 1933 2091 1981 C.

1203 1994 1256 2037 de
1280 1992 1502 2051 supplicio
1529 1993 1727 2050 loquitur
1746 1999 1796 2034 ut
1819 1992 1872 2034 de
1891 2008 1954 2040 re,
1980 2006 2093 2049 quae

1203 2051 1298 2094 fieri
1343 2049 1525 2108 quidem
1578 2063 1706 2107 posse
1752 2048 1836 2091 sibi
1880 2049 2094 2100 videatur,

1203 2117 1338 2166 quam
1376 2122 1486 2151 vero
1524 2105 1693 2150 factum
1737 2105 1793 2148 iri
1836 2120 1927 2148 non
1969 2114 2092 2149 certo

1202 2166 1422 2210 adfirmet.
1463 2163 1759 2207 Germanice:
1782 2162 1965 2205 Meiner
1976 2163 2096 2205 Hin-

1204 2226 1415 2276 richtung
1436 2224 1597 2263 warde
1623 2221 1674 2262 V
1667 2221 1978 2274 ergessenheic
1999 2220 2095 2276 sol-

1203 2295 1304 2336 gen.
1365 2280 1420 2322 H.
1451 2295 1490 2321 e.
1526 2278 1562 2321 si
1592 2278 1814 2336 supplicio
1841 2293 1914 2320 me
1937 2277 2095 2320 adfice·

1204 2354 1299 2390 res,
1338 2335 1508 2380 oblivio
1538 2343 1815 2393 sequeretur.
1901 2334 1959 2376 At
1990 2348 2094 2377 cum

1205 2396 1368 2438 fiducia
1403 2394 1593 2452 quadam
1633 2393 1799 2451 pergit:
1848 2392 1892 2434 si
1921 2393 2095 2434 meola-

1205 2469 1333 2495 mem
1356 2482 1393 2496 ..
1412 2483 1422 2494 .
1449 2465 1553 2502 ero,
1598 2459 1649 2493 ut
1674 2449 1727 2492 de
1757 2465 1806 2493 re
1838 2449 1940 2491 satis
1973 2457 2096 2493 certa

1206 2510 1351 2555 addita
1375 2509 1544 2554 scilicet
1567 2507 1851 2551 conditione:
1883 2508 1952 2548 si.
1968 2537 1979 2548 .
2002 2520 2096 2549 ser·

1207 2568 1407 2610 voveris.
1465 2565 1577 2607 Mox
1609 2565 1713 2609 MS.
1747 2562 1897 2607 Guelf.
1937 2563 2098 2606 eodem

1207 2626 1338 2676 vitio,
1396 2623 1517 2680 quod
1565 2637 1698 2679 supra
1743 2621 1962 2669 vidimus,
2016 2636 2098 2680 pro

1206 2690 1450 2725 aeternum
1475 2679 1549 2722 dat
1571 2686 1725 2722 certae
1748 2693 1860 2721 non.

1267 2777 1445 2820 vinclis.
1505 2775 1588 2819 Ed.
1608 2774 1726 2833 Spir.
1750 2775 1962 2826 vinculis,
1992 2790 2100 2820 con·

1210 2843 1278 2879 tra
1302 2834 1446 2877 Taciti
1472 2849 1668 2877 morem.

1268 2917 1491 2961 absoluti.
1526 2967 1530 2972 ⁴
1552 2916 1628 2960 Sic
1647 2915 1784 2960 MSS.
1809 2922 1850 2959 et
1873 2915 1973 2958 edd.
2000 2923 2102 2959 vett.

1211 3005 1270 3016 ...-
1286 2976 1493 3018 exsoluti
1509 2974 1778 3018 recentiores
1800 2973 1905 3016 inde
1930 2971 2101 3031 aLipsii

1213 3033 1372 3093 prima.
1450 3031 1629 3076 Scilicet
1668 3032 1909 3075 exsolvere
1946 3030 2102 3073 vinclis

1214 3090 1373 3134 melius
1413 3088 1660 3133 convenire
1701 3087 1933 3131 videbatur
1968 3102 2101 3146 quam

1217 3149 1469 3191 absolvere.
1529 3146 1589 3189 At
1623 3145 1780 3187 vinclis
1810 3145 2004 3187 absoluti
2030 3143 2104 3188 hic

1218 3221 1310 3249 non
1341 3212 1444 3247 sunt
1470 3211 1645 3247 tantum
1671 3200 1974 3250 intellinendi‚
2008 3199 2103 3259 qui·

1218 3264 1300 3306 bus
1326 3260 1474 3305 vincla
1498 3260 1693 3304 exsoluta
1724 3266 1766 3302 et
1794 3239 1990 3307 ademta,
2027 3257 2103 3301 sed

1218 3321 1366 3376 potius
1397 3317 1557 3376 quibus
1585 3317 1762 3360 ademto
1788 3314 1943 3360 vinclo
1975 3314 2105 3358 liber·

1218 3386 1282 3420 tas
1307 3386 1371 3418 est
1391 3375 1562 3419 reddita
1588 3378 1696 3430 (uon
1713 3373 1918 3416 Banden
1944 3372 2106 3428 bqfreit

1220 3431 1746 3489 undfreigesprochen)‚
1776 3439 1822 3472 ut
1845 3445 1985 3489 porro
2013 3444 2107 3479 non

1221 3491 1495 3535 vinciantur.
1570 3488 1738 3533 Contra
1771 3487 1933 3530 vinclis
1959 3502 2103 3531 exso-

1223 3551 1345 3592 lutus
1377 3546 1563 3607 intelligi
1598 3553 1765 3606 potest,
1805 3544 1880 3605 qui
1914 3545 1968 3591 ad
1998 3552 2104 3590 tem-

1761 609 1829 668 Si
1879 613 2076 668 statim
2143 614 2157 646 ³
