2164 3990
1747 288 1802 370 5.-
1821 288 1879 371 13:
1898 282 1986 370 ’Ἢ
2016 331 2018 335 ·

218 281 300 358 64
882 289 1404 354 ANNALIUM

219 437 385 488 tanto
422 423 802 482 matrimonio
845 434 1155 483 ostentare.
1240 424 1342 480 sed
1378 423 1631 480 maxime
1667 401 2074 501 ambigebatur
2132 489 2145 500 ,

221 515 379 570 inter
415 510 675 570 Lolliam
712 508 1050 566 Paullinam
1086 505 1175 568 M.
1208 507 1395 566 Lollii
1433 509 1760 577 consularis
1795 511 1977 569 filia-m
2018 523 2075 569 et

220 598 433 656 Iuliam
480 591 873 671 Agrippinam
921 590 1277 650 Germanico
1330 594 1611 668 genitam:
1678 591 1819 654 huic
1862 595 2076 667 Pallas,

218 683 312 740 illi
335 680 614 739 Callistus
648 681 904 736 fautores
937 678 1197 737 aderant.
1283 691 1344 738 at
1366 674 1537 736 Aelia
1561 678 1770 738 Petina
1798 700 1829 736 e
1851 682 2077 739 familia

219 768 614 827 Tuberonum
632 763 904 822 Narcisso
930 763 1258 823 fovebatur.
1344 764 1467 840 ipse
1500 760 1617 822 huc
1646 767 1856 837 modo,
1896 768 2077 830 modo

219 855 382 923 illuc,
415 862 485 910 ut
507 868 796 928 quemque
821 849 959 904 suad
970 849 1194 904 entium
1219 849 1500 933 audierat,
1523 863 1830 928 promptus
1854 842 2085 908 discor--

140 973 147 979 ·
224 941 428 996 dantes
453 937 519 992 in
544 934 860 992 consilium
882 945 1052 991 vocat
1077 955 1141 991 ac
1166 954 1436 1010 promere
1465 932 1814 994 sententiam
1844 944 1900 994 et
1926 937 2079 994 adii-

155 1020 161 1027 *
223 1044 352 1082 cere
378 1022 634 1080 rationes
661 1020 840 1078 iubet.
1782 1070 1785 1074 ,

228 1158 246 1171 s
330 1130 336 1131 ⁷
393 1104 473 1167 II.
525 1104 834 1162 Narcissus
867 1117 1034 1162 vetus
1069 1104 1549 1175 matrimonium,
1592 1106 1880 1163 familiam
1917 1126 2079 1163 com-

222 1213 467 1253 munem
504 1188 670 1269 (nam
695 1184 959 1247 Antonia
991 1211 1056 1246 ex
1081 1187 1290 1246 Petina
1320 1188 1501 1271 erat),
1553 1186 1709 1246 nibil
1748 1191 1814 1247 in
1848 1191 2082 1266 penati-

221 1282 335 1337 bus
384 1277 506 1334 eius
553 1295 779 1332 novum
823 1276 1176 1346 disserebat,
1251 1276 1300 1331 si
1352 1287 1512 1332 sueta
1559 1275 1819 1333 coniunx
1862 1275 2084 1333 rediret

222 1362 682 1439 haudquaquam
714 1361 1127 1418 novercalibus
1163 1361 1316 1417 odiis
1347 1361 1545 1417 visura
1576 1358 1991 1418 Britannicum
2027 1373 2085 1419 et

224 1446 565 1517 Octaviam,
605 1446 875 1524 proxima
901 1446 1023 1505 suis
1046 1446 1313 1524 pignora.
1384 1444 1662 1504 Callistus
1690 1446 2084 1523 improbatam

223 1616 444 1670 dignam,
495 1611 723 1656 intellecto
767 1626 846 1664 se;
899 1611 970 1655 alii
1020 1627 1124 1656 eum

223 1674 406 1717 Broter.
420 1669 606 1713 Lallem.
625 1668 785 1713 Oberl.
807 1673 971 1726 digna,
1002 1669 1125 1727 quod

226 1727 516 1779 commodius
537 1735 615 1771 est.
672 1726 760 1770 Sed
782 1728 870 1770 iam
892 1727 1013 1770 aliud
1034 1728 1124 1769 ani-

223 1785 594 1832 madvertendum
619 1794 834 1841 superest.
898 1784 1125 1828 Victorius

225 1853 413 1891 testatur
442 1844 488 1885 in
516 1841 619 1885 MS.
650 1841 774 1884 Flor.
809 1842 896 1899 legi
928 1850 1121 1885 conten-

227 1907 356 1946 deret
402 1910 446 1943 et
486 1906 768 1948 ostentaret,
821 1916 932 1957 quae
973 1899 1123 1942 forma

229 1957 434 2027 (optativ.
458 1955 758 2013 Graecorum)
793 1957 1018 2015 eleganter
1043 1972 1116 1998 ex·
1146 1990 1148 1992 .

260 2023 409 2067 rmut,
438 2014 484 2058 id
507 2014 669 2071 cuique
693 2013 965 2057 feminarum
986 2014 1123 2056 fuisse

226 2092 275 2119 m
307 2073 425 2119 votis
463 2073 590 2127 (jede
618 2073 749 2113 hatte
777 2086 925 2125 gern,
963 2074 1123 2113 wollte

226 2146 341 2189 gern
371 2131 494 2187 etc.).
557 2128 614 2171 cf.
646 2127 744 2172 Cic.
778 2128 894 2172 Phil.
922 2130 961 2187 5,Δ
984 2129 1026 2171 7.
1059 2131 1124 2171 At

227 2193 307 2234 ille
327 2191 467 2232 homo
488 2187 736 2234 violentus,
777 2188 857 2242 qui
872 2189 991 2229 hane
1011 2201 1115 2228 eon-

228 2247 522 2292 suetudinem
544 2244 686 2285 libere
706 2244 897 2286 dicendi
924 2246 1124 2287 exclu-

228 2309 426 2353 deret,
475 2301 749 2345 inimicitias
785 2303 907 2344 mihi
938 2306 1122 2344 denun-

231 2361 386 2407 tiavit.
449 2359 601 2417 Quam
634 2359 856 2402 rationem
889 2360 923 2402 si
958 2359 1125 2402 admit-

230 2428 323 2470 tas,
381 2425 478 2460 tum
518 2415 637 2459 haud
677 2417 827 2474 inepte
867 2415 1124 2476 reposueris

228 2477 422 2532 dignam
445 2491 506 2536 sc:
528 2490 588 2517 se.

288 2533 512 2576 Lolliam.
578 2529 655 2576 Sic
699 2530 801 2575 MS.
834 2530 961 2575 Flor.
1007 2532 1125 2586 (test.

229 2589 369 2646 Vici.)
400 2590 501 2632 edd.
537 2588 738 2634 Rhenan.
772 2607 791 2633 s
826 2605 869 2647 q.
937 2589 1126 2632 Loliam

229 2646 332 2692 MS.
356 2646 505 2690 Guelf.
527 2646 630 2691 edd.
652 2646 772 2706 Spir.
795 2605 899 2690 ckl'ut.
924 2647 989 2693 Μ.
1014 2655 1056 2690 et
1068 2645 1125 2689 V.

231 2703 438 2749 Beroald.
461 2702 564 2748 Ale.
625 2705 734 2748 Mox
758 2720 896 2763 aeque
919 2705 1021 2747 libri
1049 2718 1126 2745 va-

231 2762 350 2806 riant
383 2763 502 2804 inter
532 2761 681 2805 Lollii
711 2769 753 2804 et
778 2762 914 2806 Lolii.
975 2760 1125 2805 Guelf.

233 2819 365 2865 etiam
393 2819 643 2862 Paulinum
676 2827 718 2862 et
744 2819 959 2862 Calistns.
1018 2819 1128 2861 Post

232 2879 494 2921 Consularis
516 2878 686 2919 addunt
700 2878 862 2933 filiam
896 2876 996 2918 edd.
1020 2876 1123 2919 Put.

230 2934 304 2978 Μ.
349 2941 392 2976 et
425 2932 480 2976 V.
516 2933 725 2978 Beroald.
782 2936 900 2990 (cum
945 2932 1126 2976 silentio

232 2990 370 3048 vict.)
385 2989 628 3035 Alenhen.
639 2992 709 3050 sq}
727 3023 752 3041 .,
767 2992 981 3035 omittunt
993 2988 1137 3033 MSS.-

232 3050 354 3092 Flor.
406 3049 522 3103 (test.
569 3049 656 3093 lac.
748 3049 962 3104 ronovio)
1008 3047 1125 3090 Bud.

235 3105 387 3150 Guelf.
411 3106 479 3148 ed.
502 3105 621 3164 Spir.
680 3107 833 3150 Potest
856 3121 961 3148 sane
988 3104 1123 3148 intel-

234 3163 307 3220 ligi
345 3179 368 3205 e
400 3162 620 3205 vocabulo
655 3166 887 3218 genitam,
939 3171 981 3205 et
1022 3162 1125 3205 alibi

232 3235 411 3277 quoque
430 3220 474 3262 in
494 3221 626 3264 simili
644 3229 852 3264 contextu
872 3219 974 3262 talia
994 3219 1124 3262 omit-

232 3284 406 3319 uantur.
465 3276 535 3320 De
556 3278 727 3321 Lollia.
761 3278 819 3322 cf.
846 3277 937 3327 Dio
960 3277 1027 3326 59,
1056 3278 1122 3321 12.

234 3333 352 3377 Ptin.
375 3334 415 3379 9,
438 3331 508 3375 35.

294 3397 346 3432 at
366 3390 520 3432 Aelia.
581 3390 656 3435 Sic
688 3392 823 3435 MSS.
848 3393 970 3435 Flor.
1006 3393 1124 3448 (test.

234 3445 372 3502 Viet.)
395 3446 509 3489 Rud.
536 3447 636 3490 edd.
657 3449 859 3493 Rhenan.
879 3466 975 3508 sqq.
1011 3449 1125 3492 ‘Pro

235 3513 286 3548 at
309 3503 512 3547 exhibent
530 3512 574 3546 et
596 3505 696 3548 MS.
712 3506 864 3550 Guelf.
891 3507 991 3550 edd.
1007 3506 1125 3565 Spir.

236 3562 339 3604 Put.
369 3561 435 3603 M.
459 3570 500 3603 et
516 3559 569 3604 V.
593 3561 798 3606 Beroald.
827 3564 928 3608 Alc.
952 3566 1126 3619 (onmes

239 3620 443 3665 scribunt
457 3618 574 3664 ‘Elia
589 3621 781 3677 petina,
825 3620 976 3666 Guelf.
997 3622 1122 3677 peti-

1195 1613 1299 1661 nia,
1330 1611 1402 1655 hic
1425 1622 1467 1656 et
1489 1602 1633 1669 insa).
1693 1611 1779 1659 Ed..
1792 1610 1897 1655 Put.
1910 1610 1978 1654 M.
2000 1627 2084 1670 pro

1195 1684 1221 1712 e
1256 1671 1453 1725 familia
1495 1671 1627 1713 habet
1669 1678 1737 1714 est
1755 1669 1984 1728 famina,
2034 1676 2085 1711 ut

1195 1727 1296 1771 MS.
1322 1726 1475 1771 Guelf.
1882 1732 1885 1739 '

1251 1787 1337 1828 huc
1359 1789 1520 1835 modo,
1549 1787 1690 1828 modo
1712 1785 1833 1828 illuc.
1892 1782 1972 1827 Sio
1982 1782 2086 1833 MS.

1194 1841 1318 1887 Flor.
1360 1845 1476 1898 (test.
1512 1844 1597 1886 lac.
1635 1842 1890 1899 Gronovio)
1935 1848 1978 1884 et
2011 1840 2084 1886 ed.

1195 1899 1310 1955 Spir.
1343 1904 1482 1942 modo
1513 1903 1622 1952 huc,
1673 1903 1813 1942 modo
1839 1901 1947 1941 illuc
1984 1897 2087 1942 MS.

1196 1955 1346 2000 Guelf.
1374 1958 1473 2000 edd.
1500 1957 1604 2001 Put.
1630 1973 1728 2014 sqq.
1901 1989 1903 1993 -

1249 2030 1306 2056 ac
1324 2030 1559 2069 promere.
1618 2014 1704 2058 Ed.
1725 2015 1755 2058 S
1790 2014 1843 2058 ir.
1865 2021 2007 2070 atpr·
2027 2036 2089 2048 -·

1194 2073 1441 2115 consilium
1489 2072 1593 2117 MS.
1639 2030 1789 2114 Guelif.
1834 2070 1934 2114 edd.
1979 2077 2088 2114 vett.

1174 2170 1176 2172 .
1194 2146 1352 2173 omnes
1369 2147 1472 2174 cum
1489 2129 1665 2174 silentio
1678 2128 1883 2175 Victorii.
1915 2127 2089 2186 Lipsius

1197 2187 1395 2230 ediderat
1423 2189 1691 2236 concilium,
1735 2186 1857 2245 quod
1884 2186 1918 2229 l.
1941 2185 2087 2229 Gron.

1195 2245 1437 2288 MS.F10r.
1455 2247 1596 2288 inesse
1621 2253 1823 2288 testatur.
1857 2243 2089 2287 Ernestius

1195 2303 1390 2346 restituit
1413 2304 1661 2345 consilium.
1765 2302 1771 2319 '

1254 2362 1464 2402 adiicere.
1551 2359 1636 2404 Ed.
1688 2358 1806 2418 Spir.
1858 2358 2089 2401 addicere.

1197 2415 1399 2460 Verbum
1436 2418 1657 2460 audierat
1685 2433 1778 2460 non
1813 2424 1879 2460 est
1913 2415 1959 2458 in
1983 2415 2087 2459 MS.

1199 2474 1348 2518 Guelf.
1371 2491 1458 2518 nee
1481 2476 1780 2517 sententiam.

1256 2532 1368 2575 CAP.
1407 2533 1450 2575 Ξ.
1510 2534 1778 2580 Narcissus,
1843 2531 1931 2580 Ed.
1966 2530 2085 2589 Spir.

1196 2592 1434 2634 Narcisso,
1468 2613 1525 2622 --
1567 2597 1695 2632 vetus
1727 2590 2089 2632 matrimonium

1198 2648 1255 2691 ef.
1280 2647 1465 2689 sueton.
1492 2646 1648 2690 Claud.
1675 2663 1714 2689 c.
1734 2647 1805 2689 26.

1241 2705 1502 2762 familiam.
1574 2704 1806 2754 Muretus,
1846 2704 2089 2756 Acidalius,

1196 2760 1395 2818 Ryckius
1419 2769 1462 2803 et
1483 2761 1714 2804 Ernestius
1737 2760 1896 2805 volunt
1915 2763 2090 2819 filiam,

1198 2820 1300 2878 quia
1333 2819 1532 2874 familia
1571 2819 1627 2860 de
1669 2834 1761 2861 uno
1806 2819 1948 2878 eapite
1991 2835 2089 2888 Πομ

1197 2883 1317 2920 recte
1341 2875 1527 2920 dicatur.
1586 2875 1646 2918 At
1660 2877 1859 2920 Antonia
1882 2877 1972 2920 iam
1994 2876 2090 2920 fne-

1197 2943 1265 2977 rat
1299 2932 1518 2976 collocata
1550 2932 1632 2977 Cn.
1665 2933 1888 2992 Pompeio
1919 2934 1996 2977 Ma
2027 2947 2090 2976 no

1200 2991 1258 3036 ef.
1286 2990 1376 3032 Dio
1401 2992 1469 3038 60,
1494 2993 1534 3034 5.
1570 2999 1611 3034 et
1677 3000 1745 3033 ost
1778 2990 1871 3034 eius
1907 3007 1982 3036 cae
2017 3005 2090 3033 em

1198 3050 1362 3091 Fausto
1403 3049 1551 3091 Sullae
1594 3050 1636 3102 (e
1659 3080 1670 3091 .
1709 3047 1896 3092 Sueton.
1929 3047 2090 3093 Claud.

1199 3122 1240 3150 c.
1271 3107 1338 3148 27.
1393 3107 1560 3148 Zonar.
1597 3122 1641 3163 p.
1678 3105 1804 3163 563);
1851 3105 1959 3149 hinc
1995 3104 2090 3163 ipsa

1198 3180 1301 3206 cum
1330 3164 1491 3205 marito
1515 3162 1754 3221 liberisque
1777 3171 1875 3221 apte
1902 3161 1988 3206 dici
2011 3177 2090 3219 po-

1196 3222 1278 3262 tuit
1310 3219 1566 3263 communis
1600 3220 1786 3264 Claudio
1817 3219 2090 3276 Petinaeque

1195 3278 1375 3322 familia.

1255 3338 1412 3376 visura
1426 3336 1512 3378 Br.
1536 3342 1579 3377 et
1594 3334 1650 3378 O.
1710 3334 1786 3379 Sic
1807 3333 1941 3378 MSS.
1963 3333 2086 3378 Flor.

1199 3393 1315 3447 (test.
1339 3391 1456 3435 Viet.
1492 3409 1532 3435 c.
1565 3393 1674 3448 aliis)
1707 3391 1817 3451 Reg.
1843 3393 1951 3448 Agr.
1975 3391 2091 3435 Bud.

1201 3451 1300 3492 edd.
1347 3449 1463 3507 Spir.
1509 3449 1627 3507 Lips.
1676 3450 1858 3492 Pichen.
1903 3447 2090 3492 Gruter.
2123 3475 2164 3493 ι..

1198 3507 1361 3557 Recte„
1397 3506 1509 3548 Nam
1537 3510 1688 3548 videre
1707 3506 1754 3549 in
1779 3505 1851 3549 tali
1873 3513 2091 3550 contextu

1199 3573 1262 3607 est
1300 3573 1402 3607 ante
1451 3565 1607 3607 oculos
1647 3564 1831 3615 habere,
1879 3565 2104 3606 tolerare.·

1197 3621 1255 3667 cf.
1284 3620 1392 3665 nist.
1419 3621 1462 3670 4,
1483 3622 1552 3665 42.
1582 3622 1879 3677 praetorium
1907 3626 1952 3664 et
1980 3620 2099 3663 con--¹
