2216 4010
238 264 288 296 A.
304 245 461 294 uano.

234 304 286 338 A.
307 301 353 336 c,
399 301 459 334 47.

755 255 923 317 LIB.
953 257 1058 318 XI.

1130 255 1321 315 CAP.
1358 259 1410 316 1.
1523 316 1526 317 ⁷
1968 257 2006 316 5

146 391 511 473 principibus
561 387 846 442 infensas:
915 386 1299 461 praecipuum
1343 396 1642 442 auctorem
1679 378 2012 446 Asiaticum·

147 474 540 536 interficiendi
563 471 853 530 Caesaris:
899 492 1023 528 non
1057 471 1388 528 extimuisse
1419 471 1762 526 concionem
1796 472 2004 545 populi

144 562 404 622 Romani
426 559 597 616 fateri
619 557 981 633 gloriamque
1004 557 1280 614 facinoris
1304 555 1461 612 ultro
1487 548 1709 630 petere.
1777 556 2002 612 clarum

144 782 214 825 M.
245 778 361 823 etv.
402 777 504 820 Ber.
534 774 635 819 Alc.
671 773 815 817 Rhen.
852 774 958 818 Ald.
995 782 1038 816 et

144 838 282 883 MSS.
313 837 437 879 Flor.
485 834 597 888 (test.
632 831 837 874 Victorio
872 842 914 875 et
948 833 1034 875 lac.

146 894 382 940 Gronovio
430 899 587 935 contra
634 889 904 941 Pichenam,
959 890 1036 947 qui

146 953 350 996 adfirmat
383 949 445 992 ibi
477 964 568 1000 esse
606 947 731 1003 auri)
766 946 876 1002 Reg.
916 948 1033 1002 (test.

146 1009 360 1064 vakio).
403 1035 462 1042 —-
534 1006 668 1054 auri,
718 1020 741 1045 a
783 1020 869 1046 sec.
917 1019 1035 1046 man.

130 1060 321 1116 meineri,
362 1064 478 1107 Bud.
509 1091 567 1098 --
605 1075 764 1104 cavere
796 1059 948 1103 Guelf.
978 1087 1038 1095 —-

144 1130 329 1168 caveret
359 1120 510 1180 Agric.
553 1143 612 1151 —
650 1119 787 1160 cauri
824 1118 968 1160 littera
1012 1132 1036 1166 e

145 1180 348 1239 superius
399 1178 566 1220 adiecta
610 1175 865 1217 Farnesian.
913 1176 1032 1228 (test.

143 1238 328 1297 Lipsio).
386 1234 620 1276 Broterius
640 1240 757 1275 tacet
782 1232 835 1273 de
862 1232 1032 1274 Vaticc.

145 1304 187 1339 et
213 1292 481 1337 Oxonienss.
545 1289 625 1333 Uti
649 1290 827 1332 codices
863 1287 1034 1339 litteris,

143 1353 204 1396 ita
234 1353 502 1408 interpretes
531 1346 701 1390 variant
733 1345 1034 1403 opinionibus,

143 1426 230 1453 nec
264 1407 385 1450 ullus
419 1405 630 1450 codicum
677 1403 909 1445 defensore
952 1418 1033 1445 suo

145 1466 301 1512 caruit.
353 1462 614 1506 Rectissime
635 1460 910 1504 recentiores
931 1459 1035 1502 inde

145 1541 169 1567 3
201 1525 285 1567 lac.
306 1520 545 1565 Gronovio
576 1519 843 1577 scripturam
873 1518 984 1558 auri
1009 1533 1032 1560 3

142 1580 294 1639 Lipsio
323 1579 483 1622 editam
513 1586 643 1634 atque
671 1575 1033 1618 commendatam

144 1637 452 1696 repudiarunt.
513 1634 626 1677 Nam
651 1633 852 1691 primum
874 1648 1032 1688 parum

144 1696 183 1738 ei
209 1693 487 1739 auctoritatis
509 1701 573 1734 est
595 1708 617 1732 e
641 1689 799 1740 codd.;
830 1697 924 1730 tum
959 1689 1033 1731 ab·

143 1751 277 1795 surda
328 1751 444 1792 inest
499 1747 758 1804 tautologia.
854 1745 1032 1787 Etenim

143 1810 253 1851 auri
275 1808 345 1849 vis
375 1806 481 1850 licet
511 1820 592 1862 per
626 1821 671 1846 se
703 1810 823 1845 recte
860 1802 1034 1844 dicatur

143 1865 219 1922 (cf.
246 1865 313 1916 16,
338 1869 377 1908 1.
408 1877 584 1915 magna
602 1861 673 1902 vis
693 1860 847 1913 auri),
876 1859 949 1901 hic
969 1868 1031 1900 ta-

143 1938 248 1966 men
272 1938 319 1965 ea
345 1919 471 1963 notio
497 1935 577 1977 per
608 1931 718 1972 opes
752 1916 855 1958 satis
894 1917 1030 1973 expri-

142 1980 293 2023 mitur.
377 1979 460 2019 Vis
503 1984 649 2019 autem
704 1972 1029 2030 significatione

138 2037 379 2093 potentiae
411 2036 477 2090 (ut
500 2034 607 2076 infr.
636 2032 702 2080 12,
724 2032 795 2073 27.
829 2038 871 2072 et
906 2029 1029 2085 alibi)

140 2093 246 2137 huic
282 2094 384 2140 loco
419 2091 594 2150 egregie
627 2088 853 2133 convenit.
935 2087 1031 2129 Iam

142 2151 264 2210 quod
289 2152 445 2193 attinet
469 2150 523 2191 ad
546 2149 714 2190 formas
740 2144 919 2196 caveri,
948 2160 1030 2186 ca-

141 2223 269 2257 vere,
301 2215 510 2255 caveret,
542 2220 700 2264 pan-um
724 2204 936 2245 interesse
961 2202 1030 2246 vi-

145 2265 287 2313 detur,
319 2265 423 2322 quid
445 2264 550 2306 inde
575 2261 754 2320 deligas.
815 2259 927 2302 Nam
951 2275 1030 2301 ca-

140 2330 266 2365 veret
296 2322 588 2367 confirmatur
625 2318 856 2376 exemplist
898 2316 964 2365 13,
990 2318 1031 2359 9.

141 2394 300 2434 regem
344 2380 620 2424 monebant,
677 2390 842 2431 pacem
888 2389 1032 2429 quam

142 2439 314 2478 bellum
336 2438 498 2476 mallet
520 2443 602 2475 etc.
621 2449 634 2484 ;
664 2434 730 2480 12,
745 2433 815 2475 27.
838 2433 1032 2478 monuit,

76 2527 77 2530 η
144 2500 195 2535 ut
224 2494 456 2534 anteirent
483 2493 805 2545 populatores.
855 2488 966 2530 Hist.
991 2487 1034 2539 3,

141 2551 213 2592 40.
256 2550 379 2592 Suet.
403 2548 486 2591 Iul.
513 2563 553 2590 c.
574 2545 898 2601 81-Spurinna
924 2561 1030 2586 rno-

143 2608 266 2657 nuit‚
299 2613 481 2648 caveret
496 2604 770 2658 periculum.
833 2602 923 2644 Sed
945 2602 1033 2646 hoc

144 2672 267 2708 certe
299 2663 400 2707 loco
434 2668 682 2705 structura:
725 2668 939 2702 moneret
961 2691 972 2702 .
994 2691 1032 2708 .‚

142 2729 348 2772 caveret,
390 2720 536 2762 minus
571 2720 743 2774 elegans
777 2726 854 2760 est.
923 2716 1031 2759 Am·

143 2779 323 2837 biguam
353 2778 482 2820 etiam
515 2775 661 2818 reddit
688 2775 953 2826 dictionem,
983 2782 1032 2816 ut

143 2835 346 2878 Sosibius
368 2834 570 2877 videatur
592 2831 790 2875 delectus
815 2847 923 2882 esse,
956 2830 1033 2889 qui

145 2902 188 2935 et
203 2900 407 2935 moneret
421 2890 658 2933 Claudium
682 2898 724 2932 et
747 2897 925 2935 caveret
951 2898 1033 2931 etc.

142 2952 234 2993 lam
270 2958 547 2992 transeamus
581 2948 634 2990 ad
667 2961 856 2996 cavere,
908 2946 1030 3002 quod

144 3016 186 3051 et
228 3006 372 3065 ipsum
413 3004 622 3063 exemplis
664 3006 837 3062 egregie
870 3004 1030 3062 proba-

143 3075 240 3108 turt
282 3065 345 3114 12,
367 3064 437 3105 46.
471 3070 629 3104 monet
653 3062 1031 3109 Rhadamistum,

142 3123 530 3176 oppugnationem
565 3134 746 3176 quoquo
781 3124 923 3162 modo
958 3134 1033 3160 ce-

142 3181 324 3229 lerare,·
357 3176 422 3228 13,
442 3177 515 3220 37.
550 3178 616 3226 16,
637 3179 705 3220 11.
737 3176 781 3225 4,
802 3177 871 3220 67.
909 3176 1032 3227 1,68.

144 3236 257 3279 Ilist.
283 3235 324 3282 4,
349 3234 418 3278 33.
478 3234 538 3276 At
567 3235 718 3293 potior
748 3233 865 3277 haud
898 3233 1032 3276 dubie

145 3311 171 3336 e
223 3292 456 3336 codicibus
514 3300 577 3334 est
625 3291 867 3334 auctoritas
931 3291 1029 3332 sor-

143 3367 244 3394 mae
273 3350 453 3397 caveri,
503 3365 615 3406 quae
658 3349 852 3391 multu-,n
897 3349 1034 3400 abest,

144 3417 194 3451 ut
226 3423 309 3450 nos
341 3406 558 3458 offendat,
603 3413 652 3448 ut
678 3405 835 3448 Tacito
873 3404 1031 3447 eximie

146 3464 395 3519 conveniat.
483 3463 542 3506 cf.
591 3465 636 3514 1,
669 3462 742 3506 63.
786 3463 1033 3506 Arminius

145 3521 296 3575 colligi
320 3535 434 3562 suos
465 3554 476 3564 .
500 3554 511 3563 .
536 3553 546 3563 .
577 3521 795 3573 monitos.
867 3519 1031 3562 Similis

146 3586 210 3621 est
242 3585 463 3622 structura
495 3579 540 3621 in
574 3577 663 3622 his:
700 3577 743 3626 4,
763 3577 833 3620 62.
869 3577 1035 3634 quaeri

1104 777 1259 830 placet
1289 773 1486 815 alicuius
1520 773 1884 830 confessionem‚⁴
1935 771 2002 822 16,

1106 832 1178 874 25.
1213 831 1372 886 quibus
1407 830 1593 872 intrari
1627 833 1801 873 curiam
1837 832 1998 884 place-

1108 892 1202 931 bat.
1243 888 1357 931 Hist.
1383 890 1421 936 1,
1443 888 1514 945 29.
1542 889 1719 941 placuit
1736 887 2004 942 pertentari

1107 948 1320 988 animum
1346 947 1555 988 cohortis.
1618 945 1731 988 Nam
1763 953 1811 986 ut
1835 955 2001 999 mone-

1107 1011 1177 1044 ret
1197 1017 1362 1045 cavere
1385 1002 1555 1045 dictum
1578 1011 1643 1045 est
1666 1018 1746 1061 pro
1772 1009 1999 1049 moneret,

1108 1068 1157 1103 ut
1182 1068 1390 1110 caveret,·
1420 1059 1478 1101 ita
1502 1068 1711 1103 moneret
1739 1060 1895 1102 caveri
1921 1074 1999 1116 po-

1108 1117 1230 1161 nitur
1264 1134 1345 1174 pro
1382 1126 1614 1167 moneret,
1646 1125 1696 1160 ut
1725 1123 2001 1163 caverentur

1110 1178 1174 1218 vis
1207 1183 1347 1230 atque
1380 1189 1491 1228 opes
1525 1183 1610 1218 etc.
1691 1173 1807 1229 Quis
1858 1173 1998 1215 nescit

1106 1234 1239 1291 plane
1263 1233 1326 1275 sic
1351 1232 1489 1289 loqui,
1521 1233 1593 1288 qui
1619 1233 1810 1275 obscure
1829 1229 2007 1287 aliquid⁴

1107 1290 1379 1352 significant,
1412 1298 1459 1332 ut
1480 1289 1553 1332 hic
1578 1289 1804 1340 Sosibius,
1843 1293 1917 1344 qui
1950 1288 1998 1329 in

1106 1350 1367 1392 universum
1392 1348 1523 1389 verba
1557 1346 1740 1390 iaciunt.
1799 1347 1869 1388 De
1903 1361 1997 1402 pas-

1105 1407 1204 1449 sivo
1238 1405 1400 1447 caveri
1430 1404 1486 1446 cf.
1521 1404 1633 1446 Ilist.
1662 1406 1702 1452 1,
1723 1403 1792 1446 36.
1824 1417 1994 1456 grega-

1105 1465 1205 1505 rius
1233 1464 1367 1505 miles
1399 1463 1561 1503 caveri
1587 1463 1772 1515 insuper
1795 1475 2000 1516 praepo-

1103 1522 1221 1563 sitos
1251 1521 1447 1561 iubebat.
1508 1518 1622 1561 Hist.
1644 1519 1684 1569 3,
1705 1517 1774 1561 38.
1808 1519 1856 1559 in
1884 1519 1996 1558 urbe

1104 1594 1160 1620 ac
1192 1580 1299 1619 sinu
1332 1580 1587 1619 cavendum
1619 1579 1813 1618 hostem.
1883 1574 1995 1616 Ilist.

1103 1636 1144 1687 4,
1164 1636 1234 1677 71.
1261 1635 1479 1676 cavendis
1508 1635 1724 1675 hostibus.
1794 1632 1997 1675 Restituo

1104 1693 1240 1748 igitur
1274 1708 1378 1735 cum
1417 1691 1505 1733 Iac.
1541 1690 1783 1734 Gronovio
1827 1688 1996 1738 caveri,

1107 1750 1211 1792 licet
1234 1749 1333 1791 edd.
1355 1747 1596 1790 hodiernae
1622 1764 1779 1789 omnes
1808 1761 1996 1791 consen-

1103 1808 1215 1849 tiant
1245 1809 1293 1848 in
1323 1810 1503 1847 cavere.
1573 1804 1832 1846 Posuerunt
1862 1817 1994 1845 cave-

1103 1872 1200 1914 ret,
1251 1862 1326 1920 qui
1372 1861 1711 1904 offenderentur
1748 1861 1998 1912 infinitiv03

1103 1926 1353 1978 posuerunt
1381 1933 1570 1970 cavere,
1617 1919 1691 1975 qui
1725 1917 1994 1960 infinitivum

1104 1978 1285 2034 quidem
1303 2009 1315 2028 ,
1344 1987 1617 2034 neque'vero
1644 1976 1866 2034 passivum
1889 1991 1996 2029 con·

1104 2050 1300 2093 coquere
1323 2041 1519 2091 possent.
1578 2032 1741 2075 Crollii
1770 2033 1995 2075 coniectu-

1102 2109 1224 2134 ram:
1269 2099 1479 2134 moneret
1516 2091 1785 2141 Claudium,
1813 2090 2000 2132 Valerii

1101 2151 1197 2191 vim
1231 2157 1316 2192 etc.
1361 2164 1630 2205 seponamus
1662 2147 1712 2191 in
1745 2147 1995 2193 saeviorem

1102 2206 1305 2249 mutandi
1360 2205 1698 2256 necessitatem3
1757 2222 1862 2248 nam
1917 2205 1993 2248 hic

1104 2278 1432 2322 supervacanea
1459 2271 1568 2305 erat.
1599 2277 1602 2282 ·

1556 2346 1642 2391 Ed.
1683 2345 1805 2405 Spir.
1839 2347 1994 2401 preci-

1154 2349 1476 2403 praecipuum.

1097 2422 1249 2460 puum
1260 2439 1272 2458 ,
1302 2405 1365 2448 uti
1387 2405 1518 2449 solet.

1161 2492 1442 2533 concionem.
1534 2488 1611 2532 Sic
1662 2489 1736 2532 ed.
1784 2486 1901 2544 Spir.
1937 2515 1997 2524 --

1105 2551 1363 2590 contionem
1386 2546 1487 2590 MS.
1511 2546 1636 2589 Flor.
1658 2554 1755 2588 test.
1774 2544 1997 2588 Victorio.

1104 2629 1162 2637 -—-
1194 2607 1483 2655 concionem,
1523 2603 1691 2646 omisso
1735 2604 1877 2647 verbo
1905 2602 2006 2658 fa:

1106 2663 1197 2704 teri
1225 2659 1324 2703 MS.
1341 2661 1479 2720 Bud..
1517 2676 1631 2719 quae
1653 2661 1768 2702 ratio
1790 2660 1995 2719 placebat

1105 2720 1339 2762 Rhenano.
1352 2747 1399 2754 --
1415 2719 1462 2759 in
1479 2719 1692 2760 concione
1708 2718 1773 2760 vel
1791 2719 1999 2760 contione

1103 2776 1205 2818 MS.
1226 2774 1377 2819 Guetf.
1403 2775 1506 2818 edd.
1529 2774 1630 2816 Put.
1655 2774 1725 2817 M.
1752 2775 1864 2817 etsV.
1892 2776 1995 2816 Ber.

1106 2834 1206 2877 Alc.
1219 2832 1470 2889 Rhemsqq.
1512 2831 1686 2890 Lipsius
1701 2849 1722 2876 e
1737 2830 1913 2888 scriptis
1930 2847 1996 2873 re-

1105 2891 1193 2933 fert
1217 2890 1504 2945 defenditque
1524 2888 1763 2936 concion‘ess
1793 2889 1994 2945 Bipontt.

1106 2949 1264 2992 Oberl.
1300 2963 1397 3004 sqq.
1433 2948 1546 2989 bene
1584 2948 1816 2989 restituere
1851 2945 1994 3002 potio-

1104 3022 1208 3048 rum
1229 3006 1448 3048 librorum
1472 3002 1756 3062 scripturam.
1805 3001 1865 3044 In
1886 3016 1994 3043 con-

1105 3065 1230 3105 cione
1273 3062 1411 3120 (quod
1456 3075 1602 3117 nuper
1643 3059 1811 3117 placuit
1850 3058 1995 3101 Li'me-

1105 3136 1272 3164 manno
1308 3127 1350 3161 et
1382 3116 1671 3174 Kiesslingio)
1714 3116 1884 3161 veritati
1926 3131 1991 3158 re-

1105 3186 1296 3236 pugnat:
1351 3176 1502 3217 innuit
1548 3174 1672 3216 enim·
1721 3173 1991 3217 concionem

1105 3237 1399 3278 convocatam
1456 3241 1499 3275 et
1551 3230 1783 3274 Valerium
1837 3246 1990 3272 coram

1106 3292 1329 3335 concione
1366 3289 1606 3331 dicentem.
1677 3288 1823 3330 Immo
1859 3289 1989 3330 turba

1103 3348 1338 3394 hominum
1383 3346 1470 3387 suit
1517 3354 1675 3404 sponte
1719 3360 1991 3388 concurren-

1103 3406 1240 3453 tium,
1279 3412 1321 3445 et
1345 3402 1553 3446 Valerius
1585 3419 1678 3445 non
1707 3401 1906 3456 extimuit
1930 3400 1990 3445 sa·

1103 3462 1209 3512 teri,
1250 3476 1503 3519 quanquam
1537 3459 1838 3502 circumdatus
1874 3457 1991 3501 mul-

1103 3519 1292 3562 titudine
1313 3518 1614 3569 audientium3
1644 3517 1783 3575 igitur
1808 3531 1899 3558 non
1922 3531 1991 3557 ex·

1103 3576 1253 3620 timuit
1292 3575 1563 3620 concionem
1597 3573 1752 3632 populi
1783 3572 1991 3621 Romani,
