2164 3990
136 175 140 179 ’
190 164 315 222 310

857 151 1368 224 ANNALIUM

1734 160 1856 197 Aru.
1869 161 1960 206 ms,

1737 202 1790 238 A.
1811 201 1858 240 C.
1890 204 1958 245 63.

293 317 308 325 ·
360 289 582 352 LVIII.
625 290 838 349 Plauto
868 291 1068 367 parari
1093 311 1298 349 necem
1317 313 1443 351 non
1467 293 1714 369 perinde
1748 297 2046 362 occultum

195 377 311 434 fuit
327 420 343 446 ,
385 377 526 455 quia
549 377 821 453 pluribus
844 377 1001 432 salus
1027 377 1151 433 eius
1174 373 1488 436 curabatur
1513 389 1570 435 et
1595 380 1849 454 spatium
1870 382 2048 439 itine„

196 463 282 519 ris
295 483 372 518 *ac
392 462 572 520 maris
593 475 939 538 tempusque
962 462 1332 520 interiectum
1353 476 1615 521 moverat
1636 466 1877 524 famam:
1912 467 2049 529 vul-

200 540 390 624 goque
418 549 717 622 fingebant
739 546 990 622 petitum
1024 547 1098 603 ab
1131 567 1198 603 eo
1222 545 1625 606 Corbulonem
1660 550 1887 623 magnis
1921 563 2050 610 tum

203 633 553 690 exercitibus
588 631 1018 708 praesidentem
1055 643 1141 702 et,
1185 632 1236 687 si
1269 633 1411 689 clari
1449 646 1621 710 atque
1657 636 1919 714 insontes
1952 636 2052 692 'in-

203 719 643 787 terficerentur‚
686 717 1075 792 *praecipuum
1108 718 1182 773 ad
1217 717 1496 792 pericula.

1582 721 1730 796 quin
1767 731 1823 777 et
1847 717 2053 797 Asiam

204 804 406 860 favore
429 803 658 860 iuvenis
682 822 844 859 arma
874 803 1118 877 cepisse,
1159 822 1269 858 nec
1294 803 1510 858 milites
1533 805 1607 860 ad
1631 806 1817 862 scelus
1843 805 2053 866 missos

156 931 165 950 ,
206 900 310 945 aut
331 907 578 945 numero
602 887 831 946 validos
855 899 955 944 aut
977 887 1174 943 animo
1200 899 1531 962 promptos:
1567 901 1874 965 postquam
1898 891 2055 948 iussa

208 974 432 1030 efficere
481 972 892 1048 nequiverint,
959 974 1034 1028 ad
1086 992 1214 1048 spes
1262 992 1445 1033 novas
1494 973 1787 1036 transisse.

1884 973 2056 1034 Vana

207 1054 351 1115 haec
374 1078 538 1119 more
560 1059 749 1118 famae
773 1059 1141 1122 credentium
1167 1057 1304 1119 odio
1333 1058 1714 1131 augebantur.
1783 1055 2059 1117 Ceterum

1018 1247 1102 1292 Ed.

267 1245 379 1290 CAP.
424 1247 493 1290 58.
556 1250 731 1302 parari
767 1263 941 1292 necem.

208 1303 326 1362 Spir.
347 1307 590 1358 parz'nece.

269 1364 380 1417 quia
412 1364 643 1416 pluribus.
704 1362 782 1405 Sic
810 1363 946 1407 MSS.
977 1362 1103 1407 Flor.

210 1419 326 1473 (test.
367 1420 502 1477 Vict.)
541 1419 656 1463 Bud.
692 1420 791 1463 edd.
835 1421 951 1478 Spir.
988 1421 1103 1463 Rhe„-

211 1493 317 1576 ssifss'
359 1495 377 1519 ⁵
413 1479 1102 1582 ‘¹221x‘r'“¹'=?..3.1'5²“”13‘’1‘2‚⁶313‘}}·

213 1590 366 1635 Guelf.
394 1593 560 1635 omittit
581 1608 636 1634 ac
657 1594 822 1637 mavis.
871 1593 998 1636 Idem
1020 1609 1106 1652 pro

211 1652 435 1706 vulgoque
454 1649 585 1703 habet
604 1654 847 1707 longeque.

270 1708 704 1763 moveratfamam.
764 1707 976 1766 Ed.Spir.
1002 1723 1105 1750 mo-

214 1772 349 1806 verat
368 1780 380 1805 .·
396 1766 541 1820 fama
566 1774 650 1809 ete.

273 1823 458 1875 magnis
499 1830 615 1865 tum.
695 1822 771 1867 Sic
811 1823 947 1866 MSS.
984 1823 1108 1867 Flor-

218 1883 333 1932 (test.
354 1879 474 1924 Vict.
500 1897 536 1924 c,
561 1881 706 1939 Pieh.)
742 1882 880 1924 Corb.
910 1882 1009 1925 edd.
1038 1880 1110 1922 Pi-

217 1935 345 1983 chen.
392 1954 492 1995 sqq.
583 1947 684 1984 tum
740 1941 922 1993 magnis
972 1939 1108 1982 MSS.

131 2014 134 2015 ⁷
208 1993 340 2037 Harl.
378 1995 508 2038 Bodl.
545 1995 627 2038 Ies.
668 1996 818 2039 Guels.
866 1996 966 2039 edd.
1006 1995 1107 2039 Put.

181 2050 189 2059 ’
222 2051 290 2094 M.
336 2060 378 2095 et
420 2054 476 2096 V.
523 2053 622 2096 Ber.
670 2054 769 2096 Alc.
821 2054 964 2096 Rhen.
1010 2069 1108 2110 sqq.

221 2112 410 2163 magnis
445 2126 550 2152 cum
582 2111 651 2154 ed.
686 2112 806 2169 Spir.
847 2112 958 2166 (non
991 2118 1110 2162 tum,

219 2175 270 2266 :lit
309 2166 543 2214 Ernestius
590 2177 633 2211 et
675 2169 911 2212 Broterius
952 2168 1113 2226 prodi-

253 2227 360 2277 ere).

282 2289 342 2330 et,
363 2282 409 2324 si
425 2283 555 2324 clari.
585 2281 661 2326 Sic
678 2281 795 2327 edidi
813 2298 836 2325 e
854 2282 1114 2326 coniectura

221 2336 413 2387 Ernestii
431 2372 444 2390 ,
485 2355 597 2396 quae
622 2340 794 2398 egregie
819 2340 1115 2392 confirmatur

223 2395 445 2454 scriptura
478 2397 578 2440 MS.
612 2397 737 2440 Flor.
783 2397 861 2455 qui
903 2397 1031 2447 habet
1071 2403 1116 2439 et

223 2455 346 2500 ‚clari
398 2462 496 2497 test.
550 2453 757 2497 Victorio
779 2487 791 2506 ,
858 2469 1117 2512 quanquam

226 2510 296 2554 aiii
319 2514 500 2556 tradunt
519 2512 563 2554 in
577 2511 679 2555 MS.
699 2511 842 2564 Flon,
863 2512 926 2554 uti
951 2513 995 2554 in
1010 2512 1116 2569 Reg-

224 2568 363 2613 Corb.
391 2569 461 2611 ed.
478 2569 595 2626 Spir.
615 2600 626 2616 ‚
659 2568 750 2612 ess'e
774 2578 824 2612 ut
847 2570 974 2612 clari.
1020 2569 1120 2611 H‘oc

226 2625 356 2669 etiam
393 2636 456 2669 est
491 2628 535 2669 in
570 2627 667 2669 MS.
695 2627 826 2670 Bodl.
861 2627 901 2682 (a
931 2643 1001 2684 pr.
1035 2627 1118 2682 m.)

225 2692 269 2726 et
296 2684 342 2727 in
366 2684 566 2742 margine
586 2683 687 2728 MS.
711 2683 875 2727 Guelf.
926 2686 974 2727 ln
1002 2700 1115 2739 con-

226 2749 342 2784 textu
361 2742 464 2784 MS.
487 2741 636 2784 Guelf.
667 2751 708 2785 et
728 2741 774 2784 in
800 2742 932 2785 Bodl.
961 2743 1001 2798 (a
1025 2757 1116 2784 sec.

228 2802 310 2855 m.)
342 2815 426 2857 pro
448 2806 497 2840 ut
518 2800 744 2857 reperitur
764 2813 848 2851 ne,
884 2800 1009 2858 quod
1036 2799 1118 2842 ha-

226 2858 336 2900 bent
360 2857 495 2904 MSS.
523 2857 602 2899 les.
629 2857 743 2900 Bud.
769 2858 873 2911 (sec.
901 2860 982 2913 m.)
1018 2855 1118 2899 edd.

229 2914 335 2957 Put.
374 2915 424 2956 M
477 2923 518 2961 et
548 2915 604 2963 V.
636 2914 740 2958 Ber.
776 2915 878 2958 Ale.
915 2943 972 2950 --
1037 2928 1119 2960 nec

232 2974 354 3017 clari
384 2971 485 3014 MS.
511 2971 635 3018 Harl.
679 2999 737 3008 —-
793 2973 837 3015 si
868 2973 987 3014 clari
1017 2971 1118 3014 edd.

231 3028 432 3073 Rhenan.
458 3045 556 3088 sqq,
589 3046 613 3072 e
638 3030 739 3074 MS.
763 3029 878 3071 Bud.
919 3031 1002 3086 (pr.
1040 3030 1122 3084 m.)

232 3095 282 3134 ut
312 3088 512 3139 videtum
555 3102 657 3130 nam
692 3086 853 3130 diserte
879 3087 965 3129 hoc
987 3101 1121 3129 nemo

231 3143 446 3206 prodidit.
522 3145 691 3188 Verum
727 3145 936 3201 copulam
973 3145 1123 3188 abesse

231 3219 360 3261 aegre
381 3200 642 3255 ferendum·²
665 3216 800 3260 quare
819 3201 967 3250 addidi
982 3216 1005 3243 e
1019 3199 1121 3246 MS.

233 3264 356 3306 Flor-

287 3318 603 3373 praecipuum.
662 3316 771 3360 MS.
785 3315 933 3363 Guelf.
954 3316 1124 3371 princi-

265 3390 359 3418 um.

229 3392 262 3432 p
293 3430 594 3485 nequiverint.
668 3431 768 3476 MS.
805 3431 942 3475 Corb.
979 3439 1020 3474 et
1053 3430 1123 3474 ed.

235 3490 351 3560 §pin
371 3489 681 3551 nequiverunt.
744 3489 799 3537 Et
824 3490 1012 3549 ponitur
1031 3489 1125 3541 Ta·-

1177 1248 1267 1292 cito
1290 1246 1561 1291 indicativus
1582 1248 1629 1290 in
1662 1247 1883 1293 eiusmodi
1915 1265 2061 1294 mem·

1175 1305 1267 1355 bris
1313 1305 1507 1349 orationi
1549 1306 1754 1362 obliquae
1801 1306 2062 1352 interiectis.

1175 1363 1234 1407 cf.
1256 1371 1348 1406 not.
1372 1363 1423 1405 ad
1447 1364 1488 1415 2,
1508 1363 1580 1406 26.
1640 1363 1727 1407 Sed
1750 1363 1824 1407 hic
1843 1379 1937 1407 non
1970 1366 2064 1423 agi-

1173 1429 1248 1464 tur
1270 1437 1341 1463 res
1361 1419 1408 1462 in
1429 1419 1546 1464 facto
1571 1419 1743 1478 posita3
1769 1419 1967 1465 refertur
1988 1439 2068 1480 po·

1175 1477 1263 1522 tius
1285 1478 1403 1519 fama
1424 1478 1523 1521 talia
1545 1477 1826 1535 fingentium.

1234 1550 1359 1577 vana
1381 1535 1507 1576 hoec.
1569 1533 1645 1577 Sic
1667 1535 1768 1578 edd.
1785 1532 1885 1594 Bip.
1903 1535 2062 1582 Oberl.

1178 1608 1278 1648 sqq.
1315 1608 1337 1634 e
1370 1591 1627 1634 coniectura
1655 1591 1914 1636 Boxbornii.
1983 1594 2066 1638 Ed.

1177 1650 1296 1708 Spir.
1343 1651 1628 1697 transissent,
1703 1649 1811 1692 Una
1841 1653 1982 1706 Ilaec,
2026 1659 2071 1694 et

1179 1710 1244 1751 sic
1285 1705 1389 1749 MS.
1432 1704 1538 1763 Reg.
1611 1706 1781 1757 Contra
1825 1707 1926 1752 edd.
1968 1708 2070 1752 Put.

1180 1765 1402 1807 transisse
1436 1780 1531 1805 ιιηα
1565 1766 1694 1807 haec.
1776 1763 1878 1807 MS.
1915 1764 2069 1809 Guelf.

1182 1821 1284 1865 edd.
1301 1822 1403 1864 Ber.
1429 1822 1483 1875 (e.
1497 1839 1530 1864 s.
1547 1821 1680 1877 vict.)
1699 1820 1800 1864 Ale.
1814 1821 1953 1866 Rhen.
1974 1839 2071 1882 sqq.

1183 1881 1410 1922 transisse
1465 1895 1576 1921 una.
1648 1879 1780 1922 Haec
1828 1890 1915 1924 etc.
1985 1881 2069 1923 Er-

1182 1937 1348 1980 nestius
1374 1937 1665 1995 adoptaverat
1698 1937 1963 1995 scripturam
1998 1939 2070 1981 ed.

1183 1995 1303 2052 Spir.
1325 2010 1460 2052 quam
1487 1995 1760 2036 recentiores
1792 2003 1912 2047 recte
1931 1997 2074 2039 'com-

1183 2059 1406 2093 mutavere
1441 2067 1544 2102 eum
1579 2050 1822 2094 Boxbornii
1860 2053 2073 2100 emenda?

1183 2109 1332 2159 tione,
1396 2109 1522 2150 cuius
1571 2123 1727 2150 sensus
1787 2119 1874 2152 est:
1945 2109 2074 2164 Quae

1184 2182 1325 2223 quum
1350 2181 1429 2223 per
1451 2181 1496 2208 se
1524 2180 1635 2209 vana
1659 2174 1827 2216 essent,
1856 2168 2075 2225 augeban-

1183 2231 1259 2267 tur
1279 2223 1410 2266 etiam
1434 2230 1520 2266 ete.

1243 2294 1374 2328 more
1406 2280 1598 2334 samoe.
1663 2270 1738 2330 Sic
1777 2278 1916 2330 MSS.
1947 2273 2074 2325 Flor.

1187 2339 1304 2392 (test.
1333 2337 1451 2380 vict.
1485 2353 1524 2380 c.
1549 2335 1757 2393 Pichena)
1792 2338 1899 2396 Agr.
1933 2337 2077 2383 Corb-

1187 2394 1303 2438 Bud.
1328 2394 1414 2451 (pr.
1434 2396 1512 2450 m.)
1534 2394 1631 2436 edd.
1645 2393 1759 2450 Spir.
1777 2394 1958 2450 Pichen.
1977 2411 2075 2454 sqq.

1188 2455 1238 2502 in
1262 2452 1396 2508 ores.
1422 2451 1522 2494 edd.
1537 2451 1638 2498 Put.
1656 2452 1719 2494 M.
1734 2461 1775 2495 et
1788 2451 1844 2493 V.
1860 2452 1961 2496 Ber.
1976 2454 2077 2497 Ate.

1189 2510 1331 2552 Rhen.
1375 2525 1472 2567 sqq.
1545 2513 1593 2551 in
1639 2524 1720 2551 ore
1758 2511 1931 2574 pltamf
1973 2510 2075 2558 MS.

1191 2566 1345 2615 Guelf.
1417 2567 1458 2610 I's
1502 2566 1622 2620 enim
1666 2566 1779 2610 liber
1822 2575 2078 2612 constanter

1190 2625 1369 2674 scribitt
1397 2625 1594 2678 phama-

1247 2683 1553 2735 augebantur.
1643 2679 1704 2722 Ex
1766 2679 2078 2726 emendatione

1188 2739 1336 2784 Modii
1358 2739 1402 2781 in
1415 2737 1745 2794 Noveantiquis
1766 2755 1836 2796 ep.
1857 2739 1923 2782 15.
1945 2754 2081 2796 quam

1187 2796 1383 2843 Pichena
1450 2797 1496 2846 in
1572 2803 1824 2840 contextum
1895 2796 2079 2854 recepit.

1187 2854 1323 2901 MSS.
1351 2860 1392 2896 et
1414 2852 1512 2895 edd.
1541 2855 1958 2907 vett..agebancur,
1988 2853 2080 2907 vul·

1193 2911 1286 2971 gari
1307 2909 1539 2968 utriusque
1566 2911 1684 2953 verbi
1711 2910 1994 2959 confusione.
2023 2911 2083 2955 cf.

1193 2977 1288 3020 not.
1322 2967 1377 3016 ad
1414 2968 1526 3012 Hist.
1559 2967 1598 3020 4,
1632 2967 1699 3017 58.
1746 2967 1903 3012 Germ.
1941 2984 1981 3011 c.
2011 2969 2085 3022 29.

1193 3025 1442 3074 Hist,4,28.
1465 3055 1524 3062 -
1553 3026 1644 3071 Pro
1671 3028 1788 3077 otio,
1811 3025 1931 3084 quod
1951 3034 2015 3069 est
2037 3024 2085 3071 in

1194 3083 1319 3128 libris
1345 3090 1472 3132 vett..
1503 3084 1540 3126 I.
1566 3084 1642 3127 Fr.
1669 3082 1930 3134 Gronovius
1955 3082 2084 3128 vole-

1193 3143 1268 3189 bat
1293 3140 1423 3192 odio,
1455 3143 1512 3183 ob
1538 3142 1686 3184 iocum
1710 3139 1823 3186 Hist.
1844 3142 1879 3191 1,
1895 3141 1964 3183 51.
1994 3141 2088 3185 Sed

1188 3200 1399 3254 plurima
1416 3198 1766 3254 adfingentium
1786 3199 2087 3246 credendum-

1197 3271 1284 3313 que
1309 3257 1532 3299 materies
1557 3257 1606 3299 in
1630 3255 1744 3309 ipsis
1772 3255 1936 3302 castris
1967 3243 2087 3302 odio,

1197 3321 1350 3362 metu,
1381 3321 1452 3369 et,
1490 3313 1568 3355 ubi
1591 3314 1707 3362 vires
1727 3326 1836 3354 suas
1862 3325 2085 3367 respexe-

1195 3378 1331 3419 rant,
1360 3371 1625 3414 securitate.
1691 3368 1841 3424 Quam
1873 3369 2085 3412 emenda-

1197 3428 1392 3480 tionem,
1430 3444 1569 3485 quum
1603 3428 1676 3474 vix
1707 3425 1839 3470 dubia
1863 3441 1956 3470 esse
1981 3442 2086 3485 pos-

1196 3485 1277 3539 sit,
1306 3502 1409 3541 cum
1421 3484 1625 3544 Bekkero
1647 3482 1694 3537 in
1717 3483 1868 3528 locum
1888 3483 2058 3542 recepi.
