2164 3990
1121 63 1123 65 μ
1151 40 1175 57 N

209 223 264 260 A.
275 222 331 258 Π.
347 222 434 260 808.

210 272 263 303 A.
281 265 329 304 C.
374 265 432 300 55.

617 224 960 290 LIB.5XII.
1020 222 1226 290 <CAR
1263 223 1364 285 64.
1402 221 1501 283 65.
1845 228 1983 297 ,189

126 337 548 419 blandimentis
578 375 643 411 ac
666 354 1080 428 largitionibus
1096 353 1423 411 iuvenilem
1462 353 1728 418 animum
1763 355 1973 421 devina

126 444 346 512 ciebat,
388 441 542 503 truci
565 453 769 499 contra
793 461 860 497 ac
881 440 1101 496 minaci
1122 436 1451 514 Agrippina
1465 483 1481 508 ‚
1509 458 1664 514 quae
1688 439 1810 496 filio
1831 441 1972 500 dare

124 527 466 603 imperium,
510 526 757 583 tolerare
781 525 1216 601 imperitantem
1235 523 1535 600 nequibat.

292 636 477 696 LXV.
519 635 793 695 Ceterum
817 637 1043 692 obiecta
1068 648 1231 706 sunt,
1259 636 1419 712 quod
1442 635 1783 708 coniugium
1803 637 1971 711 prin-

120 723 266 799 cipis
314 723 730 779 devotionibus
777 722 1074 797 petivisset
1126 723 1401 797 quodque
1451 741 1663 796 parum
1708 722 1972 778 coercitis

120 828 227 885 per
249 803 587 881 Calabriam
618 826 919 877 servorum
947 801 1278 881 agminibus
1306 819 1505 882 pacem
1533 803 1736 865 Italiae
1765 808 1972 863 turba-—

122 904 230 953 ret.
253 889 257 893 ’
316 888 418 950 Oh
443 889 587 949 haec
608 913 768 949 mors
795 892 1017 950 indicta
1041 891 1298 948 multum
1322 886 1661 947 adversante
1680 888 1971 965 Narcisso}

121 979 224 1055 qui
260 973 653 1053 Agrippinam
690 979 874 1052 magis
910 977 1210 1052 magisque
1247 987 1578 1051 suspectans
1617 978 1971 1056 prompsisse

121 1064 279 1120 inter
316 1063 617 1138 proximos
653 1064 977 1132 ferebatur,
1043 1072 1258 1118 certam
1299 1060 1413 1121 sibi
1453 1053 1801 1136 perniciem,
1870 1082 1972 1120 seu

119 1146 499 1206 Britannicus
519 1148 718 1205 rerum
744 1168 846 1204 seu
870 1147 1026 1203 Nero
1053 1146 1357 1220 potiretur.
1444 1166 1660 1202 verum·
1689 1146 1768 1203 ita
1802 1147 1874 1203 de
1912 1167 1971 1203 se

121 1233 398 1291 meritum
411 1231 747 1302 Caesarem,
771 1244 838 1290 ut
858 1231 1040 1288 vitam
1062 1231 1197 1287 usui
1222 1231 1346 1287 eius
1371 1230 1753 1306 impenderet.
1809 1230 1973 1295 Con-⁴-

121 1319 334 1375 victam
368 1317 773 1374 Messallinam
811 1328 868 1374 et
905 1315 1145 1393 Silium:
1202 1335 1371 1392 pares
1408 1316 1622 1372 iterum
1664 1319 1976 1386 accusandi

122 1422 320 1462 causas
348 1421 487 1462 esse.
574 1402 623 1458 si
644 1396 805 1464 Nero*
826 1403 1217 1477 imperitaret,
1256 1399 1602 1462 Britannico
1631 1407 1975 1474 successore,

5 1477 50 1553 f
119 1488 644 1563 nullumprincipi
677 1488 983 1544 meritum:
1040 1508 1105 1543 ac
1140 1500 1428 1543 novercae
1459 1486 1691 1542 insidiis
1729 1488 1975 1544 domum

1080 1704 1215 1807 ῗῗᾱι.
1247 1675 1329 1748 le..
1363 1704 1462 1749 edd.
1493 1704 1599 1755 Put.
1629 1705 1696 1749 M.
1719 1714 1762 1760 et
1781 1695 1842 1750 v.
1867 1670 1973 1762 nerss

1080 1786 1085 1794 ·
1144 1777 1187 1807 C·
1344 1787 1347 1791 ¹

117 1719 214 1762 sqq.
243 1728 303 1739 —
360 1705 596 1748 vinolenta
620 1705 752 1772 MSS.
775 1703 900 1749 Harl.
923 1684 1008 1749 les.

119 1762 230 1819 Reg.
266 1761 384 1804 Bud.
426 1762 558 1806 Bodl.
602 1764 666 1817 (m
705 1766 865 1822 marg.)
902 1763 1010 1809 edd.

120 1818 239 1876 Spir.
276 1819 378 1863 Put.
416 1819 483 1864 M.
523 1820 668 1863 Rhen.
715 1838 812 1879 sqq.
854 1830 899 1864 et
941 1819 1010 1863 ed.

120 1875 334 1920 Broterii.
403 1876 567 1921 Parem
601 1878 834 1935 utriusque
867 1893 1009 1924 voca-

120 1933 218 1976 buli
253 1934 567 1979 confusionem
606 1935 802 1978 vidimus
844 1938 910 1986 11,
942 1935 1010 1978 16.

122 1989 238 2034 Vide
260 1993 392 2036 etiam
413 1992 520 2036 infr.
549 2009 586 2036 c.
607 1993 665 2035 67
689 2002 731 2036 et
757 1993 824 2044 13,
845 1994 922 2036 20.-

176 2063 474 2106 devinez‘ebat.
531 2063 614 2106 Ed.
638 2063 755 2122 Spir.
786 2065 1011 2107 deuince-

120 2121 216 2163 bat.
278 2119 379 2164 MS.
401 2121 508 2179 Agr.
533 2124 837 2166 demulcebat.
908 2145 910 2147 ·
939 2143 945 2148 ·

179 2205 296 2246 quae
315 2192 422 2247 filio
448 2195 564 2233 dare
596 2193 863 2246 imperium.
903 2190 1010 2234 “ln-

117 2246 216 2348 gelg.
249 2249 426 2311 quibat,
467 2248 589 2306 quod
622 2249 726 2293 latet
767 2251 815 2293 in
849 2252 1009 2306 nequi-

147 2319 179 2347 a
202 2337 214 2349 .
913 2331 915 2334 >

179 2373 294 2418 CAP.
348 2375 419 2418 65.
490 2377 670 2420 obiecta
718 2385 848 2421 sunt.

120 2433 240 2491 Spir.
263 2439 372 2475 sunt
390 2430 584 2476 bbiecta.

179 2504 452 2560 coniugium.
495 2505 570 2548 Sic
580 2504 713 2548 MSS.
730 2505 845 2549 Bud.
861 2504 1012 2548 Guelf.

122 2561 310 2619 aliique,
338 2562 436 2604 edd.
461 2561 578 2620 Spir.
603 2572 647 2606 et
667 2573 777 2607 vett.
797 2563 1016 2606 recentio-

120 2634 282 2677 resque
304 2635 475 2671 omnes.
516 2648 563 2655 -—
615 2621 856 2674 coniugem
879 2619 1014 2663 MSS.

122 2676 247 2720 Flor.
282 2677 395 2730 (test.
429 2676 547 2721 Viet.
584 2693 623 2720 c.
653 2677 724 2734 al.)
758 2677 870 2735 Reg.
945 2676 1014 2722 Cf.

123 2741 220 2777 not.
249 2733 303 2776 ad
326 2734 455 2784 2,·13.
489 2735 586 2777 sub.
621 2751 663 2777 v,
694 2737 1014 2777 matrimonia.

123 2790 303 2833 Etenim
335 2799 385 2833 ut
412 2791 473 2834 ibi
509 2793 815 2835 matrimonia
845 2792 905 2836 ita
945 2792 1017 2835 hic

123 2848 389 2902 coniugium
436 2864 533 2892 non
575 2849 850 2949 dici‘potest
893 2849 1016 2892 idem

125 2922 218 2950 esse
249 2922 302 2948 ac
332 2906 601 2960 coniugem3
642 2923 685 2950 se
736 2907 890 2949 >innuit
912 2916 1015 2950 tan-

122 2971 220 3006 tum
247 2964 498 3020 coniugem.
556 2964 672 3007 Nam
698 2964 733 3006 si
765 2964 863 3022 quis
901 2980 1012 3006 con-

124 3020 171 3063 iu
204 3019 296 3062 'um
328 3020 512 3064 alicuius
543 3021 652 3079 petit
683 3021 1015 3073 devotionibus,

124 3077 164 3121 is
213 3077 300 3120 aud
324 3077 457 3120 dubie
477 3080 586 3135 petit
609 3080 861 3136 coniugem.
923 3079 1013 3122 Ce-

126 3142 273 3177 terum
310 3134 385 3178 vix
412 3135 637 3184 abstineo,
679 3136 788 3193 quin
821 3136 1012 3194 seriptu-

125 3207 223 3234 ram
252 3191 356 3235 cod.
377 3191 499 3241 Flor,
529 3192 752 3237 in·locum
777 3209 911 3240 suum
936 3210 1014 3237 re-

124 3265 307 3309 ponam.

185 3309 242 3348 ob
261 3308 389 3349 haec.
446 3305 531 3350 Ed.
554 3305 670 3365 Spir.
696 3308 750 3349 ob
771 3309 869 3350 hoc.
930 3307 1019 3351 Sed

128 3361 257 3422 plura
280 3373 399 3407 sunt.

467 3420 544 3465 Sic
589 3421 691 3466 MS.
733 3422 858 3466 Flor.
896 3422 1016 3492 (lest.

189 3422 379 3469 indicta.

132 3475 270 3533 vict.)
294 3479 395 3523 edd.
419 3478 451 3521 S
484 3478 536 3521 ir.
556 3478 700 3522 Rhen.
726 3497 746 3523 s
780 3496 824 3538 q.
854 3504 913 3513 -
943 3495 1016 3523 ιη-

133 3534 235 3578 aim
264 3535 398 3579 Mss.
498 3537 540 3581 d.
569 3536 720 3581 Guenf.
794 3553 862 3596 eg.
892 3536 1018 3584 Harl.

924 2376 1009 2421 Ed.

1080 1852 1084 1853 ν
1140 1822 1444 1874 impenderet.
1496 1818 1588 1867 Ed.
1605 1817 1723 1878 Spir.
1745 1822 1978 1878 impende-

1080 1886 1232 1922 retur.
1573 1923 1575 1926 .
1664 1909 1680 1927 4
1723 1916 1777 1930 ,

1139 1935 1417 1979 convictam.
1496 1932 1584 1978 Ed.
1618 1933 1742 1994 Spir.
1784 1938 1979 1993 conium-7

1082 2000 1226 2035 ctam.
1680 2036 1684 2041 ,
1726 2015 1729 2017 >
1963 2020 1968 2026 ·

1138 2049 1182 2091 si
1189 2050 1317 2091 Nero
1338 2048 1662 2104 imperitaret,
1694 2050 1980 2107 Britannico

1081 2110 1323 2150 succesore
1338 2137 1350 2154 ‚
1392 2109 1579 2148 nullum
1602 2108 1803 2162 przfeteipi
1820 2112 1977 2162 „meri-7

1081 2172 1215 2207 tum.-
1249 2178 1304 2204 ac
1325 2178 1550 2206 novercae
1582 2172 1667 2211 etc.
1690 2204 1695 2215 ,
1725 2165 1978 2224 Locus,0i,u

1081 2238 1174 2280 quo
1198 2229 1273 2265 aut
1299 2219 1561 2278 explicando
1587 2230 1663 2265 aut
1696 2224 1979 2279 emendando

1082 2287 1158 2323 aut
1188 2278 1378 2336 denique
1412 2277 1670 2336 castigando
1695 2281 1824 2324 multi
1847 2282 1981 2338 labo-,-

1082 2343 1256 2380 rarunt.
1343 2335 1488 2378 Nemo
1549 2334 1775 2381 satisfecit.
1862 2339 1981 2384 Nan'l

1082 2392 1389 2437 Freinshemio
1418 2392 1629 2436 suadente
1659 2393 1871 2444 fatalibus.
1898 2396 1982 2442 hoe-

1083 2451 1155 2493 die
1198 2451 1328 2493 uncis
1371 2449 1546 2493 inclusa
1586 2451 1781 2503 eduntur
1818 2454 1979 2504 verba:

1082 2509 1125 2549 si
1142 2508 1266 2549 Nero
1289 2539 1300 2549 .
1321 2539 1332 2550 .
1353 2539 1363 2550 .
1387 2522 1465 2559 ac,
1505 2507 1977 2568 tanquamabolenda,

1085 2564 1229 2607 Nemo
1256 2573 1407 2607 tamen
1441 2563 1659 2610 adhuc,id
1688 2563 1864 2611 facinus
1888 2584 1979 2613 {au-

1085 2638 1158 2665 sus
1192 2629 1279 2672 est,
1320 2620 1405 2664 nisi
1435 2621 1558 2678 quod
1580 2620 1778 2666 Rick-lefs
1800 2622 1848 2668 in
1871 2625 1980 2679 Verr-

1085 2679 1213 2722 sione
1239 2675 1391 2721 omisit
1418 2677 1570 2720 locum
1601 2678 1701 2721 sine·
1723 2692 1982 2735 sensu'esse

1085 2743 1223 2778 ratus.
1306 2734 1432 2778 Libri
1475 2743 1646 2780 veteres
1684 2736 1754 2780 nil
1797 2739 1983 2792 variant,

1086 2792 1170 2836 nisi
1195 2792 1318 2850 quod
1340 2791 1441 2834 MS.
1453 2791 1564 2848 Reg.
1586 2799 1630 2835 et
1651 2793 1721 2842 ed·
1736 2794 1853 2852 Splr.
1871 2796 1983 2850 dant

1088 2851 1387 2905 impeditur-et
1406 2864 1489 2906 pro
1515 2850 1813 2906 imperitaret
1826 2870 1842 2904 ;
1857 2853 1981 2901 ⁴„MS.

1088 2908 1210 2950 Flor.
1249 2910 1312 2949 ad
1347 2922 1432 2964 pro
1472 2921 1551 2955 ac,
1607 2907 1759 2952 vitiose
1792 2925 1876 2967 pro
1909 2919 1978 2958 ot.

1088 2966 1327 3008 Diversam
1362 2971 1511 3006 tamen
1532 2963 1880 3023 interpungendi
1903 2985 1983 3012 ra·-

1086 3022 1255 3066 tionem
1279 3028 1540 3078 sequuntur.
1586 3021 1669 3064 Ed.
1686 3023 1805 3081 Spir.
1825 3055 1836 3067 .
1850 3055 1862 3066 .
1877 3055 1889 3067 .
1905 3026 1986 3071 Si-

1086 3082 1216 3123 lium.
1254 3092 1398 3134 pares
1429 3101 1486 3112 —-
1519 3091 1799 3124 successore.
1857 3081 1984 3125 Nul-

1086 3140 1186 3179 lum
1222 3163 1281 3172 -
1320 3135 1562 3178 meritum=
1615 3151 1670 3178 ac
1709 3146 1793 3180 etc.
1865 3137 1983 3191 Edd.

1086 3194 1190 3237 Put.
1213 3193 1280 3236 M.
1306 3202 1349 3236 et
1374 3191 1427 3235 V.
1452 3192 1556 3235 Ber.
1582 3192 1679 3236 Ale.
1710 3195 1880 3239 Silium
1893 3213 1983 3252 pa·

1087 3266 1166 3295 res
1185 3274 1243 3284 —
1263 3264 1359 3292 esse
1372 3264 1385 3291 .·
1410 3250 1454 3292 si
1470 3272 1528 3293 ·.--
1546 3263 1828 3295 successore.
1867 3255 1981 3307 Nul-

1090 3312 1192 3350 lum
1230 3335 1288 3343 -.-
1329 3307 1549 3350 meritum
1581 3322 1636 3351 ao
1667 3317 1763 3359 etc.
1825 3310 1913 3356 Sic
1938 3320 1984 3361 et

1091 3366 1193 3408 MS.
1209 3363 1360 3407 Guelf.
1375 3364 1457 3407 nisi
1478 3364 1599 3421 quod
1619 3364 1785 3417 omittit
1804 3382 1859 3410 ac
1879 3377 1982 3417 ante

1089 3436 1329 3465 novercae.
1398 3421 1481 3464 Ed.
1508 3420 1653 3465 Rhen.
1685 3454 1697 3465 .
1720 3452 1733 3467 .
1755 3453 1767 3466 .
1791 3426 1979 3470 Silium.

1090 3475 1244 3524 Pares
1271 3502 1329 3512 -
1369 3492 1479 3522 esse.
1557 3478 1613 3524 Si
1639 3481 1762 3524 Nero
1789 3508 1860 3524 -.-,
1875 3497 1980 3527 suc-

1091 3551 1297 3586 cessere,
1348 3538 1530 3580 nullum
1554 3562 1610 3573 --
1639 3539 1883 3590 meritum,
1924 3557 1980 3587 ae
