2164 3990
17 0 85 36 'auva
112 0 122 15 τ,

38 20 49 44 Ἴι’

43 55 52 77 .,
61 52 70 58 .

137 0 213 51 Ax?
248 12 251 14 ’
716 20 722 25 -
866 45 872 53 ⁸
1541 0 1571 11 “”

170 243 390 283 A.U.1208.

84 322 88 327 .
174 288 224 334 A.
245 287 301 329 c„
333 288 394 323 55.

599 246 774 308 LIB.
805 245 974 307 XIII.
1055 243 1249 307 (ΖΑ-Ρ.
1286 246 1340 306 8.
1373 246 1430 307 9.
1802 240 1953 310 ’155-

89 389 405 447 maneret,-
438 397 544 451 par
590 376 810 433 civium
846 376 1254 453 sociorumque
1289 395 1572 433 numerus
1607 373 1937 435 Corbuloni

90 475 269 534 esset,
310 462 524 519 additis
545 456 886 518 cohortibus
914 461 1135 537 alisque
1159 475 1306 537 quae
1329 461 1485 534 apud
1507 458 1938 536 Cappadociam

87 539 452 610 hiemabant:
496 546 643 603 socii
664 564 864 619 >regeS,
904 557 1081 619 prout
1118 547 1274 601 bello
1313 545 1937 621 conduceret‚‘parere

88 633 249 693 iussi.
360 633 461 688 sed
510 631 704 688 studia
759 650 962 686 eorum
1012 630 1078 684 in
1120 628 1522 693 Corbulonem
1574 624 1977 706 promptiora'

91 729 275 776 erant.
351 716 484 793 qui,
525 727 594 775 ut
624 717 812 771 famae
847 715 1185 785 inserviret,
1229 715 1482 791 quaein
1513 716 1685 771 novis
1719 717 1940 791 coeptis

88 801 446 865 validissima
486 812 595 869 est,
653 801 860 858 itinere
911 819 1162 874 propere
1212 801 1473 857 confecto
1518 798 1675 874 apud
1713 796 1940 874 Aegeas

20 887 49 921 Ἀ
89 882 384 946 civitatem
418 884 660 943 Ciliciae
700 886 942 941 obvium
981 882 1344 963 Quadratum
1382 881 1590 942 habuit
1622 885 1765 945 illuc
1800 907 1943 961 pm..

91 991 379 1046 gressum,
423 991 526 1041 ne,
570 971 728 1046 sikad
763 969 1128 1044 accipiendas
1163 969 1359 1042 copias
1392 968 1626 1046 Syriam
1663 970 1941 1028 intravis-

92 1064 178 1114 set
203 1054 493 1125 CorbuIO,
538 1056 806 1111 omnium
845 1074 948 1110 ora
983 1054 1049 1108 in
1081 1073 1139 1109 se
1165 1064 1415 1110 verteret
1442 1075 1685 1129 corpore
1712 1055 1941 1130 ingenS‚

91 1135 298 1198 verbis
333 1141 656 1213 magnificis
703 1152 758 1197 et
805 1157 979 1212 super
1021 1139 1438 1213 experientiam
1485 1140 1944 1218 sapientiamque
2021 1164 2026 1173 ¹

96 1227 280 1286 etiam.
299 1227 488 1299 specie
511 1225 780 1281 inanium
803 1223 1053 1282 validus.
1747 1225 1755 1234 “
1901 1287 1903 1290 ⁴

265 1307 370 1368 IX.
446 1307 719 1366 Ceterum
774 1319 1021 1383 uterque
1065 1304 1416 1380 Vologesem
1468 1295 1663 1381 regem
1718 1310 1945 1368 nuntiis

93 1395 442 1463 monebant,
483 1414 686 1469 pacem
723 1413 899 1469 quam
926 1392 1150 1448 bellum
1181 1393 1382 1448 mallet
1417 1393 1682 1470 datisque
1721 1396 1946 1453 obsidi-

96 1481 207 1537 bus
230 1479 461 1535 solitam
483 1479 782 1554 prioribus
803 1478 1192 1534 reverentiam
1217 1478 1280 1532 in
1301 1478 1586 1552 populum
1603 1477 1944 1538 Romanum

96 1565 482 1623 continuaret.
588 1561 669 1621 Et
703 1562 1049 1637 Vologese&
1115 1583 1231 1639 quo
1267 1562 1490 1619 bellum
1529 1583 1597 1619 ex
1635 1567 1944 1638 commodo

1056 1790 1149 1835 lon.
1178 1793 1213 1842 1,
1239 1791 1305 1834 12.
1338 1813 1397 1824 —·-
1453 1805 1535 1843 ne,
1574 1791 1620 1834 si
1645 1795 1711 1834 ad
1736 1800 1820 1837 etc.
1845 1793 1946 1839 MS.

1058 1847 1210 1892 Guelf.
1255 1856 1305 1891 ut
1330 1849 1373 1891 si
1389 1850 1453 1890 ad
1475 1856 1563 1890 etc.

1114 1919 1214 1947 ora.
1275 1905 1362 1947 Ed.
1389 1904 1506 1961 Spir.
1535 1919 1692 1949 oram.
1744 1915 1746 1918 ’

1114 1963 1388 2016 magnificis.
1448 1962 1524 2004 Sic
1548 1961 1648 2005 MS.
1675 1964 1797 2006 Flor.
1826 1966 1947 2019 (test.

1056 2017 1194 2076 vict.)
1220 2019 1290 2063 ed.
1311 2019 1427 2076 Spir.
1487 2018 1635 2076 Vulgo
1663 2025 1949 2079 magnficus,

1056 2077 1179 2135 quod
1213 2084 1278 2118 est
1310 2076 1356 2118 in
1391 2074 1491 2118 MS.
1527 2075 1677 2121 Guelf.
1717 2080 1819 2124 edd.
1845 2080 1948 2125 Put.

97 1793 156 1846 (c.
178 1791 324 1835 silent.
350 1791 493 1846 Viet.)
527 1790 629 1835 Alc.
666 1790 810 1833 Rhen.
848 1791 982 1833 Vim·-

97 1850 242 1892 dium.
301 1848 400 1891 MS.
415 1847 568 1891 Guels.
584 1851 870 1893 Nemzidc'um.
924 1850 984 1892 cf.

99 1916 195 1951 not.
219 1907 273 1949 ad
302 1907 369 1956 12,
390 1906 463 1949 45.
1018 1931 1021 1935 ,

147 1978 244 2018 par
282 1964 465 2006 civium.
542 1961 624 2005 Ed.
657 1961 688 2004 S
723 1961 774 2005 ir.
811 1970 853 2005 et
886 1962 986 2005 MS.

98 2019 252 2063 Guelf.
280 2034 402 2073 pars
434 2019 620 2063 civium.
693 1978 791 2062 1I'ro
824 2034 987 2070 rema-

95 2085 224 2120 neret
243 2076 345 2120 MS.
365 2078 474 2134 Agr.
501 2082 824 2119 remanerent.

152 2136 348 2189 alisque,
369 2150 503 2190 quae.
563 2133 640 2177 Sic
661 2131 984 2176 edd.Beroa1d.

99 2194 156 2245 (e.
188 2192 330 2235 silent.
353 2191 494 2246 Vict.)
526 2190 668 2234 Rhen.
705 2207 803 2249 sqq.
874 2191 986 2232 aliis

99 2265 219 2306 quae
241 2249 341 2294 MS.
366 2249 476 2305 Agr.
500 2250 569 2291 ed.
592 2249 711 2306 Spir.
792 2247 985 2302 aliisque

99 2321 222 2363 quae
259 2307 361 2350 edd.
397 2306 500 2348 Put.
540 2306 609 2348 M.
649 2313 693 2348 et
722 2305 780 2349 V.
820 2304 985 2348 Aleiat.

99 2389 157 2396 —
185 2365 378 2419 aliisque
399 2363 509 2418 (sine
529 2366 664 2418 quae)
704 2362 805 2405 MS.
834 2360 987 2403 Guelf.

158 2423 284 2474 opud
323 2421 683 2474 Cappadociam.
777 2419 853 2462 Sic
888 2416 987 2460 MS.

102 2477 256 2522 Guelf.
282 2477 382 2520 edd.
405 2476 508 2518 Put.
536 2476 600 2518 M.
627 2484 669 2518 et
686 2477 740 2517 V.
766 2470 868 2518 Ber.
888 2475 987 2517 Alc.

99 2536 243 2578 Rbeu.
269 2550 363 2592 sqq.
388 2561 448 2570 —
493 2534 826 2588 «Cappadocia,
854 2529 990 2573 simul

102 2592 267 2636 omissa
310 2590 664 2649 praepositione,
716 2590 818 2633 MS.
860 2587 989 2630 Flor.

107 2653 223 2704 (test.
256 2648 395 2701 Vict.)
433 2649 502 2690 ed.
538 2647 654 2706 Spir.
688 2671 743 2680 -—
802 2647 992 2701 Cappa-

104 2707 267 2749 dociae
287 2706 387 2750 MS.
415 2707 520 2762 Agr.

159 2765 414 2806 inserviret.
473 2761 690 2819 Ed.spir.
717 2761 883 2804 omittit
905 2759 993 2804 hoc

103 2821 317 2871 verbum3
345 2835 462 2875 quae
490 2827 555 2861 est
579 2821 628 2860 in
653 2835 696 2861 n.
720 2835 756 2862 c.
783 2833 823 2861 υ.

158 2892 376 2932 propere.
455 2877 558 2920 MS.
606 2879 716 2934 Agr.
755 2889 993 2931 praepro-

139 2950 230 2978 ere.

102 2952 136 2992 p
162 2995 358 3045 Aegeas.
405 2989 482 3034 Sic
502 2990 604 3033 edd.
627 2998 816 3033 reeentt.
841 2998 993 3034 aueto-

105 3050 230 3092 ribus
264 3047 411 3105 Lipsio
446 3058 486 3090 et
523 3047 734 3090 Picbena.
796 3048 993 3091 Consen-

104 3108 222 3151 tiunt
265 3105 357 3147 fere
403 3103 532 3148 MSS.
575 3104 698 3147 Flor.
735 3103 845 3162 Reg.
883 3107 991 3161 Agr.

105 3163 231 3208 Harl.
273 3162 404 3205 Bodl.
445 3162 526 3206 les.
569 3161 682 3203 Bud.
726 3160 879 3207 Guelf.
924 3161 992 3204 ed.

106 3221 226 3279 Spir.
272 3218 346 3276 qui
388 3219 489 3262 libri
537 3222 644 3261 dant
685 3218 851 3271 Egeas.
932 3216 994 3262 cf.

105 3279 196 3322 Dio
218 3277 288 3328 47,
314 3275 382 3319 30.
414 3276 507 3333 (qui
539 3276 669 3317 habet
703 3277 752 3318 ἐν
775 3277 997 3333 Αἷγέαις),

106 3337 267 3381 Strabo
294 3335 368 3386 14,
399 3349 443 3390 p.
467 3333 550 3376 676
573 3333 825 3396 (Alyafcg).
878 3333 998 3377 Con-

106 3402 177 3436 tra
223 3391 327 3435 edd.
361 3389 466 3433 Put.
508 3389 574 3431 111,
618 3398 662 3432 et
701 3390 758 3432 V.
792 3389 997 3433 Beroald.

107 3449 208 3493 Ale.
241 3449 383 3492 Rhea.
411 3465 430 3490 s
466 3463 507 3503 q.
536 3446 673 3500 Egas.
745 3445 804 3489 ef.
832 3447 997 3490 Lucan.

108 3506 151 3554 ὅ,
182 3505 280 3549 327.
315 3503 412 3561 (qui
435 3463 580 3546 (babet
614 3505 803 3559 Aegae).
885 3503 999 3546 Item

108 3561 227 3609 Ptin.
251 3563 290 3615 5,
305 3562 375 3606 22.
413 3560 666 3605 Philostrat.
692 3561 746 3605 de
768 3561 842 3605 vit.
859 3559 998 3620 Apol-

1056 2135 1124 2178 M.
1150 2142 1192 2176 et
1214 2133 1270 2176 V.
1291 2133 1390 2176 Ber.
1413 2132 1511 2176 Alc.
1535 2134 1680 2178 Rhen.
1708 2153 1803 2194 sqq.

1113 2206 1260 2244 specte
1281 2191 1512 2233 inanium.
1576 2192 1652 2235 Sic
1675 2193 1777 2237 MS.
1798 2193 1950 2239 Guelf.

1058 2249 1157 2292 edd.
1194 2248 1296 2290 Put.
1334 2248 1399 2290 M.
1431 2247 1472 2289 εἰ
1498 2248 1552 2291 V.
1583 2248 1791 2295 Beroald.
1827 2254 1950 2307 (cum

1058 2306 1204 2350 silent.
1228 2304 1365 2361 Viet.)
1391 2301 1494 2347 Ale.
1557 2305 1672 2349 Satis
1707 2307 1841 2363 igitur
1872 2310 1951 2352 du-

1059 2363 1183 2406 bium
1213 2370 1276 2404 est
1304 2361 1426 2418 quod
1448 2361 1643 2406 Piebena
1670 2381 1693 2407 e
1712 2356 1812 2408 MS.
1830 2366 1952 2412 Flor.

1059 2419 1208 2463 adfert
1228 2421 1372 2473 specie
1393 2419 1442 2459 J'n
1463 2421 1693 2464 animum.
1741 2422 1951 2481 Ed.Spir.

1059 2491 1189 2530 spem
1230 2479 1278 2516 in
1318 2477 1563 2525 animum,
1621 2478 1778 2522 eodem
1822 2480 1952 2531 vitio,

1063 2549 1152 2589 quo
1190 2531 1419 2575 laborabat
1452 2549 1585 2590 supra
1614 2551 1653 2578 c.
1678 2536 1719 2577 5.
1756 2544 1800 2579 et
1830 2537 1950 2582 alibi.

1061 2589 1162 2632 MS.
1195 2590 1312 2632 Bud.
1348 2604 1428 2644 spe
1462 2592 1509 2632 in
1545 2593 1780 2646 animum,
1834 2596 1954 2640 unde

1061 2647 1203 2689 Rhen.
1234 2645 1341 2689 fecit
1371 2661 1452 2700 Spe
1490 2649 1724 2692 inanium.
1780 2652 1953 2703 ,Veram

1062 2705 1332 2760 scripturam
1365 2705 1595 2747 revocavit
1619 2707 1815 2763 Lipsius.
1872 2709 1953 2753 Ea-

1065 2763 1167 2804 dem
1201 2759 1406 2802 confusio
1443 2763 1639 2806 recurrit
1671 2763 1783 2808 Hist.
1815 2766 1857 2818 3,
1882 2767 1953 2810 84.

1064 2820 1152 2861 An.
1194 2818 1258 2868 15,
1295 2818 1365 2860 79.
1407 2825 1449 2860 et
1490 2819 1643 2862 multis
1682 2821 1776 2866 aliis
1826 2824 1953 2871 locis.

1067 2874 1211 2933 Culpa
1243 2882 1307 2917 est
1333 2875 1378 2916 in
1406 2876 1677 2934 compendio
1707 2881 1955 2938 scripturae

1065 2942 1167 2986 ερῦ,
1219 2931 1339 2989 quod
1382 2931 1454 2974 alii
1487 2948 1698 2991 accepere
1740 2953 1824 2995 pro
1858 2953 1955 2993 spe,

1067 2990 1139 3034 alii
1163 2993 1249 3047 pr&
1265 3003 1406 3041 spem.

1125 3048 1236 3091 CA'P.
1258 3047 1300 3088 9.
1365 3046 1654 3099 Vologesem.
1713 3049 1813 3094 MS.
1829 3051 1955 3097 Flor.

1069 3105 1183 3159 (test.
1198 3102 1339 3154 vict.)
1364 3105 1428 3143 ad
1452 3104 1733 3158 Vologesen,
1769 3107 1957 3160 doctius,

1069 3177 1203 3219 quam
1229 3168 1273 3202 ut
1297 3159 1480 3202 librario
1508 3161 1641 3204 tribui
1670 3163 1814 3207 liceat.
1877 3166 1957 3210 Ce-

1068 3218 1151 3260 teri
1195 3217 1293 3259 libri
1330 3218 1560 3273 vulgatum
1595 3227 1794 3264 tuentur.
1872 3214 1955 3268 Ed.

1069 3275 1099 3317 S
1120 3276 1186 3317 ›ir.
1241 3289 1324 3331 pro
1382 3281 1574 3330 uterque
1631 3277 1705 3320 dat
1757 3281 1955 3338 utrique.

1069 3293 1177 3374 111οκ
1199 3332 1300 3373 MS.
1321 3328 1473 3374 Guelf.
1498 3336 1722 3378 monebat
1742 3352 1825 3395 pro
1849 3352 1958 3382 mo..

1069 3391 1256 3432 nebant.

1129 3460 1191 3487 εει*
1226 3448 1481 3489 commodo.
1552 3446 1615 3490 Ex
1649 3451 1958 3499 emendatione

1070 3502 1290 3554 Met-ceri,
1364 3518 1496 3559 quam
1531 3507 1708 3563 'recepit
1744 3508 1957 3555 Pichena.

1073 3559 1199 3605 Idem
1239 3576 1262 3602 e
1298 3559 1399 3605 MS.
1430 3560 1553 3606 Flor.
1579 3564 1742 3615 :adfert
1774 3580 1837 3615 ex
1871 3583 1961 3626 quo
