2164 3990
635 0 638 3 '
657 0 680 22 Ι

119 235 170 271 Α.
186 233 238 270 υ.
257 223 340 269 εἰτ.

119 277 236 314 ...a
278 277 340 311 ⁶..
580 234 750 297 ΜΒ.
787 234 919 294 xv.
997 192 1190 296 cip.
1227 236 1326 296 25.
1762 238 1884 301 355

125 330 138 349 'i
201 364 390 426 XXV.
459 358 707 420 Talibus
747 361 1056 437 Vologesis
1090 362 1327 433 litteris,
1369 363 1506 440 quia
1538 360 1751 426 Paetus
1791 372 1884 427 di-

33 473 205 510 versax
247 444 526 528 tanquam
579 449 754 504 rebus
809 448 1051 521 integris
1100 448 1413 517 scrihebat,
1491 449 1884 528 interrogatus

34 535 332 606 centurio,
381 535 485 612 qui
517 553 649 590 curn
689 532 892 606 legatis
927 534 1271 600 advenerat,
1322 553 1437 610 quo
1475 532 1539 590 in
1576 546 1730 594 statu
1764 540 1884 603 Ar..

33 621 226 678 menia
254 620 438 677 esSet‘?
495 636 700 674 omnes
724 616 863 673 inde
887 615 1193 676 Romanos
1226 617 1530 675 excessisse
1557 626 1879 696 respondit.

34 707 194 764 Tum
233 705 526 762 intellecto
578 702 965 771 barbarorum
1004 701 1222 770 inr'isu,
1285 703 1390 779 qui
1421 714 1685 778 peterent
1722 713 1881 784 quod
1955 719 1964 725 ”

34 793 393 867 eripuerant,
435 787 731 844 consuluit
756 787 911 844 inter
933 787 1220 862 primores
1254 787 1503 844 civitatis
1522 787 1712 861 Nem,
1754 795 1884 851 hel-

34 878 157 933 lum
193 893 405 949 anceps
444 893 533 929 an·
556 893 665 947 pax
701 868 1017 929 inhonesta
1051 870 1343 946 placeret?
1404 892 1512 929 nec
1549 875 1882 936 dubitatum

33 963 105 1017 de
141 960 318 1019 bello.
413 954 495 1015 Et
529 956 791 1014 Corbulo
837 957 1306 1032 militum-atque
1341 952 1601 1015 hostium
1646 971 1733 1019 tot
1778 985 1884 1039 per

33 1064 218 1102 annos
245 1063 460 1118 gnarus
490 1043 776 1116 gerendae
809 1042 895 1097 rei
929 1040 1291 1117 praeficitur,
1332 1062 1407 1097 ne
1442 1043 1608 1101 cuius
1643 1046 1884 1107 alterius

34 1130 265 1187 inscitia
293 1149 528 1185 rursum
559 1138 921 1202 peccaretur,
959 1125 1103 1202 quia
1128 1123 1295 1181 Paeti
1328 1127 1613 1202 piguerat.
1699 1130 1885 1206 Igitur

33 1216 198 1271 inriti
241 1209 651 1282 remittuntur,
707 1232 841 1267 cum
874 1211 1047 1266 donis
1082 1221 1307 1280 tamen,
1361 1215 1519 1270 unde
1559 1234 1688 1289 spes
1721 1218 1885 1278 fieret

34 1320 168 1356 non
198 1301 412 1356 frustra
451 1298 654 1354 eadem
689 1308 995 1353 oraturum
1033 1294 1393 1366 Tiridatem,
1446 1298 1496 1352 si
1530 1320 1726 1373 preces
1764 1303 1886 1379 ipse

34 1384 335 1442 attulisset.
425 1381 745 1459 Syriaeque
777 1380 1069 1437 exsecutio
1091 1377 1328 1450 Cinci0‚
1370 1382 1572 1458 copiae
1602 1386 1884 1457 militares

93 1632 295 1678 CARQS.
353 1631 520 1674 inrisu.
581 1631 657 1675 Sic
683 1631 780 1675 MS.
797 1630 920 1675 Flor.

35 1700 134 1735 test.
169 1689 286 1734 Vict.
319 1713 374 1723 —
421 1690 577 1731 >irrisu
610 1689 709 1733 edd.
748 1698 849 1732 vett.
882 1705 921 1734 c.

995 1631 1206 1675 excutio.
1245 1638 1346 1674 test.
1379 1630 1411 1674 l.
1439 1630 1643 1678 Gronov.
1678 1640 1882 1683 excucio.

993 1686 1172 1730 Etenim
1208 1686 1293 1730 Iac.
1328 1688 1590 1734 Gronovius
1621 1709 1644 1734 a
1680 1693 1881 1740 victorio

36 1748 137 1790 cod.
163 1746 312 1792 Guelf.

91 1808 354 1848 inhonesta.
415 1802 475 1845 Ex
507 1804 822 1869 emendatione
846 1803 920 1846 Vi·

35 1859 921 1975 222?⁹1..}”231'3.‡÷²p‡¹1¹.¹¹ss2¹333,.3.¹2„⁸.3¹.‘3

34 1979 98 2022 vit
119 1938 356 2021 msc-aton.
381 1976 435 2020 R.
458 1974 514 2019 R·
549 1991 585 2018 c.
608 1976 677 2018 80.
738 1975 922 2034 Recepit

34 2035 242 2079 Pichena.
302 2033 416 2077 Nam
439 2033 486 2075 in
511 2034 612 2075 MS.
637 2032 759 2075 Flors
799 2034 917 2087 (test.

34 2091 155 2135 vict.
190 2107 229 2134 e.
261 2090 465 2146 Pichen.)
507 2098 571 2133 est
599 2091 800 2132 inhosta.
861 2088 920 2133 cf.

34 2157 129 2199 not,
161 2149 214 2192 ad
249 2147 361 2190 Hist.
394 2148 436 2198 2,
468 2145 540 2189 31.
631 2146 766 2190 MSS.
812 2146 920 2204 Reg.

33 2205 171 2250 Corb.
214 2204 328 2248 Bud.
385 2204 455 2248 ed.
504 2204 620 2260 Spir.
662 2206 713 2302 inl
750 2206 918 2247 hostes.

32 2263 146 2379 ἐξ·
162 2261 503 2368 tutatast·
530 2261 696 2361 ἲῗξῖῑέῖ
717 2278 761 2360 3².
779 2261 921 2361 ἳῗξὲῑ

35 2378 158 2421 Harl.
190 2375 321 2419 Bodl.
347 2375 430 2420 les.
459 2374 571 2418 Gne!
598 2406 608 2418 .
681 2375 921 2417 Salmasius

35 2436 90 2479 ad
124 2433 268 2478 Solin.
312 2449 353 2490 p.
382 2434 453 2477 24.
489 2431 688 2475 defendit
731 2434 923 2474 inhosea

35 2500 83 2534 ut
104 2507 258 2534 vocem
282 2489 492 2541 latinam3
528 2489 716 2547 explicat
743 2490 920 2544 iniqua.

37 2545 112 2594 Sic
139 2550 340 2599 hostire,
379 2548 728 2590 hostimentum.
807 2547 924 2590 Sunt

35 2606 253 2663 hodieque
277 2603 354 2664 qui
381 2621 485 2648 eum
501 2604 718 2647 Salmasio
741 2603 923 2647 saciant.

34 2663 118 2707 Sed
139 2662 305 2718 medias
331 2661 518 2729 syllabas
539 2660 723 2704 omissas
748 2661 795 2703 in
825 2659 923 2703 MS.

33 2716 156 2765 Flor.
193 2719 445 2779 saepissume
481 2717 678 2762 vidimus
712 2717 791 2772 (ef.
826 2725 919 2760 not.

35 2777 89 2820 ad
118 2782 152 2832 l,
171 2779 282 2833 20),
311 2785 352 2819 et
376 2775 649 2827 vocabulum
674 2776 921 2818 inhonesta

35 2834 138 2879 huic
162 2834 264 2878 loco
288 2833 462 2891 egregie
487 2832 717 2878 convenit.

95 2911 139 2946 et
177 2903 372 2947 Corbulo
415 2902 618 2944 militum
656 2912 794 2958 atque
833 2904 919 2944 leo-

36 2962 180 3013 stajtm
200 2967 267 3002 tot
279 2974 366 3013 per
385 2973 541 3002 annos
559 2974 739 3013 gnarus
756 2975 922 3014 geren-

36 3022 124 3060 dae
151 3018 226 3060 rei
248 3017 530 3073 praeficitur.
597 3015 730 3059 Hunc
763 3017 921 3060 verbo-

37 3091 139 3117 rum
189 3075 394 3117 ordinem
436 3081 618 3116 tuentur
657 3072 754 3117 MS.
797 3074 921 3118 Flor.

37 3132 150 3188 (test.
176 3131 378 3175 Victorio
409 3145 449 3173 c.
477 3129 563 3174 Iac.
594 3130 822 3184 Gronov.)
854 3133 921 3176 ed.

34 3189 151 3247 Spir.
193 3188 309 3232 unde
350 3187 510 3242 merito
550 3187 738 3244 recipio.
807 3189 919 3232 Edd.

39 3245 136 3289 Put.
162 3262 258 3305 sqq.
292 3250 395 3288 cuni
421 3243 522 3286 MS.
548 3243 702 3286 Guelf.
731 3253 777 3287 et
803 3246 918 3288 Cor..

37 3304 143 3345 bulo
167 3313 236 3346 tot
254 3317 340 3359 per
359 3315 509 3345 annos
530 3317 594 3343 m.
618 3310 757 3357 atque
777 3303 821 3346 h.
838 3318 919 3357 gn.

39 3370 121 3406 etc.

97 3431 237 3473 inriti.
296 3430 370 3475 Sic
391 3426 491 3472 MS.
508 3427 627 3470 Flor.
656 3429 769 3482 (test.
788 3428 923 3487 vict.)

39 3514 93 3524 -—
126 3488 251 3530 irriti
271 3487 368 3529 edd.
391 3495 496 3531 vett.
521 3502 563 3529 c.
589 3484 692 3528 cod.
715 3483 866 3530 Guelf.

95 3557 340 3602 exsecutio.
399 3544 649 3599 Ms.‘Ftor.
680 3562 777 3600 test.
806 3555 921 3600 vict.

992 1746 1036 1787 in
1055 1759 1107 1786 eo
1122 1744 1318 1787 diversus
1333 1754 1411 1794 est,
1430 1746 1549 1804 quod
1564 1750 1732 1807 saepius
1749 1769 1770 1794 e
1783 1753 1884 1798 MS.

994 1802 1117 1845 Flor.
1151 1802 1294 1844 adfert
1323 1803 1513 1847 litteram
1541 1821 1587 1856 c,
1619 1808 1694 1849 ubi
1718 1807 1793 1852 ille
1812 1812 1884 1854 ha-

994 1861 1066 1902 bet
1089 1866 1120 1901 t.
1179 1858 1291 1902 Edd.
1322 1868 1424 1905 vett.
1458 1867 1690 1912 executio,
1728 1867 1790 1908 uti
1815 1883 1884 1910 so-

994 1918 1101 1960 lent.
1151 1916 1247 1958 MS.
1263 1915 1415 1961 Guels.
1440 1923 1704 1975 exequutio,
1727 1922 1780 1965 de
1802 1941 1884 1967 sno

995 1989 1138 2016 more.
1220 1971 1501 2021 Vocabulum
1545 1981 1781 2021 exsecutio
1815 1983 1883 2024 Li·

994 2031 1089 2087 psio
1126 2039 1380 2086 suspectum
1412 2040 1493 2074 est.
1570 2033 1656 2077 Sed
1691 2043 1888 2095 exsequi

992 2087 1094 2131 alibi
1120 2102 1299 2144 quoque
1326 2087 1380 2131 de
1406 2089 1794 2138 administratione
1817 2097 1883 2139 rei

993 2142 1196 2202 publicae
1235 2154 1488 2203 usurpatur.
1549 2148 1604 2192 cs.
1633 2149 1754 2193 Suet.
1783 2153 1882 2198 Tib.

993 2218 1032 2244 c.
1054 2200 1122 2243 63.
1142 2216 1230 2255 ρει·
1253 2204 1434 2255 legatos
1457 2213 1501 2245 et
1517 2207 1759 2252 adiutores
1775 2225 1884 2254 suos

993 2262 1291 2312 exsequenda
1327 2271 1560 2304 curarent.
1624 2263 1766 2309 Tacit.
1796 2270 1881 2310 An.

998 2320 1035 2364 1,
1073 2319 1140 2359 11.
1169 2319 1333 2370 plures
1362 2317 1560 2371 sutilius
1604 2325 1772 2365 mum'a
1814 2327 1887 2368 rei

990 2376 1196 2427 publicae
1221 2375 1409 2415 sociatis
1428 2378 1661 2420 laboribus
1686 2393 1878 2424 exsecu-

995 2439 1139 2472 turos.
1230 2429 1402 2487 Nempe
1436 2430 1603 2487 Syriae
1647 2443 1884 2482 exsecutio

996 2487 1165 2529 dictum
1189 2495 1253 2527 est
1275 2502 1381 2543 pro:
1404 2489 1557 2545 Syriae
1572 2491 1881 2545 administran-

996 2544 1075 2586 dae
1108 2543 1176 2586 vel
1203 2543 1357 2600 Syriae
1387 2544 1783 2595 administrati-onis
1816 2570 1882 2597 ex·

996 2602 1182 2643 secutio.
1245 2601 1422 2644 Nomen
1457 2605 1718 2660 provinciae
1751 2611 1878 2668 poui-

997 2667 1068 2700 tur
1085 2673 1203 2758 d'pro
1262 2675 1446 2702 munere
1489 2663 1765 2718 provinciam
1809 2684 1880 2712 re*

996 2732 1078 2771 gen
1117 2727 1145 2758 ι’.

1051 2816 1214 2858 Cinam.
1275 2815 1353 2859 sie
1373 2817 1505 2861 MSS.
1532 2818 1652 2863 nari.
1679 2823 1761 2866 les.
1785 2816 1886 2870 edd.

993 2873 1026 2915 l.
1054 2874 1124 2915 Fr.
1147 2873 1355 2929 Gronov.
1386 2882 1428 2916 et
1453 2875 1756 2924 lae.Gr0nov.
1782 2899 1883 2944 sqq.

993 2954 1046 2964 -·
1081 2930 1233 2972 Cimio
1254 2930 1390 2974 MSS.
1418 2931 1549 2978 Bodl.
1575 2933 1726 2980 Guetf.
1746 2944 1791 2996 (a
1812 2957 1881 3000 pr.

994 3004 1053 3030 m.
1080 3003 1171 3029 nou
1186 2987 1316 3037 Citio,
1336 2988 1397 3030 uti
1452 2991 1619 3035 redidit
1630 2994 1883 3054 Ernestius)

994 3045 1092 3087 edd.
1121 3045 1224 3091 Put.
1249 3045 1315 3088 M.
1347 3055 1388 3089 et
1404 3005 1458 3088 ὅ.
1485 3047 1586 3091 Ber.
1608 3050 1708 3096 Alc.
1736 3052 1880 3099 Rhea.

994 3119 1091 3159 sqq.
1160 3102 1260 3145 Sec.
1294 3119 1355 3144 m.
1389 3104 1435 3145 in
1460 3102 1608 3151 Guelf.
1635 3107 1742 3152 fecit
1769 3111 1881 3154 Cin-

995 3163 1105 3202 llzio.
1154 3183 1201 3191 -—
1266 3159 1379 3202 Citio
1412 3161 1546 3205 MSS.
1567 3163 1692 3209 Flor.
1755 3171 1879 3222 (test.

996 3217 1131 3271 vict.)
1177 3215 1311 3259 Corb.
1350 3218 1455 3276 Agr.
1491 3218 1605 3264 Bud.
1654 3221 1707 3264 ed
1744 3226 1885 3282 Spir.;

992 3275 1080 3316 lac.
1108 3272 1373 3317 Gronovius
1395 3292 1416 3316 e
1440 3276 1540 3328 MS.
1569 3277 1694 3322 Flor.
1722 3282 1880 3339 prodi-

992 3330 1054 3372 dit
1080 3330 1222 3378 Cicio,
1252 3340 1300 3373 ut
1324 3341 1448 3376 antea
1471 3337 1673 3379 excucio.
1734 3338 1880 3396 Quae.

991 3388 1106 3430 ritur
1144 3397 1293 3432 utrum
1327 3387 1577 3440 Victorius,
1618 3410 1673 3436 au
1706 3393 1882 3443 Grono-

992 3444 1084 3487 vius
1131 3443 1292 3488 litteras
1332 3445 1689 3502 langobardicas
1726 3455 1882 3500 melius

993 3501 1214 3544 didicerit.
1274 3502 1638 3561 MS.Reg.T2·c1'0
1703 3504 1881 3565 Quodsi

992 3575 1014 3600 e
1047 3566 1247 3604 veterum
1284 3558 1504 3604 librorum
1526 3564 1723 3625 vestigiis
1749 3584 1882 3614 voca·

1193 3619 1323 3675 ΖΞ),
