2164 3990
588 293 764 355 LIB.
801 290 908 354 XI.
995 268 1187 353 CA‘P.
1223 263 1327 355 20.
1358 294 1462 356 21.
1867 273 1949 357 35

97 437 233 492 nien
249 421 539 503 triumphi
561 418 811 480 indulsit
835 420 1077 493 Caesar,
1116 422 1387 498 >quamvis
1415 422 1642 479 bellum
1677 427 1950 500 negavis-

100 510 198 577 s&
301 512 424 572 Nec
460 509 647 567 multo
684 518 817 583 post
857 505 1098 564 Curtius
1134 505 1330 576 Rufus
1366 509 1621 576 eundem
1657 505 1949 570 honorem

21 647 27 653 „
96 583 468 676 adipiscitur,
510 594 615 672 qui
637 593 702 649 in
724 613 860 667 agro
886 591 1169 650 Mattiaco
1191 593 1506 650 recluserat
1531 613 1735 670 specus
1768 617 1950 673 quae-

93 666 292 753 rendis
318 682 483 741 venis
508 679 761 754 argenti,
802 679 962 734 unde
986 679 1179 735 tenuis
1202 679 1426 756 fructus
1459 698 1568 736 nec
1603 680 1669 736 in
1703 681 1958 756 longum,

95 770 234 829 fuit:
300 780 359 826 at
404 765 737 841 legionibus
782 785 916 820 cum
959 765 1175 820 damno
1221 764 1390 827 labor
1442 776 1497 822 et
1541 764 1743 823 fodere
1789 764 1949 826 rivos

97 856 358 934 quaeque
400 854 467 909 in
509 863 708 927 aperto
747 849 945 928 gravia
999 845 1250 905 humum
1293 848 1447 907 infra
1491 851 1709 931 moliri.

185 296 236 334 Α.
249 284 302 331 U:
315 291 401 329 8⁰⁰.

185 341 236 376 A.
255 338 312 375 C.·'
324 343 327 345 ’
340 337 403 371 47·

1816 874 1950 929 qius

95 940 368 999 subactus
412 938 614 1007 mileS,
679 945 734 992 et
778 935 917 1012 quia
957 934 1157 1010 plures
1199 954 1306 1008 per
1350 935 1685 1010 provincias
1732 938 1949 1002 similia

93 1025 526 1092 tolerabantur,
570 1020 872 1095 componit
907 1019 1162 1076 occultas
1196 1018 1418 1076 litteras
1451 1021 1694 1080 nomine
1722 1015 1950 1080 ‘exerci-

94 1122 264 1168 tuum
294 1107 661 1185 precantium
690 1100 1132 1180 imperatorem,
1172 1114 1266 1173 ut,
1306 1105 1528 1181 'quibus
1557 1103 1950 1188 permissurus

98 1205 242 1262 esset
276 1193 583 1260 exercitUS,
625 1185 1007 1264 triumphalia
1035 1200 1170 1246 ante
1194 1189 1499 1251 tribueret.
1658 1188 1661 1191 ⁴

236 1280 430 1350 XXI.
514 1285 605 1344 De
654 1287 881 1360 origine
929 1283 1125 1344 Curtii
1167 1285 1339 1357 Rufi,
1407 1309 1582 1365 quem
1616 1290 1949 1365 gladiatore

97 1376 358 1452 genitum
383 1373 625 1451 quidam
662 1373 1005 1448 prodidere,
1059 1392 1251 1448 neque
1287 1373 1435 1430 falsa
1469 1376 1860 1451 prompserim
1894 1390 1951 1437 et

94 1458 232 1519 itera
257 1458 492 1536 exsequi
523 1458 722 1534 pudet.
807 1456 1129 1534 Postquam
1163 1458 1449 1529 adolevit,
1490 1471 1738 1545 sectator
1770 1483 1953 1538 quae-

94 1547 268 1605 storis
318 1545 414 1602 cui
447 1539 650 1600 Africa
695 1543 1011 1616 obtigerat,
1064 1544 1209 1602 dum
1252 1543 1318 1598 in
1369 1544 1588 1619 oppido
1621 1541 1951 1631 Adrumeto

99 1628 298 1690 vacuis
362 1649 470 1707 per
533 1628 795 1684 medium
862 1627 983 1683 diei
1048 1627 1374 1703 porticibus
1436 1640 1689 1688 secretus
1745 1633 1952 1706 agitat,

100 1835 203 1880 edd.
234 1834 339 1878 Put.
370 1833 439 1876 M.
469 1841 511 1876 et
536 1833 596 1875 V.
619 1832 846 1874 sBeroald.
882 1831 985 1874 Alc.
1058 1832 1179 1888 Spir.
1202 1831 1308 1875 Put.
1325 1832 1392 1874 M.
1407 1840 1451 1874 et
1463 1832 1523 1876 V.
1551 1833 1760 1877 Beroald.
1795 1837 1854 1890 (c.
1879 1834 1951 1881 sil.

98 1893 244 1937 Rhea.
267 1905 368 1947 sqq.
426 1889 514 1932 Iac.
533 1887 790 1932 Gronovius
817 1905 840 1930 e
862 1903 986 1930 com·
1058 1888 1270 1945 Victorii)
1312 1889 1414 1931 Alc.
1455 1887 1658 1933 Rhenan.
1690 1892 1794 1935 Ald.
1862 1894 1950 1938 Sed

97 1947 260 2008 pendio
283 1945 542 2003 scripturae,
559 1946 684 2003 quod
703 1954 767 1988 est
787 1945 833 1988 in
846 1944 986 1997 Flor„
1058 1944 1271 1989 suadente
1306 1945 1467 1989 eodem
1487 1946 1703 1991 Rhenauo
1737 1949 1840 1992 edd.
1869 1951 1969 1992 Er?

98 2008 172 2053 dat
198 2002 471 2059 praeduxit.
532 1999 606 2046 Sic
629 2001 791 2046 Noster
821 2002 888 2051 14,
913 2001 984 2046 32.
1665 2005 1782 2050 Edd.
1828 2009 1951 2066 Lips.

98 2063 186 2106 Sed
217 2069 371 2106 contra
402 2059 531 2103 illum
561 2067 728 2118 pugnat
753 2059 985 2112 Ernestius
1663 2062 1772 2106 Non
1800 2066 1950 2117 video,

99 2121 323 2176 donetque
336 2118 725 2174 praeducifossas‚
749 2133 860 2174 quae
878 2117 986 2160 fiant
1058 2132 1172 2175 quae
1209 2126 1265 2160 sit
1298 2118 1537 2161 mutandae
1565 2120 1726 2165 veteris
1760 2123 1950 2180 scriptu-

1058 2010 1171 2069 nest.
1218 2018 1317 2062 sqq.
1363 2003 1579 2063 effodere.

1057 2058 1184 2104 Pieh.
1221 2076 1321 2126 sqq.
1357 2061 1586 2116 ecfodere.

97 2174 352 2227 muniendi,
405 2173 609 2226 arcendi,
653 2173 987 2218 intercludendi

98 2249 244 2286 causa,
265 2232 386 2291 quod
400 2233 454 2276 ab
470 2231 558 2276 hoc
575 2230 679 2276 loco
698 2232 752 2274 sit
770 2232 984 2289 alienum.

98 2291 201 2335 Non
230 2298 403 2349 putem.
459 2288 575 2332 Nam
608 2289 724 2333 facta
760 2298 825 2340 est
854 2288 985 2341 fossa,

97 2365 185 2408 qua
208 2350 384 2392 zhcerta
398 2344 571 2389 Oceani
584 2353 874 2397 vetarentur,
908 2345 988 2388 ibi·-

99 2415 175 2448 tur
205 2404 387 2447 arcendi
415 2419 563 2446 causa.
621 2403 714 2446 Dio
733 2404 802 2454 60,
823 2403 896 2445 30.
963 2420 986 2446 e

101 2463 255 2507 eadem
298 2477 347 2503 re
387 2468 570 2517 usurpat
602 2461 794 2504 verbum
830 2457 987 2503 διετά-

99 2529 276 2580 φρευσε
299 2517 344 2561 h.
367 2533 410 2559 e.
434 2517 639 2574 perduxit
665 2517 849 2560 fossam.
909 2517 988 2561 Vi-

100 2590 270 2636 ctorius
292 2587 561 2644 scripturam
578 2585 786 2630 Beroald.
807 2589 988 2641 „pduxtt

99 2649 163 2703 (h.
195 2665 235 2691 e.
269 2644 494 2706 produxit)
532 2644 745 2687 intactam
790 2644 988 2703 reliquit.

101 2705 189 2750 Sed
215 2696 326 2759 pro:
362 2715 502 2757 prae,
543 2716 632 2757 per
664 2703 904 2745 sexcenties
939 2703 987 2745 in

95 2771 206 2809 vett.
233 2761 354 2804 libris
378 2767 712 2816 permutantur.
773 2758 844 2802 De
869 2759 990 2803 fossa

101 2819 162 2865 cf.
187 2816 442 2868 Wilhelm,
473 2815 749 2859 Germanien
775 2832 820 2875 p.
846 2817 918 2860 66.

155 2882 442 2919 vetarentur.
496 2872 648 2917 Guelf.
667 2881 984 2918 necterentur.

157 2932 397 3034 triunzphg.
418 2988 429 2999 ·
457 2930 558 2976 Hoc
581 2930 853 2976 vocabulum
886 2948 984 2975 non

103 2998 329 3105 esilgllfies‘·
388 3003 480 3088 gild.
511 3045 541 3090 S
575 3046 630 3089 ir.
662 3046 831 3101 ruffus,
880 3062 984 3106 mox

100 3104 229 3206 ruff,
254 3112 297 3147 et
319 3102 421 3146 dein
443 3061 584 3160 Παῤ).
900 3160 911 3170 ·

206 3162 390 3204 attineo.
469 3160 543 3204 Sic
582 3159 682 3203 edd.
722 3159 830 3203 Ald.
862 3160 982 3218 Lips.

69 3244 71 3246 -
102 3234 199 3321 ἕεις.
221 3216 837 3318 εἲῦηἶέῃᾶῗὶᾳηεῶὶὲιεηᾶῐέἱ.
872 3217 981 3318 BIIL'd.

167 3292 222 3319 ir.
307 3292 335 3317 a
390 3291 458 3317 zac
494 3290 537 3317 o.
690 3307 700 3317 .
837 3306 847 3316 .
925 3293 984 3317 a·

105 3293 238 3376 ίιξιοο.
299 3332 430 3376 MSS.
454 3331 570 3374 Bud.
593 3330 716 3375 Harl.
738 3331 805 3373 Bo
843 3332 870 3374 Ι.
893 3330 979 3375 les.

104 3388 249 3435 Guelf.
262 3388 361 3433 edd.
386 3390 564 3432 Put.M.
580 3398 621 3431 et
633 3388 691 3431 V.
708 3388 807 3431 Ber.
832 3389 891 3444 (c.
913 3389 983 3432 sil.

102 3446 309 3502 Victorii)
333 3447 429 3493 Ale.
453 3446 707 3489 Machiaw.
767 3444 828 3490 cf.
853 3449 891 3498 1,
911 3447 981 3489 56.

102 3502 214 3546 Hist.
235 3504 277 3552 4,
300 3501 368 3546 87.
428 3502 585 3558 Germ.
618 3520 659 3546 c.
681 3503 753 3546 29.

161 3567 204 3602 et
222 3562 413 3617 deere.
473 3560 547 3606 Sic
572 3560 810 3659 MSS.q(ut
843 3559 982 3661 Erg‘el-

715 3645 723 3658 ι
747 3634 788 3660 ic
813 3625 855 3660 et
879 3634 900 3660 e
970 3650 981 3659 .

103 3616 208 3661 stius
232 3617 446 3673 adfirmat)
483 3633 653 3660 omncs.

1057 2191 1133 2219 rae
1164 2175 1417 2219 necessitas.
1476 2175 1539 2219 Et
1563 2185 1606 2219 et
1624 2192 1711 2233 que
1732 2177 1778 2221 in
1802 2194 1947 2235 quae-

1056 2247 1142 2288 que
1169 2231 1252 2274 sibi
1275 2231 1471 2277 invicem
1492 2236 1768 2292 respondent
1789 2245 1832 2279 et
1858 2237 1951 2281 duo

1057 2290 1257 2332 membra
1279 2289 1583 2347 distinguunt,
1621 2300 1671 2335 ut
1689 2294 1951 2338 membrum

1043 2346 1219 2403 fodere
1247 2344 1374 2390 ‘riuos
1404 2346 1612 2406 respiciat
1642 2349 1697 2411 ad
1725 2349 1950 2395 Corbulo-

1054 2403 1150 2455 nis,
1177 2404 1370 2454 alterum
1401 2406 1566 2448 moliri
1591 2408 1788 2450 humum
1819 2409 1951 2465 infra

1056 2460 1113 2503 ad
1145 2460 1251 2504 Rufi
1279 2460 1487 2505 militem.
1565 2463 1625 2507 cf.
1660 2463 1851 2508 Pichen.
1890 2467 1946 2511 ad

1056 2517 1103 2559 h.
1127 2516 1158 2560 l.
1217 2517 1449 2562 Ernestius
1471 2520 1603 2562 verba
1623 2521 1797 2576 fodere
1815 2523 1948 2567 rivos

1058 2589 1155 2616 non
1178 2574 1281 2618 satis
1302 2583 1423 2632 reete
1444 2577 1582 2620 refert
1602 2578 1658 2621 ad
1673 2577 1831 2629 fossas,
1850 2581 1947 2638 qui-

1057 2630 1141 2674 bus
1168 2647 1386 2689 aquarum
1409 2633 1500 2678 rivi
1530 2650 1553 2676 e
1588 2635 1776 2680 metallis
1808 2638 1946 2680 dedu·

1059 2697 1286 2732 cerentur.
1345 2689 1406 2733 cf.
1431 2689 1524 2734 Cic.
1548 2690 1679 2734 Brut.
1708 2693 1944 2749 88.j,Hor-

1059 2745 1235 2788 tensius
1257 2754 1363 2789 erat
1385 2762 1566 2790 memor
1584 2756 1629 2790 et
1649 2764 1768 2805 quae
1797 2761 1946 2800 essent

1057 2804 1184 2845 dicta
1211 2811 1372 2846 contra
1395 2819 1603 2860 quaeque
1623 2806 1722 2861 120se
1738 2808 1946 2854 dixisset.

1115 2859 1309 2905 CAP.21.
1346 2863 1627 2914 gladiatore.
1675 2863 1945 2910 MSLGuelf.

1053 2918 1337 2972 gladiatore.
1395 2917 1519 2962 ldem
1540 2935 1642 2964 mox
1659 2935 1810 2978 neque
1831 2937 1946 2966 vera

1054 2990 1140 3034 pro
1164 2982 1209 3017 et
1229 2990 1358 3018 vera.

1113 3041 1334 3077 sectator.
1406 3032 1505 3076 MS.
1531 3032 1632 3077 Vat.
1663 3034 1834 3093 (Lipsii)
1861 3041 1940 3080 se-

1055 3098 1171 3133 ctor.
1217 3089 1363 3133 Plinio
1383 3105 1482 3150 epp.
1502 3089 1544 3142 7,
1565 3092 1638 3134 27.
1664 3091 1784 3135 idem
1802 3092 1943 3138 homo

1056 3146 1221 3191 dicitur
1247 3148 1475 3189 obtinenti
1485 3147 1699 3204 Afi·1“cam
1720 3155 1872 3195 eomes
1892 3151 1941 3196 h.

1053 3221 1092 3248 e.
1120 3212 1328 3248 sectator.
1381 3203 1502 3247 Idem
1516 3204 1634 3248 Plin.
1656 3205 1767 3251 ibid.
1790 3217 1943 3252 narrat

1052 3261 1283 3305 historiam
1311 3270 1583 3327 sequentem.

1109 3318 1289 3375 Africa.
1348 3317 1432 3361 hd.
1455 3318 1570 3376 Spir.
1595 3321 1816 3372 Aphrica.

1114 3392 1388 3431 Adrumeto,
1443 3388 1518 3431 Sic
1530 3389 1664 3434 MSS.
1678 3390 1804 3433 Flor.
1823 3391 1940 3447 (test.

1054 3447 1198 3499 vict.)
1222 3443 1371 3487 Guelf.
1399 3445 1470 3488 ed.
1487 3445 1589 3489 Put.
1605 3448 1660 3490 V.
1683 3455 1726 3490 et
1747 3449 1849 3491 edd.
1871 3466 1940 3494 re·

1054 3511 1192 3547 centt.
1222 3501 1325 3544 inde
1348 3518 1371 3543 a
1391 3501 1526 3560 Lipsii
1558 3505 1719 3561 prima.
1778 3509 1941 3549 Adru-

1054 3568 1213 3601 mento
1239 3558 1338 3602 edd.
1363 3559 1393 3602 S
1427 3559 1480 3604 ir.
1505 3559 1609 3605 Put.
1633 3560 1701 3606 M.
1729 3561 1938 3607 Beroald.

1055 3617 1153 3661 Alc.
1177 3616 1323 3658 Rheu.
1350 3616 1391 3659 A
1413 3616 1457 3660 d.

1217 3676 1347 3734 (32
