2164 3990
185 257 236 294 A.
257 254 410 295 Uzen.

184 301 238 337 A.
255 299 302 336 C.
332 323 333 326 =
349 298 416 338 59.
435 307 446 323 s

628 217 801 313 Lm.
843 249 1013 315 xm,
1085 214 1278 310 CAP.
1311 243 1415 307 55.

1822 240 1948 306 ΞΜ

99 384 674 452 bellioneCherusca
713 383 873 440 iussu
909 376 1172 437 Arminii
1210 377 1495 445 referens,
1538 393 1675 430 mox
1703 370 1949 428 Tiberio

100 490 157 536 et
169 474 525 534 Germanico
542 468 793 526 ducibus
814 466 1106 542 stipendia
1119 462 1400 520 meruisse
1415 484 1427 517 ε
1450 471 1508 517 et
1522 456 1953 536 quinquaginta

17 559 23 565 ’
98 578 392 620 annorum
431 554 710 631 obsequio
754 554 816 610 id
857 571 1091 629 quoque
1126 549 1472 621 adiungere,
1526 544 1686 621 quod
1724 553 1954 615 gen-tem

99 644 511 707 suamditioni
543 651 778 697 nostrae
805 637 1135 695 subiiceret.

1222 644 1463 711 quotam
1495 641 1723 705 partem
1758 626 1951 701 campi

102 735 315 801 iacere,
381 730 445 785 in
481 746 654 805 quam
693 745 904 800 pecora
947 733 1003 778 et
1037 730 1302 778 armenta
1331 717 1592 774 militum
1631 713 1952 788 aliquando

101 816 635 876 transmitterentur
646 810 673 866 Ῥ

759 818 1059 866 servarent
1082 825 1220 862 sane
1252 813 1514 879 receptos
1549 798 1821 874 gregibus
1855 796 1954 851 in·-

100 907 191 961 ter
214 899 529 958 hominum
550 900 796 965 famam,
839 894 1015 950 modo
1043 911 1119 947 ne
1139 890 1466 948 vastitatem
1495 897 1550 943 et
1573 883 1956 942 solitudinem

99 989 345 1045 mallent
378 1005 556 1063 quam
593 982 811 1038 amicos
836 978 1104 1055 populos,
1188 970 1628 1032 Chamavorum
1654 968 1957 1046 quondam

103 1095 172 1131 ea
224 1093 392 1142 arva,
466 1089 606 1126 mox
659 1066 1008 1124 Tubantum
1064 1072 1120 1119 et
1169 1070 1303 1136 post
1349 1057 1697 1133 Usipiorum
1757 1052 1955 1111 fuisse.

162 1319 379 1364 Arminii.
461 1315 541 1358 Ed.
594 1313 713 1372 Spir.
765 1310 996 1354 Armenii.

104 1378 273 1422 Eadem
308 1374 475 1418 omittit
499 1380 544 1415 et
566 1380 666 1414 ante
695 1369 995 1413 Germanico.

106 1436 213 1479 Mox
234 1432 337 1476 MS.
361 1432 482 1475 Flor.
509 1434 625 1483 (test.
648 1428 739 1472 Iac.
766 1426 996 1479 Gronov.)

106 1493 271 1536 omittit
300 1498 346 1533 et
372 1490 487 1532 inter
514 1487 697 1530 Tiberio
721 1493 765 1528 et
789 1485 996 1528 Germa-

105 1553 220 1594 nico.

166 1658 212 1694 et
233 1649 584 1707 quinquaginta.
633 1642 710 1687 Sic
723 1641 859 1686 MSS.
872 1641 998 1685 Flor.

107 1710 226 1764 (test.
253 1707 436 1751 Pichen.
461 1716 502 1749 et
523 1705 609 1748 lac.
633 1700 862 1756 Gronov.)
891 1699 999 1766 Reg.

107 1757 1000 1880 93‘31252512232‘32251'5523,⁶321&ss

110 1873 998 1995 3353·335¹·lif·.‘.³ssr‘³.¹f3.{{1¹f‘¹(·§.⁵⁶.‘{i.¹‡33

108 1996 265 2047 vict).
322 1992 506 2037 Scilicet
530 1990 576 2034 hi
602 1990 706 2032 libri
730 1987 881 2031 locum
912 1987 999 2029 dis-

107 2055 319 2111 tinguunt
351 2052 433 2094 ita:
487 2047 724 2102 stipendia
763 2045 1000 2094 meruisse,

107 2110 444 2169 quinquaginta
489 2119 726 2148 annorum
764 2103 1001 2158 obsequio.

108 2170 174 2212 Id
202 2180 381 2224 quoque
415 2174 500 2220 etc.
579 2161 845 2228 lllelioremt
866 2159 1001 2225 ratio-

108 2239 378 2327 ‘ffissfffl‘ffs‘ia
422 2218 1001 2337 'iissffzussuiffuiissrisn‘iue'ssif

110 2341 223 2387 vidit
253 2339 567 2395 quadraginta
598 2348 852 2376 annorum.
925 2330 1000 2373 Vi·

112 2398 198 2441 deo
233 2405 275 2441 et
302 2393 574 2451 Kiesslingio
600 2390 716 2462 illud
755 2397 800 2432 et
823 2389 998 2432 restitu-

110 2465 225 2499 tum.

166 2557 216 2599 in
244 2569 385 2611 quam
410 2566 596 2609 pecora.
665 2549 770 2592 MS.
792 2549 915 2593 Flor.
950 2549 1001 2603 (t.

48 2666 51 2669 ⁴
111 2612 251 2667 vict.)
271 2619 315 2654 et
337 2611 406 2654 ed.
431 2610 550 2669 Spir.
574 2610 622 2651 in
643 2623 737 2665 qua
750 2621 940 2662 pecora.

169 2733 415 2772 servarent
446 2739 562 2767 sane
592 2731 807 2780 reeepcos
842 2720 1001 2776 gregi-

111 2788 197 2829 bus
219 2786 341 2827 inter
364 2783 612 2825 hominum
622 2782 832 2836 famam.
867 2779 1003 2821 Boio·

113 2843 236 2887 calus
269 2842 454 2883 nomine
475 2839 820 2882 Ansibariorum
853 2837 1003 2880 sedern

113 2900 221 2959 petit
261 2898 398 2956 genti.
483 2895 539 2938 Et
574 2895 775 2954 primum
818 2894 1001 2952 quidem

112 2956 273 3000 merita
310 2971 388 2997 sua
421 2953 583 3004 refert,
619 2968 709 3009 quo
742 2953 903 3010 dignus
939 2951 1004 2995 vi-

115 3015 292 3062 deatur,
331 3028 464 3070 quem
511 3009 743 3068 recipiant.
827 3009 1003 3052 Deinde

114 3072 326 3116 admonet
370 3069 600 3118 locorum,
655 3083 770 3124 quae
801 3067 895 3109 sine
937 3067 1002 3108 in-

114 3127 356 3173 commodo
379 3142 460 3168 suo
489 3125 732 3168 Ansibariis
755 3123 1004 3167 concedere

112 3185 287 3244 possint
308 3182 517 3226 Romani.
582 3183 787 3239 Quotam
813 3188 1004 3235 portem

117 3252 200 3286 etc.
283 3242 372 3284 Iam
412 3239 576 3298 pergit:
625 3246 870 3281 servarent
915 3241 1002 3294 (sc.

115 3299 306 3347 Romani
321 3297 603 3352 Ansibarios)
624 3298 745 3338 inter
763 3297 1002 3337 hominum

105 3357 300 3412 samam
338 3355 379 3398 h.
414 3370 450 3396 e.
483 3354 537 3396 ab
573 3353 756 3395 interitu
796 3352 1003 3394 desende-

119 3421 238 3463 rent,
271 3428 325 3455 ne
347 3426 516 3454 nomen
542 3426 672 3453 suum
700 3427 721 3452 e
746 3408 1004 3453 hominibus

119 3485 300 3526 prorsus
334 3469 571 3512 deleretur.
663 3467 783 3511 Alibi
816 3480 1003 3509 conser-

121 3528 229 3568 vari
246 3526 407 3569 dicitur
439 3526 494 3568 de
519 3542 565 3569 ea
590 3540 653 3567 re.
713 3525 772 3566 cf.
798 3523 923 3567 Caes.
947 3523 1001 3565 B.

121 3582 178 3626 G.
199 3583 239 3633 2,
267 3583 333 3626 12.
366 3590 412 3625 et
435 3584 697 3637 petentibus
729 3583 911 3631 Remis,
953 3588 1003 3621 nt

1066 1315 1478 1358 conservarentur,
1533 1306 1810 1360 impetrant.
1889 1300 1956 1344 lb.

1068 1383 1109 1410 c.
1143 1367 1211 1408 15.
1246 1379 1348 1408 sese
1380 1379 1462 1407 eos
1495 1364 1544 1406 in
1570 1364 1717 1419 fidem
1746 1365 1960 1415 receptu-

1068 1439 1175 1467 rum
1204 1430 1249 1464 et
1279 1429 1663 1465 conservaturum
1689 1419 1826 1460 dixit.
1885 1415 1956 1459 lb.

1070 1497 1110 1524 c.
1131 1482 1203 1523 28.
1235 1494 1348 1536 quos
1372 1479 1548 1522 Caesar
1574 1511 1584 1522 .
1599 1511 1610 1523 .
1626 1508 1637 1519 .
1658 1473 1958 1530 diligentissi-

1069 1555 1145 1581 me
1179 1538 1465 1580 conservavit
1491 1546 1574 1580 etc.
1644 1533 1780 1590 Cupit
1809 1539 1960 1574 autem

1071 1594 1330 1639 Ansibarios
1365 1595 1533 1639 servari
1567 1598 1776 1646 receptos
1801 1588 1961 1644 gregi-

1069 1656 1154 1696 bus
1178 1653 1222 1695 h.
1245 1669 1283 1694 e.
1305 1660 1510 1709 receptos
1529 1651 1575 1693 in
1629 1664 1778 1707 reges,
1817 1644 1959 1704 gregi-

1072 1713 1155 1754 bus
1189 1709 1437 1760 immixtos,
1483 1709 1519 1751 si
1555 1724 1613 1751 no
1638 1708 1727 1750 lent
1759 1703 1959 1761 recipere

1071 1768 1118 1811 in
1153 1767 1376 1812 civitatem
1407 1764 1734 1822 hominumque
1761 1771 1960 1805 coetum.

1073 1824 1364 1882 Desperantis
1387 1826 1520 1867 verba
1542 1831 1665 1871 sunt.
1728 1819 1874 1864 Aliam
1894 1818 1961 1860 in-

1070 1881 1404 1939 terpretationis
1448 1882 1569 1926 viam
1614 1875 1847 1922 Ernestius
1895 1875 1963 1918 in-

1071 1955 1245 1999 gressus
1284 1947 1365 1981 est.
1426 1939 1686 1991 „Receptos
1715 1936 1797 1991 int.
1828 1948 1961 1992 agros

1072 1995 1145 2042 vel
1169 2012 1377 2055 campos,
1406 2012 1454 2038 ex
1475 1993 1784 2038 antecedente.
1840 1990 1962 2045 Agri

1071 2055 1244 2109 recepti
1297 2055 1515 2109 gregibus
1564 2060 1670 2095 sunt
1733 2049 1967 2100 concessi,

1073 2112 1163 2155 dati
1188 2110 1397 2180 gregibus
1422 2109 1604 2154 alendis.
1663 2107 1810 2151 Porro
1843 2108 1967 2150 inter

1071 2172 1318 2212 hommum
1369 2169 1569 2224 samam
1601 2165 1852 2223 ‘intelliget
1925 2163 1964 2207 si

1073 2227 1212 2270 modo
1234 2227 1379 2284 campi
1403 2225 1469 2267 illi
1491 2226 1580 2268 sint
1604 2225 1721 2267 inter
1745 2221 1963 2274 homines,

1072 2284 1125 2327 iis
1158 2283 1295 2335 loeis,
1339 2283 1416 2327 ubi
1446 2281 1655 2326 homines
1687 2282 1796 2332 sint,
1835 2280 1962 2324 habi·

1070 2349 1180 2386 tent.
1193 2341 1220 2358 ”
1279 2339 1608 2385 Freinshemius
1633 2339 1787 2383 locum
1811 2353 1961 2381 emen-

1072 2399 1224 2442 dabat:
1282 2405 1529 2441 servarent
1580 2404 1697 2439 'sane
1750 2403 1963 2449 receptus

1022 2511 1045 2517 γ’
1069 2456 1282 2510 gregibus
1321 2456 1447 2497 inter
1481 2455 1731 2497 hominum
1751 2454 1964 2510 samem.

1075 2513 1227 2568 Quam
1253 2510 1613 2555 emendationem
1640 2511 1686 2553 in
1714 2510 1868 2554 locum
1891 2526 1960 2553 re·

1073 2586 1232 2628 cepere
1265 2567 1491 2618 Gronovii
1527 2578 1568 2611 et
1598 2566 1812 2626 Ryckius.
1885 2566 1961 2610 Et-

1074 2630 1191 2672 enim
1227 2625 1331 2670 MS.
1366 2626 1475 2685 Agr.
1508 2641 1642 2685 super
1659 2624 1856 2681 famam
1884 2624 1967 2677 ad·-

1073 2686 1294 2743 scriptum
1312 2682 1657 2739 habetsamem.
1715 2683 1816 2727 MS.
1831 2680 1979 2727 Harl.x

1073 2750 1296 2796 receptus,
1328 2742 1495 2785 recenti
1520 2756 1680 2792 manu3
1704 2750 1832 2796 antea
1853 2739 1962 2785 seri·

1073 2810 1201 2860 ptum
1234 2799 1319 2842 suit
1350 2807 1570 2855 receptos.
1630 2798 1804 2858 Lipsius
1840 2798 1962 2844 vole—

1073 2861 1147 2902 bat
1168 2864 1384 2910 exceptos
1417 2865 1459 2898 et
1478 2857 1681 2913 famem.
1751 2855 1961 2901 Oberlin.

1074 2933 1173 2975 sqq.
1199 2932 1245 2957 ex
1260 2915 1444 2971 Bipont.
1466 2914 1680 2959 sententia
1703 2913 1864 2958 dedere
1887 2915 1960 2957 in·

1075 2982 1151 3017 tra
1175 2988 1257 3031 pro
1281 2974 1421 3014 inter.

1135 3074 1497 3117 Chamavorum.
1563 3071 1640 3115 Sic
1668 3073 1806 3117 MSS.
1838 3073 1961 3119 Flor.

1074 3134 1189 3188 (test.
1218 3130 1355 3186 Viet.)
1390 3128 1539 3175 Guelf.
1567 3129 1671 3174 edd.
1696 3130 1840 3175 Rhen.
1863 3147 1882 3174 s
1914 3146 1960 3190 q.

1076 3189 1314 3247 Conspirat
1356 3186 1450 3229 fere
1486 3188 1555 3230 ed.
1587 3187 1619 3229 S
1654 3188 1705 3231 ir.
1773 3203 1852 3232 uae
1917 3197 1960 3232 at

1077 3248 1424 3290 Clamavorum.
1486 3244 1599 3288 Edd.
1624 3204 1713 3289 i‘ut
1741 3203 1815 3291 [ivl.
1836 3258 1878 3290 et
1901 3247 1960 3291 Vv.

1076 3304 1280 3346 Beroald.
1314 3300 1415 3345 Ale.
1447 3302 1810 3349 Chamonorum.
1870 3305 1958 3348 Sed

1078 3361 1139 3404 cf.
1166 3360 1322 3403 Germ.
1350 3374 1391 3401 c.
1415 3357 1487 3402 33.
1513 3369 1554 3402 et
1574 3360 1644 3403 34.

1136 3461 1418 3516 Usipiorum.
1478 3459 1578 3503 MS.
1597 3443 1750 3506 Guelf.
1770 3465 1958 3518 usiopo-

1076 3534 1200 3561 rum.
1259 3517 1345 3561 Ed.
1379 3516 1497 3575 Spir.
1536 3519 1805 3574 Usiporum.
1873 3521 1956 3565 Ed.

1076 3578 1176 3619 Pur.
1207 3574 1262 3618 V.
1287 3575 1610 3630 ΔΠεςίρρίονιινη.
