2164 3990
509 231 513 237 “
575 221 749 284 LIB.
784 218 924 283 XII.
1002 218 1198 284 CAP.
1228 223 1334 286 28.
1359 224 1465 286 29.
1869 229 1953 289 93

90 357 196 416 ubi
237 353 604 430 Pomponius
650 357 805 410 cum*
831 352 1166 426 legionibus
1209 353 1659 428 opperiebatur,
1713 356 1764 411 si
1795 353 1954 414 Catti

93 440 369 519 cupidine
389 438 715 496 ulciscendi
741 456 939 494 casum
970 457 1203 514 pugnae
1233 439 1603 513 prajeberent.
1690 437 1791 495 Illi
1823 462 1953 498 me-

62 539 187 596 ·tu,
226 546 302 582 ne
333 522 477 582 hinc
509 522 820 582 Romanus
863 523 1004 579 inde
1039 519 1358 594 Cherusci,
1421 544 1555 580 cum
1593 524 1725 600 quis
1763 537 1952 582 aeter-

90 632 236 669 num
270 610 636 678 discordant,
692 608 1328 681 circumgrederentur‚
1380 608 1602 683 legatos
1638 610 1705 666 in
1738 611 1951 667 urbem

91 709 150 754 et
197 695 431 753 obsides
475 694 715 750 misere:
776 694 1157 771 decretusque
1191 692 1524 769 Pomponio
1571 692 1951 770 triumphalis

87 778 307 851 honoS‚
348 779 582 837 modica
615 797 752 854 pars
791 779 980 835 famae
1020 780 1144 836 eius
1183 781 1342 855 apud
1377 791 1671 856 posterOS,
1714 780 1781 836 in
1816 781 1952 858 quis

89 866 418 924 carminum
443 865 630 939 gloria
656 864 975 940 praecellit.

233 959 483 1021 XXIX.
544 959 661 1018 Per
695 961 852 1017 idem
885 972 1117 1035 tempus
1144 957 1418 1018 Vannius
1447 959 1653 1019 Suevis
1688 982 1722 1018 a
1748 960 1955 1020 Druso·

87 1046 334 1106 Caesare
370 1047 680 1123 impositus
713 1046 954 1121 pellitur
987 1064 1198 1119 regnO,
1251 1046 1445 1120 prima
1484 1046 1720 1122 imperii
1759 1059 1954 1106 aetate

90 1135 281 1191 clarus
304 1144 686 1208 acceptusque
709 1130 1126 1206 popularibus»,
1167 1151 1305 1187 mox
1329 1132 1718 1190 diuturnitate
1745 1133 1812 1189 in
1844 1153 1951 1191 su·-

87 1219 354 1294 perbiam
378 1228 611 1272 mutans
634 1227 690 1272 et
715 1216 850 1272 odio
878 1217 1236 1286 adcolarum,
1268 1216 1446 1273 simul
1469 1218 1802 1276 domesticis
1821 1219 1951 1275 dis-'-

87 1303 304 1360 cordiis
357 1302 807 1360 circumventuS.
916 1295 1206 1359 Auctores
1253 1302 1417 1359 fuere
1459 1300 1746 1361 Vibillius
1787 1302 1951 1361 Her-

86 1389 524 1444 mundurorum
549 1406 649 1442 rex
671 1397 726 1443 et
750 1383 982 1460 Vangio
1006 1407 1072 1444 ac
1098 1386 1244 1445 Sido
1273 1406 1474 1444 sorore
1491 1387 1722 1451 Vannii*
1739 1389 1948 1463 geniti.

87 1493 194 1529 nec
232 1471 515 1530 Claudius
559 1492 898 1548 quanquam
940 1492 1107 1548 saepe
1153 1483 1351 1529 oratus
1388 1493 1549 1529 arma
1585 1475 1950 1533 certantibus

171 221 222 263 A.
234 221 396 266 mam.

177 265 290 304 A.C.
333 267 394 308 51.

87 1558 353 1615 barbaris
396 1557 771 1632 interposuit,
815 1569 1010 1614 tutum
1042 1556 1282 1614 Vannio
1315 1557 1652 1633 perfugium
1689 1560 1950 1635 promit-
2031 1606 2036 1611 .

86 1654 243 1714 tens,
296 1643 348 1700 si
391 1642 733 1718 pelleretur:
798 1642 1145 1720 scripsitque
1181 1641 1250 1705 P.
1283 1640 1505 1701 Atellio
1544 1642 1779 1716 Histr0,
1838 1645 1949 1723 qui

143 1896 321 1926 casum.
382 1880 484 1924 MS.
511 1878 661 1922 Guelf.
683 1895 888 1924 causam.
1100 1881 1571 1927 Hermundurorum.
1615 1882 1690 1927 Sic
1701 1883 1801 1928 MS.
1816 1884 1945 1932 Flor.

142 1946 411 1981 aeternum.
469 1935 544 1981 Sic
563 1937 605 1987 3,
623 1937 695 1980 26.
725 1945 974 1980 aeternum
1048 1940 1163 1993 (test.
1187 1938 1339 1993 Viet.)
1367 1940 1470 1983 edd.
1503 1941 1621 1999 Spir.
1654 1940 1756 1986 Alc.
1793 1941 1944 1987 Rhen..

85 2010 320 2040 mansere.
408 1993 500 2042 Rro
561 2001 805 2037 aeternum
866 1995 970 2039 MS.
1043 2012 1209 2054 sqq.—
1241 1997 1473 2041 Edd.Put.
1488 1999 1554 2043 M.
1577 1997 1938 2044 etV.Hermun-

86 2052 241 2098 Guelf.
262 2053 393 2096 habet
417 2058 536 2094 certe
557 2066 671 2095 non.
1043 2058 1225 2099 dorum.
1275 2055 1359 2099 Ed.
1373 2056 1582 2099 Beroald.
1599 2056 1937 2101 Hermunduo-

140 2110 253 2155 CAP.
277 2111 349 2154 29.
415 2110 628 2152 Vannius
643 2109 803 2153 Suevis
825 2126 854 2151 a
878 2110 971 2158 Dr.

88 2169 137 2212 C.
172 2169 287 2223 imp.
365 2166 436 2210 Cf.
469 2167 510 2217 2,
544 2166 615 2210 63.
682 2168 782 2211 MS.
817 2166 970 2212 Guelf.

87 2227 138 2270 V
131 2227 306 2268 annius
325 2225 522 2268 Sueut‘us
544 2233 631 2268 etc.

139 2284 461 2326 diuturnitate.
535 2281 612 2325 Sic
635 2282 703 2326 ed.
724 2282 842 2340 Spir.
876 2292 917 2326 et
948 2301 972 2327 e

84 2340 186 2385 MS.
207 2341 329 2383 Flor.
359 2340 458 2383 edd.
483 2338 667 2382 Piehen.
687 2356 812 2398 sqq.,
851 2350 970 2399 post-

85 2414 221 2456 quam
258 2396 431 2455 Lipsius
482 2396 542 2439 ita
592 2397 835 2455 legendum
877 2414 972 2441 esse

81 2458 171 2500 iam
204 2455 328 2513 prius
368 2453 662 2498 divinaverat.
741 2453 973 2498 Victorius

81 2523 230 2557 tamen
252 2511 469 2554 intactum
489 2511 668 2566 reliquit
686 2513 968 2555 diuturnita-

83 2567 681 2670 iemhqgodGhahentffiSlS.
698 2567 821 2669 {billi
835 2568 969 2669 Bcgqll.

105 2644 163 2670 es.
226 2643 301 2669 u.
372 2642 528 2668 ue.e
597 2657 608 2667 .
670 2642 732 2669 u.
820 2643 877 2670 .e
955 2659 967 2670 .

83 2683 285 2727 Beroald.
318 2683 422 2727 Alc.
457 2682 602 2725 Rhen.
636 2699 731 2741 sqq.
794 2684 966 2727 Vitium

83 2739 303 2798 originem
321 2740 452 2784 ‘traxit
474 2757 520 2783 ex
539 2740 807 2798 interposito
831 2743 890 2784 in.

142 2805 343 2840 mutans.
421 2798 498 2840 Sic
529 2797 629 2840 MS.
665 2797 817 2840 Guelf.
860 2800 962 2843 edd.

83 2854 186 2900 Put.
212 2854 279 2897 M.
302 2862 344 2896 et
356 2853 411 2896 V.
429 2853 638 2897 Beroald.
660 2856 716 2910 (c.
739 2855 808 2899 sil.
825 2856 964 2911 Viet.)

85 2911 185 2955 Ale.
212 2911 357 2954 Rhen.
386 2927 482 2969 sqq.
543 2913 601 2956 cf.
628 2921 722 2957 not.
746 2914 801 2956 ad
823 2915 866 2965 2,
886 2913 961 2957 23.

84 2967 167 3011 Ed.
191 2969 309 3026 Spir.
329 2977 555 3012 mutatus.

143 3025 370 3068 Vibillius.
438 3026 514 3070 Sic
537 3026 669 3071 MSS.
690 3027 815 3071 Flor.
843 3031 962 3085 (test.

83 3081 200 3126 Vici.
235 3098 274 3126 c.
306 3082 391 3126 Iac.
421 3082 679 3139 Gronovio)
719 3087 826 3143 Agr.
861 3087 961 3131 edd.

80 3139 198 3198 Spir.
233 3138 274 3181 R
307 3137 378 3183 ck.
419 3141 504 3184 lac.
538 3139 749 3186 Gronov.
787 3143 962 3188 Ernest.

81 3211 200 3296 {w
228 3196 456 3296 stea-
473 3222 575 3297 iz..
603 3198 960 3326 {‡{fi.¹'3¹.{z..³”ffi

81 3309 216 3354 MSS.
257 3309 380 3354 Harl.
424 3311 555 3354 Bodl.
599 3312 682 3354 Ies.
726 3314 959 3364 Iubzllius,

80 3366 251 3425 vulgari
279 3385 298 3411 s
331 3367 548 3411 nabaz-um
581 3369 627 3411 υἱ
654 3378 696 3413 et
726 3376 775 3413 iu
804 3372 959 3415 confu-

79 3423 217 3466 sione.
260 3441 285 3468 c
310 3456 321 3467 .
338 3433 433 3468 not.
458 3426 511 3468 ad
533 3427 568 3478 1,
590 3427 630 3469 8.
691 3427 789 3472 MS.
804 3428 958 3472 Guelf.

78 3494 171 3523 non
188 3481 406 3534 Iubelius,
437 3483 499 3526 uti
526 3484 735 3532 traditum
760 3494 847 3537 est,
881 3487 956 3531 sed

78 3537 288 3582 Iubmus.

1042 2127 1164 2155 rum.
1200 2140 1259 2149 —-
1315 2113 1416 2157 MS.
1449 2110 1601 2158 Guelf.
1631 2115 1937 2159 Hermondo-

1043 2184 1171 2213 rum.

1102 2254 1289 2310 Vangio
1321 2270 1379 2297 ac
1405 2254 1533 2299 Sido.
1592 2255 1668 2299 Sic
1694 2255 1936 2301 Rhenanus

1043 2318 1086 2354 et
1119 2328 1218 2368 sqq.
1251 2321 1302 2355 ut
1334 2312 1510 2356 videtur
1545 2328 1567 2355 e
1596 2313 1697 2357 MS.
1728 2314 1844 2357 Bud.
1879 2340 1938 2348 —

1044 2369 1228 2424 Vangio
1248 2385 1302 2411 ac
1313 2369 1445 2412 Sidio
1473 2369 1540 2413 ed.
1563 2370 1681 2428 Spir.
1704 2400 1763 2407 -—
1807 2373 1862 2414 V
1853 2388 1936 2416 an-

1042 2429 1105 2468 do
1137 2443 1193 2468 ac
1227 2428 1351 2484 Sydo
1386 2427 1489 2471 MS.
1523 2426 1676 2471 Guelf.
1707 2429 1806 2472 edd.
1831 2429 1934 2475 Put.
2004 2430 2010 2434 ’

1043 2483 1110 2526 Μ.
1136 2493 1180 2526 et
1193 2482 1248 2527 V.
1271 2485 1478 2528 Beroald.
1504 2485 1559 2537 (c.
1582 2483 1651 2528 sil.
1674 2483 1811 2542 Viet.)
1833 2486 1935 2532 Alc.

1043 2541 1214 2583 Verum
1237 2557 1279 2584 c.
1294 2541 1366 2585 30.
1395 2541 1495 2585 MS.
1517 2541 1640 2589 Flor.
1664 2542 1934 2603 (test.Vict.)

1041 2597 1172 2641 habet
1215 2600 1368 2653 Vagio
1409 2615 1464 2641 ac
1501 2600 1657 2651 Sidio;
1714 2600 1785 2644 evd.
1814 2601 1934 2660 Spir.

1041 2657 1192 2710 Vagz'o
1244 2671 1298 2699 ac
1337 2657 1465 2725 Sz'dg'o
1507 2673 1611 2699 eum
1652 2656 1776 2702 Flor.
1825 2675 1933 2703 con-

1038 2729 1245 2814 ffggzlallsd.
1271 2712 1531 2825 {angliodqae-c:
1551 2712 1930 2826 gildoM'DeetSY:

1036 2833 1156 2871 done
1193 2826 1250 2870 cf.
1279 2827 1392 2871 Hist.
1415 2827 1456 2878 3,
1478 2826 1518 2871 5.
1586 2827 1928 2875 Strombeckius

1037 2901 1060 2928 e
1083 2884 1184 2929 MS.
1212 2884 1363 2928 Guelf.
1393 2900 1476 2942 pro
1500 2901 1555 2927 ac
1586 2885 1700 2929 falso
1727 2888 1929 2945 prodidit

1037 2951 1096 2985 et.
1154 2942 1244 2986 Pro
1266 2942 1534 2999 perfugium
1554 2942 1614 2986 ibi
1637 2942 1799 3002 legitur
1811 2960 1925 3001 per-

1023 3001 1214 3057 fugum.

1093 3084 1148 3128 P.
1186 3084 1359 3127 Atelli«)
1402 3084 1577 3130 Histro.
1665 3085 1742 3130 Sic
1789 3085 1924 3132 MSS.

1035 3140 1160 3185 Flor.
1204 3144 1326 3196 (test.
1360 3140 1477 3185 Viet.
1522 3158 1560 3186 c.
1590 3142 1746 3199 Pieh.)
1777 3143 1925 3189 Vatic.

1034 3199 1188 3255 (Lips.)
1223 3198 1322 3242 edd.
1354 3198 1456 3241 Put.
1489 3200 1555 3242 M.
1596 3200 1692 3255 (sed
1724 3200 1922 3257 Hystra)

1033 3256 1158 3300 Pich.
1188 3271 1285 3311 sqq.
1364 3256 1416 3297 P.
1454 3259 1642 3300 Attellio
1674 3259 1820 3302 histro
1851 3258 1923 3304 ed.

1031 3313 1149 3371 Spir.
1192 3312 1326 3357 MSS.
1368 3314 1477 3371 Agr.
1509 3313 1664 3358 Guelf.
1707 3315 1798 3370 (hie
1830 3318 1918 3370 hy-

1029 3374 1298 3469 }trp).V—B
1326 3370 1378 3413 P.
1401 3371 1579 3472 ᾹΑΙίιἸΙίο
1616 3373 1922 3473 Ιρχῧνέίῗιὲᾆ.

1072 3445 1096 3470 u
1121 3459 1131 3470 .
1209 3460 1220 3470 .
1303 3443 1363 3470 er.
1461 3445 1499 3472 c.
1541 3454 1597 3462 —
1708 3463 1719 3472 .
1839 3446 1921 3472 ιιο

1027 3484 1194 3528 Histro
1216 3485 1316 3528 edd.
1339 3484 1482 3528 Rhen.
1508 3486 1652 3554 sqq.'e
1674 3487 1773 3531 MS.
1798 3488 1918 3531 Bud.

1027 3566 1084 3576 --
1115 3542 1204 3586 Pro
1238 3544 1410 3586 Atellio
1442 3542 1615 3602 Lipsius
1648 3553 1692 3587 et
1720 3544 1919 3600 Ryckius
