2164 3990
222 223 304 284 34
891 213 1431 278 ANNALIUM‘
1770 205 1999 298 2213232072

223 351 511 433 quosdam
545 351 611 406 in
646 349 881 406 sinistra
914 349 1087 406 fama.
1173 368 1277 405 cur
1324 343 1555 406 hostem
1599 349 1897 410 conciret?
1979 351 2087 408 ad-

226 459 392 498 versa
415 439 482 494 in
502 456 629 493 rem
655 434 958 511 publicam
977 451 1204 490 casura:
1249 434 1342 490 sin
1375 450 1654 509 prospere
1686 428 1921 508 egisset,
1961 437 2087 494 for-
2122 430 2125 435 ’

217 517 584 582 midolosum
605 521 738 597 paci
758 520 956 576 virum
984 517 1274 590 insignem
1300 531 1357 576 et
1384 520 1598 593 ignavo
1624 520 1882 595 principi
1911 541 2084 596 prae-

217 630 480 686 gravem.
582 606 771 681 Igitur
811 602 1096 662 Claudius
1151 604 1296 660 adeo
1351 625 1568 661 novam
1621 605 1687 660 in
1733 603 2084 663 Germanias

146 689 149 697 Δ
220 697 344 753 vim
395 689 734 771 prohibuit,
810 700 877 747 ut
930 687 1140 744 referri
1191 685 1482 768 praesidia
1535 690 1618 746 cis
1661 686 1948 750 Rhenum
1989 691 2084 748 iu-

219 783 402 840 beret.

386 874 524 952 XX.
609 873 737 931 Iam
765 882 950 929 castra
972 870 1038 927 in
1063 868 1270 929 hostili
1297 872 1422 929 solo
1457 873 1728 932 molienti
1751 871 2085 932 Corbuloni

217 961 327 1022 hae
353 962 582 1020 litterae
605 960 957 1017 redduntur.
1044 957 1146 1013 ille
1173 978 1237 1013 re
1264 958 1488 1027 subita,
1532 979 1870 1037 quanquam
1893 962 2084 1018 multa

219 1050 398 1108 simul
432 1047 912 1113 offunderentur‚
964 1053 1152 1100 metus
1192 1064 1261 1099 ex
1298 1043 1680 1118 imperatore,
1724 1046 2082 1121 contemptio

178 1183 181 1189 ,
216 1157 286 1193 ex
309 1134 606 1201 barbariS,
646 1128 977 1186 ludibrium
1001 1129 1157 1204 apud
1183 1129 1399 1198 Socim,
1442 1124 1782 1185 nihil'aliud
1804 1130 2084 1204 prolocu-

215 1223 313 1279 tus
341 1239 520 1298 quam
548 1219 749 1273 beatos
781 1215 1084 1292 quondam
1123 1215 1299 1271 duces
1326 1212 1664 1272 Romanos!
1723 1214 1958 1288 signum
1989 1235 2085 1272 re·-

220 1303 415 1382 c'eptui
442 1302 622 1363 dedit.
706 1312 775 1358 ut
807 1313 1006 1357 tamen
1039 1299 1209 1356 miles
1241 1300 1431 1356 otium
1465 1311 1732 1369 exueret,
1767 1299 1923 1356 inter
1940 1298 2080 1357 Mo-

216 1386 342 1448 sam
361 1385 766 1464 Rhenumque
799 1386 980 1446 trium
1013 1396 1069 1443 et
1106 1385 1318 1459 viginti
1349 1384 1611 1442 millium
1645 1383 2083 1461 spatio'fossam

217 1474 522 1552 perduxit,
576 1492 693 1549 qua
729 1471 954 1528 incerta
993 1467 1223 1528 Oceani
1255 1481 1613 1529 vetarentur.
1701 1469 1957 1544 insignia
1990 1481 2082 1528 ta-

277 1720 327 1761 z'n
346 1717 538 1761 sinistra
550 1713 713 1770 sama.
773 1709 850 1754 Sic
869 1709 968 1752 MS.
988 1708 1112 1753 Flor.
1238 1711 1527 1764 prolocutus.
1563 1707 2078 1756 sieMSs.ssud.Gue1f.

220 1778 341 1834 (test.
359 1774 502 1826 Viet.)
527 1771 732 1828 ed.Spir.
796 1768 998 1824 Intellige
1023 1770 1114 1809 ha-
1186 1766 1285 1809 edd.
1315 1767 1437 1824 Spir.
1467 1767 1610 1810 Rhen.
1645 1783 1740 1825 sqq.
1814 1770 2081 1823 perlocutus

219 1838 317 1878 bita
337 1831 405 1874 vel
431 1828 577 1873 simile
602 1828 727 1886 quid.
788 1826 904 1868 Edd.
925 1826 1027 1868 Put.
1043 1825 1112 1868 M.
1184 1824 1401 1868 edd.Put.
1413 1825 1481 1866 M.
1511 1834 1554 1868 et
1571 1825 1622 1867 V.
1649 1825 1752 1867 Ber.
1779 1825 1836 1879 (e.
1856 1824 1926 1869 sil.
1941 1823 2079 1883 Viet‘.)

216 1902 262 1936 et
297 1890 354 1933 V.
399 1886 607 1930 Beroald.
641 1884 739 1927 Alc.
768 1883 974 1930 Rhenan.
1011 1898 1110 1940 sqq.
1184 1881 1346 1924 Aleiat.
1433 1882 1575 1938 Igitur
1618 1882 1673 1925 de
1715 1882 1967 1926 Puteolano
1997 1883 2079 1926 Er·-

218 1965 323 1995 cum
352 1944 504 1990 Guelf.
532 1943 751 1986 omittunt
772 1943 835 1983 in.
1184 1939 1351 1982 nestius
1382 1939 1518 1982 falsus
1557 1947 1636 1982 est.
1723 1938 1945 1984 Confusio
1979 1949 2079 1984 orta

265 2005 491 2049 conciret.
577 2000 661 2042 Ed.
705 1998 852 2041 Rhen.
897 1996 1112 2049 mendose
1185 2004 1250 2039 est
1291 2011 1314 2037 e
1366 1997 1641 2055 compendio
1694 1997 1968 2055 scripturae,
2026 2007 2080 2042 ut

217 2064 496 2109 conciretur.
1184 2053 1458 2111 saepissime.

273 2146 470 2177 casura.-
497 2129 569 2173 sin
585 2141 825 2183 prospere.
874 2124 938 2168 Ex
961 2141 1111 2168 emen·
1240 2125 1402 2167 beatos
1445 2127 1683 2181 quondam
1722 2127 1861 2171 duces
1892 2120 2076 2169 Romo-

218 2192 399 2236 datione
449 2184 671 2237 Merceri,
727 2200 866 2243 quam
914 2180 1111 2226 Pichena
1182 2195 1283 2224 nos.
1341 2182 1404 2224 Ex
1431 2183 1608 2230 emend,
1635 2181 1793 2241 Lipsii‚
1835 2198 1948 2242 quae
1977 2183 2078 2229 niti-

219 2247 502 2295 confirmavit
527 2261 550 2287 e
571 2240 675 2287 MS.
697 2243 850 2294 Flor.,
890 2240 1010 2283 unde
1037 2240 1110 2283 ad·
1181 2247 1257 2281 tur
1289 2238 1440 2282 Dione
1478 2240 1555 2291 60,
1587 2239 1658 2282 So.
1702 2233 1746 2283 ὦ
1777 2236 1999 2300 μακάριοι
2035 2244 2082 2286 ol

218 2309 329 2351 fert:
366 2316 562 2347 casuras
591 2301 641 2343 in
671 2313 911 2355 prospere.
957 2297 1110 2340 Victo·
1182 2293 1327 2339 πάλαι
1351 2299 1464 2341 ποτὲ
1490 2295 1900 2355 στρατηγήσαντες.
1959 2300 2079 2344 Ante

220 2367 312 2409 riu‘s
341 2362 563 2405 intactum
596 2357 679 2402 reli
715 2359 778 2400 uit
814 2357 863 2399 in
897 2354 968 2398 ed.
1003 2355 1110 2398 Ber.
1181 2354 1385 2412 Lipsium
1410 2355 1512 2397 edd.
1539 2370 1697 2401 omnes
1725 2365 1768 2398 et
1798 2354 1935 2400 MSS.
1960 2355 2077 2400 Bu'd.

219 2438 323 2467 cum
348 2432 584 2475 prospere.
643 2415 682 2458 E
717 2448 728 2458 .
748 2414 868 2472 Spir.
902 2414 953 2454 in
979 2427 1031 2454 re
1062 2428 1111 2466 p.
1188 2410 1341 2456 Guelf.
1365 2416 1607 2468 quosdam,
1639 2412 1761 2470 quod
1776 2413 1910 2456 etiam
1924 2413 2077 2458 Victo·

220 2491 421 2542 casurus
459 2478 510 2519 in
541 2487 782 2531 prospere.
857 2469 962 2512 MS.
993 2469 1112 2512 Bud.
1186 2469 1279 2512 rius
1304 2469 1526 2512 intactum
1552 2469 1752 2530 reliquit.

218 2551 391 2581 casura
419 2535 483 2576 ni.
561 2532 671 2579 Rec,
706 2545 828 2573 man·
870 2527 975 2571 feeit
1006 2542 1114 2569 cum
1242 2547 1294 2582 ut
1330 2547 1509 2590 tamen.
1581 2539 1656 2584 Sic
1689 2540 1792 2582 MS.
1826 2539 1939 2599 Reg.
1971 2541 2071 2586 edd.

220 2613 268 2639 ex
290 2595 354 2636 ηἰ-
416 2588 519 2635 MS·
547 2587 696 2633 Guelf·
721 2586 823 2630 edd·
849 2585 951 2628 Put-
977 2584 1046 2628 Μ·
1071 2593 1115 2627 et
1184 2597 1302 2656 Spir.
1328 2605 1370 2640 et
1394 2605 1583 2641 recenti.
1605 2596 1709 2640 inde
1733 2614 1755 2640 a
1778 2597 1991 2643 Pichena.
2019 2622 2079 2632 —

220 2653 280 2696 V.
328 2647 535 2693 Beroald·
567 2649 670 2690 Alc·
704 2644 850 2688 Rhen·
887 2643 992 2712 Alf]-
1032 2659 1112 2685 θα·
1182 2670 1242 2698 ne
1273 2662 1435 2696 tamen
1458 2655 1591 2697 MSS.
1619 2654 1736 2697 Bud.
1763 2653 1918 2700 Guelf.
1941 2655 2077 2700 Bodl.

219 2722 362 2755 sura:
412 2720 521 2748 cum
548 2718 790 2761 prospere.
861 2702 965 2745 Mb.
997 2700 1111 2759 Agr·
1185 2711 1269 2755 les.
1302 2711 1408 2754 edd.
1442 2711 1547 2754 Put.
1582 2711 1651 2754 M.
1687 2720 1729 2754 et
1759 2712 1825 2762 V.
1861 2713 2075 2759 Beroald-

218 2779 416 2812 casurus
433 2765 486 2806 ni
501 2777 550 2817 p.
1183 2768 1287 2813 Ale.
1323 2768 1468 2812 Rhen.
1503 2767 1610 2812 Ald.
1645 2768 1766 2828 Lips.
1806 2768 1942 2814 Grut.
2035 2769 2076 2814 E

273 2837 397 2893 paci.
457 2831 562 2876 MS.
590 2832 702 2890 Agr.
727 2831 858 2887 pati,
891 2828 1012 2888 quod
1036 2827 1110 2872 ad·
1183 2826 1286 2869 MS.
1309 2825 1436 2869 Flor.
1463 2826 1660 2870 Pichena
1693 2827 1901 2886 prodidit
1922 2830 1972 2872 vi
1995 2835 2075 2871 ta—

220 2897 336 2940 ridet
356 2891 558 2936 Heinsio.
1182 2899 1292 2925 men
1305 2901 1320 2934 ,·
1349 2883 1426 2926 sed
1447 2883 1680 2928 Victorius
1702 2885 1970 2944 scripturam
1991 2885 2074 2930 Be-

279 2965 440 3020 igimr·
529 2960 608 3006 550
645 2959 782 3005 MSS·
824 2958 945 3003 Flor.
991 2955 1110 2999 Bud·
1180 2940 1326 2984 roald.
1368 2941 1580 2985 intactam
1620 2942 1812 2999 reliquit.
1884 2942 1979 2999 Qui
2011 2942 2074 2986 le.

222 3021 372 3067 Guelf.
399 3019 548 3064 Oxon.
576 3019 684 3076 Agr.
722 3017 824 3061 edd.
848 3014 966 3073 Spir.
1004 3014 1109 3056 Put.
1182 3005 1292 3063 gffflt
1327 3013 1410 3047 ηε,
1459 2999 1733 3063 v-oeabulum
1775 3001 1926 3042 otium
1956 3001 2072 3045 acci.

220 3083 290 3125 M.
327 3088 370 3122 et
399 3078 458 3122 V.
509 3075 722 3121 Beroald.
774 3076 864 3120 Iao.
900 3071 1109 3116 Gronov.
1179 3063 1311 3113 P¹¹¹¹¹t
1349 3055 1673 3114 Significafione
1714 3057 1856 3115 Ρὸῧῖδ,
1908 3058 1974 3103 Πῖὶ
2005 3066 2071 3101 est

221 3154 319 3196 sqq,
347 3163 406 3172 ...-
463 3136 569 3178 ideo
594 3133 696 3177 edd,
716 3133 818 3176 Alc,
841 3129 983 3174 Rha„
1011 3144 1108 3186 sqq,
1183 3114 1222 3161 l,
1250 3111 1317 3156 19.
1341 3122 1383 3155 et
1407 3113 1530 3156 alibi.
1589 3112 1789 3157 Praestat
1816 3123 1964 3158 tamen
1993 3122 2073 3167 ut;

220 3209 364 3254 usque
399 3192 455 3235 ad
485 3194 574 3238 130·
609 3189 900 3237 Gronovius,
938 3201 963 3230 e
995 3186 1107 3233 Viuo
1180 3186 1285 3214 nam
1310 3171 1462 3212 ‘otium
1483 3170 1823 3228 intelligendum
1853 3181 1918 3215 est
1942 3171 2070 3226 illud,

219 3263 399 3325 typogr.
1181 3228 1235 3271 de
1265 3243 1356 3286 quo
1390 3243 1433 3271 c.
1462 3227 1531 3271 18.
1601 3228 1871 3287 Kiesslingi'o
1903 3229 2070 3287 placuit

250 3321 392 3376 5CAP.
424 3319 496 3362 ΞΟ.
577 3317 827 3360 Corbuloni
859 3318 950 3359 hae
983 3314 1112 3357 litte·
1180 3301 1256 3327 ’Μ’

203 3372 320 3427 rae.
397 3377 483 3421 Ed.
515 3373 635 3433 Spir.
673 3374 1001 3417 Cor-boloniam:
1032 3373 1108 3413 lit·
1237 3355 1458 3398 ΠΠΉῘΜΠῙ·
1518 3355 1893 3425 Ε(ἶ(1,,·,8ΡίΓ·Ρῑξῖ;
1917 3356 2068 3402 c·MS·

220 3448 367 3483 teme.
1181 3411 1334 3456 Guelf.
1356 3421 1398 3455 et
1423 3429 1567 3471 nuper
1591 3414 1752 3456 Riessl.
1777 3417 1981 3459 mzlmm.

275 3495 645 3552 affunde-rentur.
734 3487 817 3530 Ed.
860 3487 977 3547 Spir.
1025 3488 1104 3530 ob—
1231 3485 1477 3537 perduxit.
1537 3483 1734 3528 Sic-MS.
1764 3483 1913 3527 Guelf.
1962 3485 2066 3530 edd.

202 3555 535 3612 sunder-entur,
1176 3541 1296 3599 Spir.
1343 3550 1385 3584 et
1430 3541 1606 3584 Ernest.
1655 3556 1753 3598 sqq.
1836 3545 2068 3596 produxit
