2164 3990
1795 159 1839 195 A.
1860 133 2012 199 Usfflss.

1790 208 1838 239 A.
1861 204 1904 241 C.
1950 206 2023 242 65„

240 165 362 223 366
865 139 1420 222 *ANNALIUM

230 307 295 352 ¹et
322 293 540 351 libellis
567 303 623 350 et
652 290 983 367 rationibus
1018 289 1306 364 appellet,
1342 291 1585 348 nomina
1626 304 1886 351 summae
1923 316 2095 354 curae

239 393 298 438 et·
342 378 786 454 meditamenta.
908 372 1070 430 Tum
1121 373 1370 432 intimus
1435 376 1684 453 quisque
1747 378 2095 439 libertorum

238 465 421 522 vincti
458 462 821 538 abreptique.
906 469 963 515 et
994 478 1128 516 cum
1163 459 1462 517 damnatio
1500 462 1777 532 instaret,
1818 461 2096 523 brachio..

238 571 371 608 rum
423 567 602 606 venas
659 544 999 619 Torquatus
1055 543 1411 614 interscidit,
1477 557 1788 622 secutaque
1840 546 2095 607 Neronis

235 633 423 694 oratio
471 654 540 690 ex
587 648 784 699 more,
847 628 1118 705 quamvis
1153 639 1382 684 sontem
1420 640 1476 686 et
1514 632 1844 689 defensioni
1879 636 2091 692 merito

234 720 492 778 diffisum
535 716 830 774 victurum
875 724 1080 775 tamen
1114 712 1324 783 fuisse,
1384 713 1435 769 si
1469 714 1836 775 clementiam
1882 719 2094 777 iudicis

235 809 634 882 exspectasset.

399 909 681 972 XXXVI.
733 908 857 968 Nec
879 911 1066 967 multo
1093 921 1225 984 post
1248 908 1463 965 omissa
1484 909 1547 965 in
1570 931 1842 986 praesens
1865 911 2093 974 Achaia

233 999 466 1079 (causae
491 999 556 1060 in
580 997 805 1053 incerto
829 990 1021 1075 fuere)
1043 995 1256 1052 urbem
1275 994 1495 1064 revisit,
1523 995 1856 1070 provincias
1870 995 2092 1058 Orien-

232 1088 335 1156 tis,
376 1083 630 1141 maxime
654 1077 991 1160 Aegyptum
1025 1080 1259 1137 secretis
1297 1079 1818 1152 imaginationibus
1849 1084 2092 1158 agitans,

229 1167 461 1230 Dehinc
498 1168 687 1225 edicto
726 1167 1059 1224 testificatus
1102 1185 1227 1221 non
1259 1166 1498 1238 longam
1535 1166 1627 1222 sui
1665 1167 1992 1226 absentiam
2035 1182 2093 1228 et

232 1267 439 1314 cuncta
479 1256 544 1311 in
581 1273 646 1310 re
685 1253 925 1328 publica
966 1251 1213 1327 perinde
1257 1249 1497 1307 immota
1534 1271 1599 1308 ac
1647 1272 1925 1329 prospera
1964 1256 2091 1312 fore

230 1362 405 1417 super
445 1360 513 1398 ea
559 1338 923 1414 profectione
966 1336 1112 1393 adiit
1155 1335 1516 1412 capitolium.
1616 1336 1738 1393 illic
1780 1351 2091 1398 veneratus

170 1427 174 1431 ’
228 1430 368 1485 deos
392 1446 526 1483 cum
553 1423 763 1480 Vestae
801 1442 1037 1500 quoqne
1073 1422 1359 1496 templum
1396 1421 1628 1490 inisset,
1670 1436 1910 1498 repente
1942 1445 2089 1481 cun-

229 1525 350 1571 ctos
391 1532 496 1588 per
527 1520 687 1568 artus
713 1520 1002 1577 tremens,
1044 1527 1144 1564 seu
1173 1505 1419 1562 numine
1448 1517 1772 1564 exterrente
1810 1527 1913 1565 seu
1943 1510 2089 1567 faci-

1197 1751 1310 1795 Nam
1368 1761 1572 1810 apertum
1627 1760 1691 1796 est
1742 1750 1935 1796 litteram
1977 1768 2003 1796 e
2040 1754 2086 1797 in

285 1753 503 1816 appellet.
563 1757 640 1801 Sic.
663 1755 764 1799 edd.
785 1755 903 1814 Spir.
920 1754 1124 1799 Beroald.

1197 1808 1331 1853 MSS.
1355 1809 1641 1869 praecedenti
1668 1810 1891 1854 vocabulo
1922 1811 2082 1855 adhae-

230 1819 291 1872 (ο.
316 1818 464 1861 silent.
479 1815 617 1872 vict.)
638 1814 784 1856 Rhen.
810 1815 850 1868 (e
872 1813 972 1857 MS.
989 1812 1123 1868 Bud.)

230 1891 329 1934 sqq.
369 1902 428 1911 --
486 1875 744 1929 appellaret
787 1870 921 1915 MSS.
967 1869 1122 1914 Guelf.

230 1932 314 1976 les.
337 1931 440 1975 edd.
461 1930 566 1975 Put.
591 1930 691 1973 Alc.

250 2065 252 2070 ,
283 2029 500 2060 summae
532 2009 686 2059 curae.

233 2072 300 2118 19.

767 2011 828 2055 cf.
862 2018 960 2056 not.
996 2012 1050 2055 ad
1085 2013 1122 2061 1,

283 2156 549 2202 damnatio.
602 2154 685 2198 Ed.
700 2154 818 2212 Spir.
839 2157 1121 2197 condemna-

228 2217 308 2259 21'0.
365 2213 535 2258 Eadem
558 2229 661 2256 mox
684 2213 928 2261 intercidit.

287 2310 383 2355 CAP
425 2309 497 2354 36.
559 2311 609 2352 in
634 2309 829 2352 incerto.
887 2307 969 2351 Ed.
999 2307 1120 2365 Spir.

227 2372 451 2413 incertae.
511 2367 615 2411 MS.
641 2365 788 2409 Gueif.
814 2369 1003 2414 incerto,
1026 2366 1121 2409 sine

226 2425 300 2479 in.
332 2427 380 2469 ut
403 2432 537 2485 supra
562 2424 695 2468 simili
719 2422 843 2467 loco.

282 2509 716 2565 imaginationibus.
768 2509 845 2551 Sic
857 2507 956 2551 MS.
971 2506 1085 2550 Guel
1091 2507 1122 2551 f.

227 2570 330 2612 edd.
360 2576 468 2612 vett.
490 2582 530 2611 c.
554 2567 703 2609 silent.
730 2566 852 2609 Vict.
876 2589 932 2597 -·
971 2582 1120 2622 yma-

225 2627 541 2683 ginatiom‘bus
558 2622 659 2666 MS.
688 2623 805 2666 Bud.
830 2647 888 2656 -—
939 2623 1120 2666 'nocht‘-

225 2684 497 2727 nationibus
525 2680 678 2737 (obelo
712 2689 861 2724 tamen
893 2683 1119 2736 notatum)

227 2742 328 2785 MS.
354 2740 487 2798 Reg..
529 2745 573 2782 et
601 2739 667 2781 sie
694 2738 902 2781 volebant
924 2737 1119 2781 Ursinus

226 2809 269 2844 et
291 2798 518 2842 Muretus.
580 2797 856 2851 imaginibus
872 2795 975 2839 MS.
996 2795 1071 2839 les.

236 2894 237 2897 ’
283 2882 465 2925 dehinc.
547 2879 622 2936 Siq‘
655 2879 791 2923 MSS.
839 2879 960 2924 Flor.
1001 2880 1119 2933 (test.

226 2940 347 2986 vict.
383 2955 488 2983 eum
518 2937 594 2994 al.)
631 2937 748 2980 Bud.
774 2935 924 2980 Guelf.
955 2937 1120 2993 aliique

227 2994 384 3048 codd„
443 2997 546 3039 edd.
585 2995 702 3051 Spir.
736 2996 837 3038 Put.
876 2995 942 3037 M.
978 3003 1020 3037 et
1056 2995 1114 3037 V.

224 3053 329 3098 Alc.
356 3054 526 3096 Ernest.
552 3051 678 3095 Brot.
710 3068 805 3110 sqq.
837 3080 894 3088 --
951 3053 1117 3095 deinde

226 3111 296 3158 ed.
329 3107 536 3155 Ber-oald.
577 3133 629 3141 ——
689 3110 798 3152 dein
836 3109 934 3152 edd.
972 3109 1113 3152 Rhen.

226 3185 322 3226 sqq.
346 3169 399 3212 ad
422 3167 602 3212 Ernest.

282 3266 442 3308 edicto.
501 3264 579 3308 Sic
599 3263 839 3308 Rhenanus
863 3281 910 3308 ex
936 3265 1116 3324 ingenio

227 3330 268 3363 et
291 3322 392 3363 dein
414 3338 572 3364 omnes
595 3323 695 3365 edd.

223 3378 295 3421 63.
328 3405 384 3412 --
434 3380 558 3420 dicto
577 3379 712 3423 MSS.
739 3387 781 3422 et
808 3389 910 3422 vett.
935 3381 1032 3422 edd.
1057 3382 1115 3435 (c.

226 3435 372 3478 silent.
410 3436 562 3490 Vici.)-

226 3491 342 3537 haud
377 3491 568 3536 absurde
601 3494 772 3539 dedisse
802 3496 913 3538 dein
949 3496 1112 3540 edicto.

1197 1867 1304 1911 sisse
1340 1876 1382 1910 et
1413 1866 1518 1910 inde
1554 1866 1774 1924 originem
1800 1868 1976 1912 traxisse
1999 1872 2084 1911 de-

1195 1926 1315 1967 hinc.
1376 1925 1483 1967 Mox
1509 1940 1600 1982 ..pro
1631 1928 1708 1966 sui
1733 1923 1838 1969 edd.
1869 1926 2086 1987 Bernegg.

1197 1993 1239 2027 et
1261 1982 1465 2025 Gronov.
1490 1982 1614 2026 1672.
1635 1984 1753 2025 usui.

1249 2079 1299 2119 in
1320 2091 1369 2118 re
1386 2077 1571 2131 publica
1587 2077 1801 2132 perinde.
1858 2077 1942 2122 Ed.
1965 2078 2083 2137 Spir.

1195 2136 1241 2176 in
1264 2135 1549 2189 reperienda.
1609 2133 1709 2177 MS.
1733 2133 1849 2178 Bud.
1873 2137 1922 2177 in
1946 2135 2085 2189 repe-
2139 2160 2142 2163 ·

1192 2192 1356 2235 rz'endi.
1428 2190 1538 2234 Edd.
1573 2190 1678 2234 Put.
1707 2191 1777 2236 M.
1816 2199 1857 2234 et
1892 2193 1944 2236 V.
1978 2193 2084 2238 Ber.

1193 2249 1295 2293 Ale.
1330 2247 1472 2291 Rhen.
1507 2257 1555 2290 ut
1588 2246 1723 2291 MSS.
1755 2247 1873 2299 Bud.
1914 2253 1956 2305 (a
1989 2266 2081 2298 sec.

1194 2308 1349 2362 manu)
1371 2303 1521 2347 Guelf.
1548 2304 1712 2363 aliique
1734 2305 1870 2348 codd.
1895 2308 1945 2349 in
1964 2323 2016 2351 re
2031 2323 2083 2364 p.

1194 2365 1385 2407 exinde.
1446 2361 1547 2405 MS.
1561 2362 1684 2406 Flor.
1707 2363 1819 2418 (test.
1832 2362 1974 2422 Pich.)
1993 2381 2084 2421 pe-
2144 2379 2155 2389 ·

1193 2424 1353 2463 riende
1401 2421 1477 2475 (ut
1531 2421 1576 2462 in
1617 2420 1689 2465 ed.
1730 2417 1847 2479 Spir.
1901 2425 2083 2481 credo),

1195 2479 1315 2521 unde
1349 2477 1543 2521 Pichena
1574 2486 1696 2521 recte
1730 2474 1838 2521 fecit
1870 2482 2081 2534 perinde.

1194 2536 1298 2579 Non
1351 2542 1501 2578 tamen
1554 2531 1966 2582 tacebo‘Victorio
2014 2538 2080 2582 in-

1191 2602 1359 2637 tactum
1384 2591 1596 2636 mansisse
1618 2595 1806 2636 exinde.
1858 2615 1863 2621 ·

1245 2695 1333 2736 illic
1364 2698 1632 2735 veneratus.
1690 2692 1766 2736 Sic
1795 2691 1930 2736 MSS.
1958 2694 2080 2740 Flor.

1191 2752 1304 2805 (test.
1334 2751 1449 2793 Vict.
1487 2764 1526 2792 e.
1557 2748 1772 2804 Pichena)
1803 2749 1940 2793 Corb.
1978 2753 2079 2798 edd.

1190 2809 1307 2866 Spir.
1332 2806 1455 2850 Pich.
1479 2805 1597 2863 Lips.
1627 2806 1749 2850 1607.
1772 2823 1824 2864 sq
1860 2840 1870 2848 .
1893 2836 1951 2844 -
1988 2811 2081 2854 illic

1192 2872 1504 2907 veneraturus
1532 2863 1663 2906 MSS.
1693 2862 1813 2908 Harl.
1828 2823 1971 2909 ti'iodl.
1993 2866 2076 2911 ies.

1191 2920 1341 2966 Guelf.
1365 2920 1464 2964 edd.
1490 2919 1591 2963 Put.
1618 2921 1682 2965 M.
1709 2930 1752 2965 et
1778 2922 1831 2966 V.
1855 2921 1957 2966 Ber.
1975 2923 2078 2969 Ale.

1190 2980 1332 3023 Rhen.
1352 2993 1450 3036 sqq.
1479 2978 1534 3021 ad
1561 2977 1683 3022 Pich.
1756 2981 1807 3023 ln
1831 2979 1933 3024 MS.
1957 2980 2073 3025 Eud.

1191 3037 1313 3080 deest
1344 3036 1437 3077 illic
1469 3043 1510 3078 et
1543 3037 1678 3079 verba
1707 3044 1957 3092 sequuntur
1987 3041 2076 3083 sic:

1187 3095 1307 3136 adiit
1321 3108 1419 3149 cap.
1435 3101 1746 3136 veneraturus
1759 3097 1885 3138 deos.
1933 3094 2074 3150 Quod

1189 3150 1421 3194 Ernestius
1461 3149 1605 3192 adfert
1648 3147 1975 3204 veneratu'ros,
2026 3154 2072 3195 in

1191 3207 1314 3252 nullo
1342 3217 1407 3251 est
1440 3209 1570 3251 libro.
1646 3207 1726 3249 Ed.
1761 3207 1902 3252 Rhen.
1935 3208 2072 3253 verba

1189 3265 1422 3322 coniungit
1446 3264 1534 3307 sic:
1567 3267 1848 3319 capitolium,
1879 3267 1971 3308 illic
1992 3282 2070 3309 ve-

767 3321 825 3365 cf.
847 3332 940 3365 not.
971 3324 1024 3366 ad
1049 3325 1115 3372 14,
1184 3330 1444 3365 neracurus
1465 3325 1590 3366 deos.
1627 3323 1739 3365 Cum
1763 3331 1847 3365 etc.
1873 3338 1983 3380 quae
2002 3339 2071 3366 ra-

1186 3382 1248 3423 tio
1276 3380 1414 3423 valuit
1435 3395 1575 3435 nsque
1598 3378 1652 3422 ad
1676 3377 1930 3422 Piehenam.
1979 3380 2070 3423 Pro

641 3436 813 3480 Censeo
849 3436 1113 3480 Rhenanuxn
1183 3439 1346 3480 inisset
1375 3437 1467 3479 MS.
1486 3437 1592 3494 Reg.
1617 3437 1793 3479 ivisset.
1854 3435 1978 3480 Ideni
2005 3441 2067 3481 vi.

1184 3498 1294 3538 dere
1314 3509 1397 3552 pro
1425 3496 1604 3538 vidisse.
