2164 3990
1778 176 2007 217 A-usm.

1778 222 1917 261 me..
1945 223 2008 261 63.

239 185 366 245 aas
907 158 1420 242 ANNALIUM

240 315 574 390 famemque
595 311 934 388 depelleret.
976 307 1246 367 Primum
1268 330 1300 367 e
1321 309 1605 386 perculsis
1615 308 1886 374 Pactium
1914 313 2094 390 primi

239 399 351 476 pili
395 396 802 465 centurionem
845 394 1092 452 obvium
1133 391 1371 466 habuit,
1431 397 1573 453 dein
1619 397 1934 475 plerosque
1976 399 2095 457 mi·-

239 484 442 552 litum:
487 502 636 561 quos
662 481 921 537 diversas
944 479 1113 552 fugae
1141 499 1341 537 causas
1371 481 1756 539 obtendentes
1787 484 1983 541 redire
2018 486 2095 542 ad

241 569 408 643 signa
462 581 518 626 et
573 565 948 624 clementiam
987 562 1158 623 Paeti
1201 565 1456 640 experiri
1496 569 1804 625 monebat:
1872 588 1932 626 se
1975 569 2091 626 nisi
2142 559 2145 569 ’

239 654 563 711 victoribus
611 650 901 707 immitem
949 668 1090 710 esse.
1197 649 1391 708 Simul
1433 670 1566 708 suas
1611 653 1872 726 legiones
1908 654 2093 724 adire,

239 735 498 808 hortari,
540 736 810 812 priorum
841 735 1186 804 admonere,
1227 754 1446 792 novam
1480 737 1726 810 gloriam
1756 740 2090 796 ostendere:

238 844 366 883 non
404 822 564 879 vicos
598 832 700 878 aut
727 820 945 895 oppida
969 815 1424 890 Armeniorum,
1477 823 1578 877 sed
1614 835 1798 882 castra
1818 823 2093 892 Romana

240 912 500 985 duasque
527 907 593 962 in
618 905 690 961 iis
711 906 970 979 legiones
991 906 1251 981 pretium
1275 905 1497 962 laboris
1522 907 1658 981 peti.
1744 907 1812 966 Si
1844 909 2091 983 singulis

236 992 708 1068 manipularibus
740 991 1055 1067 praecipua
1091 991 1307 1049 servati
1343 991 1487 1047 civis
1525 1011 1742 1049 corona
1778 993 2096 1069 imperato-

236 1080 326 1137 ria
344 1098 531 1135 manu
553 1076 940 1146 tribueretur,
982 1078 1146 1153 quod
1172 1076 1323 1134 illud
1345 1087 1402 1133 et
1423 1088 1710 1152 quantum
1735 1079 1941 1148 decus,
1983 1079 2092 1135 ubi

235 1185 344 1240 par
372 1183 576 1220 eorum
602 1182 885 1219 numerus
918 1162 1304 1238 apisceretur,
1345 1163 1450 1239 qui
1486 1163 2093 1221 attulissent'salutem

236 1262 294 1307 et
347 1248 451 1326 qui
503 1247 900 1324 accepissent?
997 1242 1110 1304 His
1164 1258 1338 1342 atque
1390 1248 1609 1305 talibus
1662 1248 1728 1304 in
1779 1268 2091 1307 commune

1197 1501 1433 1569 Yocabulo.
1492 1501 1592 1548 MS.
1630 1470 1785 1545 σηιξη.
1818 1503 1868 1545 in
1897 1502 1974 1546 his
2004 1517 2087 1561 pro

1200 1574 1250 1601 m
1272 1559 1353 1601 iis.

290 1505 552 1558 depelleret.
626 1501 725 1547 MS.
750 1500 899 1547 Guelf.
923 1503 1124 1557 depelle-

233 1569 352 1604 rent.

284 1633 494 1687 primum
531 1646 555 1673 e
578 1631 827 1686 perculsis.
896 1630 979 1675 Ed.
1005 1631 1124 1688 Spir·

227 1691 529 1746 primumque
559 1690 806 1744 perculsis.
883 1689 982 1733 MS.
1018 1688 1126 1746 Agr.

226 1748 482 1804 primisque
497 1748 722 1802 perculsis
746 1745 1015 1790 Pacuvium.

289 1817 520 1861 Pactium.
596 1817 673 1862 Sic
705 1817 804 1861 MS.
844 1815 992 1861 Guelf.
1026 1815 1127 1861 edd.

229 1876 331 1920 Put.
354 1876 420 1920 M.
447 1883 489 1918 et
511 1874 564 1921 V.
590 1875 689 1919 Ber.
723 1874 821 1919 Alc.
857 1873 999 1917 Rhea.
1030 1890 1126 1933 sqq.

1255 1617 1334 1658 ubi
1359 1629 1453 1669 par
1476 1644 1567 1659 ....
1596 1615 1885 1671 accepissent.
1942 1617 2090 1661 Locus

1199 1674 1395 1716 multum
1420 1681 1616 1717 vexatus.
1676 1671 1880 1719 Brevitas
1901 1673 2090 1732 scripto·

1198 1731 1262 1773 ris
1302 1730 1620 1786 interpretibus
1666 1731 1875 1775 tenebras
1918 1731 2090 1777 offudit.

1199 1788 1388 1832 Plenius
1408 1787 1610 1831 dixisset:
1642 1789 1717 1831 ubi
1743 1797 1837 1833 tam
1860 1788 1991 1832 multi
2015 1804 2089 1832 eo-

1198 1862 1303 1889 rum
1336 1861 1554 1889 coronam
1587 1845 1749 1891 servati
1781 1845 1892 1892 civis
1924 1845 2090 1905 apisce-

231 1961 290 1970 ...-
320 1933 536 1975 Paccium
569 1932 668 1975 MS.
692 1931 819 1974 Flor.
856 1933 970 1987 (test.
993 1931 1126 1986 Viet.)

231 1991 300 2035 ed.
336 1991 451 2048 Spir.
524 1989 582 2033 cf.
614 1989 681 2037 13,
718 1989 786 2032 36.
820 1989 896 2032 ubi
938 1989 1126 2035 varieta-

232 2057 325 2092 tem
395 2047 482 2090 seri
517 2055 642 2090 turae
699 2047 875 2104 repperi
934 2045 1122 2089 nullam.

230 2103 430 2150 Rieklefs
471 2063 699 2149 diversum
747 2120 840 2147 esse
882 2112 1125 2161 utrumque

234 2170 396 2209 censet.

287 2248 338 2276 se
362 2232 458 2275 nisi
481 2233 731 2275 victoribus
755 2232 983 2274 immitem
1013 2246 1124 2275 esse.

231 2289 285 2335 H.
309 2306 347 2333 e.
371 2306 418 2332 se
438 2289 608 2333 nullam
631 2289 760 2346 fugae
794 2288 1123 2333 excusationem

233 2348 435 2407 accipere
450 2363 536 2391 nec
553 2347 853 2389 desertoribus
868 2348 1101 2408 ignoscere
1114 2362 1125 2397 ;

234 2422 279 2448 se
305 2404 498 2462 fugitivis
524 2404 747 2447 immitem
779 2411 822 2446 et
854 2403 1037 2447 nonnisi
1060 2405 1124 2448 vi-

232 2463 433 2507 ctoribus
458 2462 615 2504 mitem
637 2477 746 2504 esse.
807 2461 883 2505 Sic
915 2461 1029 2504 bene
1061 2461 1124 2504 lo·

233 2526 338 2565 cum
370 2519 400 2563 I.
434 2520 512 2562 Fr.
548 2518 813 2565 Gronovius
846 2517 1125 2578 explicuerat.

233 2578 464 2621 Ernestius
504 2577 770 2620 sententiam
811 2593 968 2619 rursus
1007 2592 1123 2620 con-

233 2643 413 2702 torquet
440 2634 880 2692 dubitationibusque
909 2633 1124 2691 indulget.

233 2692 353 2736 Niml
382 2701 533 2736 autem
558 2692 700 2748 magis
723 2693 801 2734 abs
821 2709 870 2735 re
891 2708 984 2734 esse
1003 2692 1124 2734 vide·

1198 1912 1381 1954 rentur,
1422 1911 1471 1945 ut
1503 1918 1583 1961 par
1613 1911 1728 1946 esset
1760 1919 1975 1948 numerus
2005 1919 2087 1948 eo-

1198 1977 1302 2003 rum
1319 1993 1330 2011 ,
1356 1961 1431 2018 qui
1455 1960 1703 2003 attulissent
1724 1961 1913 2005 salutem
1940 1968 1982 2004 et
2013 1961 2090 2020 qui

1198 2016 1485 2075 accepissent.
1564 2017 1694 2061 Duae
1732 2019 1854 2062 enim
1891 2018 2090 2077 legiones

1197 2083 1309 2117 tunc
1372 2075 1536 2126 retium
1569 2084 1697 2118 erant
1730 2075 1908 2120 laboris.
1989 2075 2090 2121 Hoc

1196 2090 1441 2175 tenendinn
1473 2141 1560 2181 est,
1605 2148 1662 2175 ne
1694 2147 1885 2177 acumen
1912 2141 2088 2177 senten-

1144 2189 1147 2191 ’
1196 2190 1281 2233 tiae
1303 2197 1467 2248 pereat.
1529 2187 1645 2232 Nam
1668 2205 1750 2257 par
1774 2190 1848 2234 ille
1869 2206 2089 2247 numerus

1195 2256 1293 2289 tum
1325 2246 1507 2289 demum
1538 2262 1685 2305 praeci
1722 2262 1830 2290 uum
1854 2247 1990 2292 decus
2015 2249 2088 2292 ad-

1194 2304 1312 2347 ferre
1334 2311 1503 2360 potest,
1544 2303 1582 2347 si
1607 2320 1684 2347 mu
1705 2304 1737 2346 ti
1756 2314 1862 2348 sunt
1891 2314 2087 2351 servato·

1193 2377 1265 2403 res
1287 2370 1330 2404 et
1354 2361 1532 2406 servati.
1591 2361 1846 2406 Peccarunt
1870 2362 2089 2422 interpre-

1193 2427 1260 2461 tes
1283 2418 1331 2460 in
1355 2435 1435 2467 eo,
1466 2419 1588 2476 quod
1613 2418 1661 2462 in
1686 2419 1962 2464 Corbulonis
1993 2437 2087 2464 ver-

1195 2476 1265 2520 bis
1301 2485 1565 2534 quaererent
1603 2477 1867 2521 sententiam
1903 2478 1951 2521 in
1992 2479 2089 2522 uni·

1199 2533 1586 2599 versum-dictam,
1620 2533 1746 2592 quasi
1767 2551 1848 2593 par
1871 2551 2087 2581 numerus

1197 2600 1473 2635 servantium
1506 2600 1547 2634 et
1579 2600 1862 2636 servatorum
1895 2593 2086 2637 omnino

1197 2649 1332 2692 decus
1372 2663 1532 2706 augere
1574 2649 1763 2692 dicatur.
1830 2649 1880 2692 ld
1909 2650 1944 2694 si
1970 2651 2085 2696 Cor-

1198 2705 1306 2750 bulo
1341 2707 1577 2755 voluisset,
1613 2707 1762 2763 potius
1790 2706 1969 2750 dixisset
1994 2711 2082 2750 ad·

235 2758 331 2801 tur,
359 2766 495 2808 ‘luam
519 2749 643 2807 qu⁰d
666 2749 742 2792 ille
759 2765 916 2793 vocem
937 2750 1081 2791 ”1'0507
1083 2750 1125 2792 ἰ·
1182 2763 1372 2819 ferrent
1398 2787 1451 2797 -
1474 2771 1515 2804 et
1539 2764 1814 2815 acciperent.
1857 2764 1951 2807 Iam
1973 2780 2085 2810 vero

233 2811 316 2851 bus
336 2809 390 2850 ad
412 2808 598 2852 Parthos
618 2806 713 2850 vult
733 2806 907 2851 referri.
953 2807 1125 2850 Strom-

234 2863 418 2910 heekius
453 2864 700 2909 convertit:
743 2877 795 2907 er
815 2879 896 2918 sey
923 2879 1016 2906 nur·
1038 2879 1119 2918 ge-

233 2937 324 2976 gen
353 2921 513 2976 Sieger
550 2922 719 2974 milde‚
771 2930 902 2979 atque
934 2921 980 2964 in
1016 2931 1125 2965 nota

235 2978 475 3024 subiuncta
503 2980 741 3032 admonet,
787 2996 834 3023 se
868 2995 961 3022 esse
987 2995 1122 3022 secu-

235 3046 332 3081 tum
356 3037 718 3086 emendationem
739 3039 899 3079 mitem
922 3053 1004 3094 pro
1030 3038 1119 3079 im-

233 3095 412 3138 mitem.
495 3095 583 3138 Sed
623 3102 719 3137 tum
753 3094 974 3137 debuisset
1004 3094 1119 3138 dici:

236 3166 287 3194 er
306 3167 384 3206 sey
406 3166 496 3193 nur
513 3166 660 3206 gegen
682 3152 841 3206 sieger
859 3152 1083 3197 unmilde.

288 3236 384 3263 non
406 3223 527 3264 vicos
541 3230 626 3265 aut
656 3224 838 3278 oppida.
897 3219 982 3266 Ed.
1004 3222 1121 3281 Spir.

231 3292 325 3319 non
346 3280 444 3320 vias
465 3288 549 3322 aut
570 3282 754 3335 oppida.
823 3279 991 3324 Eadem
1018 3295 1122 3323 mox

232 3349 316 3395 pro
348 3337 394 3378 in
425 3337 481 3379 iis
511 3336 600 3381 fert
630 3353 694 3381 ex
723 3339 814 3386 his,
844 3347 888 3381 et
909 3336 1015 3380 Peti
1034 3353 1119 3395 pro

227 3393 345 3447 peti,
386 3392 508 3437 nulla
536 3393 821 3438 distinetione
850 3395 992 3453 posita
1014 3403 1118 3438 ante

231 3450 284 3494 si.
343 3448 520 3492 Deinde
549 3453 831 3505 praecipuas
859 3467 942 3511 pro
968 3467 1119 3506 prae-2

228 3507 378 3561 cipua.
420 3506 583 3551 Littera
605 3524 629 3552 s
651 3509 846 3554 adhaesit
867 3526 890 3552 e
912 3508 1119 3567 sequenti

1198 2837 1277 2879 per
1314 2820 1511 2863 formam
1552 2819 1704 2864 aoristi
1739 2822 2004 2865 attulissent
2039 2832 2087 2867 et

1195 2879 1478 2933 accepissent
1520 2878 1625 2922 satis
1670 2879 1864 2922 ostendit
1904 2897 2082 2924 sermo·-

1196 2951 1300 2979 nem
1332 2950 1424 2978 esse
1451 2935 1505 2977 de
1531 2936 1609 2978 illo
1642 2945 1831 2986 eventu,
1859 2939 1936 2996 qui
1972 2947 2084 2984 tunc

1191 2993 1412 3051 agebatur.
1454 2991 1604 3048 Quam
1627 2993 1955 3051 impeditiorem
1976 3011 2084 3039 sane

1192 3049 1280 3094 loci
1304 3051 1525 3092 rationem
1548 3066 1687 3108 quum
1708 3052 1971 3110 interpretes
1984 3068 2082 3096 non

1191 3107 1508 3164 intelligerent,
1558 3108 1614 3151 de
1653 3109 1937 3153 emendando
1973 3126 2079 3153 con-

1191 3173 1310 3208 textu
1350 3165 1471 3209 varia
1515 3167 1819 3211 coniecerunt.
1903 3166 2079 3224 Lipsius

1192 3237 1275 3280 pro
1315 3226 1597 3277 apisceretur
1635 3223 1813 3268 volebat
1847 3228 2076 3280 aspicere-

1192 3289 1271 3322 tur
1282 3297 1297 3331 ;
1356 3289 1531 3325 secutus
1593 3290 1657 3325 est
1717 3280 2073 3325 Strombeckius.

1190 3337 1347 3395 Neque
1409 3348 1563 3382 tamen
1623 3338 1703 3383 hac
1767 3338 2080 3383 emendatione

1190 3395 1550 3438 commodiorem
1589 3396 1686 3438 fieri
1720 3396 1981 3438 sententiam
2017 3397 2079 3439 vi-

1190 3452 1254 3494 dit
1276 3451 1518 3496 Ernestius.
1570 3452 1824 3510 Speciosior
1845 3468 1939 3496 esse
1960 3454 2076 3497 vide·

1187 3518 1260 3553 tur
1288 3510 1571 3560 coniectura,
1602 3527 1651 3553 ex
1674 3524 1757 3567 qua
1774 3509 1968 3554 ttickless
1990 3527 2075 3567 pro
