2164 3990
208 205 260 244 Α.
272 205 326 240 U.
341 207 427 240 804¹.

209 251 261 287 A.
276 249 323 286 C.
365 250 427 284 47.

566 207 736 268 LIB.
772 206 918 297 -ΧΙ,ο
973 205 1166 268 CAP.
1215 206 1311 303 με.
1366 202 1462 265 15.

123 342 307 401 nobis
322 359 557 418 quoque
582 357 800 414 paucae
825 336 1086 413 primum
1109 337 1300 394 fuere:
1329 334 1543 392 deinde
1566 334 1801 392 additae
1825 347 1979 398 sunt.

124 427 260 502 Quo
286 425 550 501 exemplo
563 421 848 481 Claudius
868 433 984 478 tres
1009 421 1230 480 litteras
1254 420 1467 477 adiecit
1483 465 1500 489 ,
1535 440 1684 496 quae
1707 421 1843 477 usui
1864 421 1981 477 im-

123 512 411 589 peritante
438 531 535 579 e0‚
585 521 720 584 post
754 507 1157 576 oblitteratae,
1205 504 1573 580 aspiciuntur
1609 504 1786 563 etiam
1819 525 1980 564 nunc

124 598 189 653 in
217 617 348 654 aere
375 593 750 671 publicandis
773 592 1093 668 plebiscitis
1117 610 1223 666 per
1248 592 1378 648 fora
1406 610 1472 646 ac
1498 590 1718 665 templa
1745 590 1880 651 fixo,

290 705 422 766 XV.
465 703 721 764 Rettulit
749 703 963 761 deinde
988 703 1064 759 ad
1090 712 1356 758 senatum
1384 721 1560 776 super
1586 699 1837 774 collegio
1870 695 1981 757 ha-

124 793 423 868 ruspicum
437 837 454 860 ‚
489 811 565 847 ne
590 789 980 847 vetustissima
1002 785 1206 845 Italiae
1230 786 1542 862 disciplina
1564 805 1671 861 per
1693 785 1981 842 desidiam

123 879 494 935 exolesceret:
541 895 710 951 saepe
738 874 996 931 adversis
1019 873 1106 929 rei
1127 872 1399 948 publicae
1425 871 1791 946 temporibus
1828 871 1981 927 acci-

53 1009 57 1012 .
122 974 273 1032 toS‚·
326 982 579 1038 quorum
631 959 866 1016 monitu
909 958 1331 1031 redintegratas
1380 955 1766 1013 caerimonias
1811 965 1870 1012 et
1914 955 1981 1011 in

121 1060 423 1123 posterum
458 1047 674 1104 rectius
716 1041 969 1100 habitas:
1023 1042 1429 1118 primoresque
1464 1037 1739 1100 Etruriae
1774 1051 1980 1115 sponte

123 1145 225 1190 aut
250 1143 484 1208 patrum
511 1130 924 1190 Romanorum
949 1128 1209 1203 impulsu
1235 1127 1547 1183 retinuisse
1581 1125 1885 1182 scientiam
1923 1136 1983 1183 et

123 1216 468 1281 infamilias
493 1233 869 1291 propagasse,
917 1214 1078 1290 quod
1110 1233 1271 1269 nunc
1308 1212 1543 1285 segnius
1579 1210 1709 1267 fieri
1742 1210 1982 1286 publica

124 1302 276 1358 circa
309 1302 496 1358 bonas
520 1313 671 1357 artes
700 1299 967 1356 socordia
993 1309 1049 1354 et
1073 1298 1210 1374 quia
1240 1309 1510 1355 externae
1537 1296 1982 1371 superstitiones

121 1388 431 1445 valescant.
521 1397 576 1442 et
611 1386 760 1443 laeta
791 1385 1032 1461 quidem
1063 1383 1128 1438 in
1160 1375 1436 1460 praesens
1472 1381 1702 1452 omnia,
1746 1381 1847 1438 sed
1875 1381 1982 1438 be-

1895 208 2053 267 27*

122 1598 235 1634 esset
257 1599 302 1634 et
309 1592 525 1647 formae.
569 1590 779 1634 Ceterum
803 1590 858 1634 ad
881 1591 1017 1637 verba

117 1648 283 1702 forma
305 1652 340 1692 l.
370 1649 558 1691 Latinis
580 1648 778 1706 intellige
811 1655 881 1690 est
911 1664 1016 1690 cum

121 1705 458 1756 strombeckic»,
499 1720 594 1747 non
620 1713 725 1746 erat
748 1721 850 1748 cum
877 1703 1016 1747 Riek-

122 1762 266 1810 lessio,
327 1763 442 1805 Nam
476 1762 650 1805 Plinius
671 1763 714 1817 2,
743 1761 815 1811 58,
850 1763 904 1806 de
940 1777 1016 1805 ea-

123 1819 223 1862 dem
264 1835 314 1862 re
351 1820 530 1876 scribit:
581 1820 772 1862 Veteres
807 1819 1016 1863 Graecas

108 1876 268 1932 fuisse
299 1880 486 1919 easdem
516 1879 685 1929 plane,
736 1892 853 1931 quae
888 1889 1013 1918 nunc

120 1933 345 1982 Latinae,
387 1935 552 1976 indicio
577 1935 663 1975 erit
684 1934 910 1987 Delphica
932 1940 1010 1974 ta-

122 1992 233 2032 bula
254 1993 439 2048 antiqui
458 1993 586 2034 aeris
599 2022 611 2040 ,
643 2005 760 2046 quae
781 2000 852 2034 est
873 1991 1012 2034 hodie

121 2048 171 2089 in
191 2048 377 2091 Palatio
401 2057 485 2093 etc.

181 2131 403 2176 Claudius
418 2142 512 2175 tres
526 2134 714 2175 litteras
729 2133 914 2179 adiecit.
949 2133 1009 2177 cf.

118 2188 307 2232 sueton.
358 2189 516 2234 Claud.
568 2206 610 2234 c.
653 2191 726 2233 41.
813 2191 1015 2236 Fuerunt

121 2246 349 2291 aeolicum
383 2251 625 2303 digamma
650 2261 698 2304 J
731 2246 791 2292 cf.
819 2247 1012 2303 Quintil.

124 2305 309 2357 1‚7,27;
331 2306 587 2360 antisigma
605 2319 682 2365 DC
705 2322 789 2364 pro
804 2321 876 2362 ps.
919 2306 1013 2349 Pri·
1032 2341 1036 2345 .

122 2364 259 2408 scian.
287 2365 305 2404 1
324 2396 335 2416 ,
366 2363 517 2421 p.557.
578 2363 649 2406 De
672 2365 798 2408 tertia
821 2364 884 2406 nil
908 2381 1014 2407 eon-

124 2427 224 2463 stat.
287 2419 544 2464 Coniiciunt
570 2421 703 2464 fuisse
727 2422 903 2478 signum
927 2437 1013 2478 pro

126 2481 172 2520 Φ
206 2475 276 2520 vel
315 2478 373 2520 Θ.

122 2533 178 2576 ad
204 2533 254 2607 h.
275 2533 305 2577 l.

177 2632 445 2685 plebiscitis.
498 2631 654 2689 Quum
678 2648 810 2676 sensu
830 2632 1015 2689 antiquo

123 2688 351 2745 plebiscita
381 2691 704 2748 imperatorum
737 2690 1016 2746 temporibus

123 2745 244 2792 nulla
265 2746 351 2789 sint
366 2780 376 2797 ‚
405 2748 576 2805 Lipsius
601 2749 698 2793 vult
715 2748 1016 2802 publicandis

123 2803 278 2855 scitis‚·
334 2803 521 2848 Grotius
561 2807 856 2859 publicandis
894 2806 1022 2860 plebi

123 2859 279 2909 SCtis,
321 2877 431 2919 quae
453 2863 709 2906 coniectura
731 2863 1016 2919 praecipuam

125 2918 287 2975 accipit
319 2920 631 2963 auctoritatem
665 2937 688 2963 e
723 2919 827 2963 loco
853 2922 920 2972 12,
943 2920 1014 2964 53.

126 2983 170 3017 et
201 2991 250 3017 ex
278 2975 396 3019 Plin.
435 2993 533 3034 epp.
569 2977 610 3029 8,
639 2979 683 3021 6.
714 2977 790 3020 ubi
823 2977 1016 3023 refertur

125 3040 327 3081 senatum
351 3035 597 3087 censuisse,
640 3045 689 3079 ut
713 3038 920 3081 consulta
954 3035 1019 3090 (in

124 3087 343 3132 honorem
359 3090 575 3136 Pallantis
595 3093 729 3150 facta)
758 3093 804 3135 in
823 3107 932 3136 aere
951 3094 1020 3134 in.-

126 3149 389 3190 ciderentur
419 3151 552 3204 idque
581 3164 663 3193 aes
690 3152 921 3206 figeretur
954 3153 1020 3192 ad

125 3211 336 3246 statuam
381 3207 625 3249 loricatam
666 3210 764 3250 divi
794 3207 910 3250 Iulii
953 3208 1017 3262 (in

72 3317 75 3319 ι
125 3261 227 3304 soro
251 3261 348 3305 lulii
371 3261 592 3320 positam).
651 3263 744 3307 Pro
769 3265 1015 3319 publican-

164 3321 234 3360 dis
259 3318 361 3361 MS.
386 3319 494 3376 Reg.
522 3319 653 3364 habet
669 3323 871 3377 publico.

184 3416 294 3463 CAP.
322 3419 389 3462 15.
420 3420 630 3464 Rettulit.
694 3419 770 3464 Sic
790 3421 894 3470 edd.
915 3422 1018 3464 Put.

127 3474 195 3518 M.
230 3483 272 3518 et
305 3475 362 3519 V.
398 3476 609 3520 Beroald.
655 3477 878 3532 (Victorio
924 3495 1018 3522 non

128 3533 480 3591 contradicente)
522 3534 625 3580 Ale.
659 3534 803 3582 Rhen.
836 3553 936 3598 sqq.
976 3546 1020 3580 et

455 2478 555 2521 Vid.
597 2477 716 2534 Lips.
764 2486 809 2520 et
841 2477 1013 2545 Cher-l.

1088 1604 1233 1646 nuper
1249 1586 1458 1630 Bekkeri.
1516 1585 1678 1629 retulit
1698 1584 1800 1629 MS.
1826 1584 1978 1629 Guelf.
2031 1554 2036 1557 A

1090 1646 1190 1690 edd.
1207 1645 1323 1705 Spir.
1342 1653 1384 1689 et
1403 1644 1707 1688 recentiorum
1730 1644 1983 1702 pleraeque.

1146 1759 1465 1812 haruspicum.
1539 1757 1619 1801 Sic
1650 1757 1753 1800 edd.
1790 1764 1981 1800 recenti.

1088 1816 1193 1859 inde
1235 1833 1259 1859 a
1302 1815 1351 1857 Li
1388 1815 1439 1859 sii
1483 1815 1643 1873 prima.
1705 1814 1983 1867 aruspicum

1084 1872 1158 1916 bic
1192 1880 1234 1916 et
1268 1872 1313 1914 in
1341 1831 1438 1914 fine
1454 1887 1552 1929 cap.
1576 1871 1679 1914 MS.
1706 1870 1858 1914 Guelf.
1881 1871 1982 1915 edd.

1084 1930 1116 1974 S
1147 1929 1201 1972 ir.
1229 1929 1332 1972 Put.
1370 1931 1440 1972 M.
1468 1937 1510 1972 et
1535 1928 1592 1971 V.
1617 1928 1825 1972 Beroald.
1858 1929 1982 1985 (cum

1083 1987 1119 2031 si
1140 2018 1151 2030 .
1180 1986 1389 2043 Victorii)
1415 1986 1518 2031 Ale.
1543 1986 1689 2030 Rhen.
1713 1984 1816 2030 Ald.
1888 2021 1893 2025 .
1976 2015 1979 2028 ι

1139 2103 1323 2145 accitos.
1381 2101 1458 2145 Sic
1473 2099 1670 2144 Ursinus
1691 2116 1715 2143 e
1735 2107 1825 2147 vet.
1848 2098 1987 2154 libro.

1085 2159 1313 2217 Accepere
1329 2157 1663 2202 Freinshemius
1683 2173 1780 2217 sqq.
1838 2155 1983 2202 codd.

1084 2217 1220 2260 MSS.
1245 2225 1288 2260 et
1314 2215 1416 2259 edd.
1438 2224 1545 2262 vett.
1570 2223 1787 2271 quantum
1807 2222 1986 2272 constat

1087 2290 1245 2317 omnes
1279 2273 1461 2323 accitis,
1503 2272 1627 2329 quod
1661 2271 1793 2319 etiam
1820 2268 1988 2325 Victo-’u

1085 2331 1178 2374 rius
1201 2331 1420 2376 intactum
1444 2329 1525 2374 reli
1562 2330 1640 2373 uit.
1701 2329 1797 2382 Nec.
1822 2330 1983 2383 absurn

1089 2389 1197 2431 dum
1221 2396 1285 2432 est
1304 2388 1480 2432 accitis.
1982 2440 1988 2448 ,

1085 2448 1185 2488 bus.
1244 2445 1461 2489 Enuntiat
1483 2445 1727 2496 rationem,
1757 2460 1840 2488 cur
1853 2443 1986 2504 Clau}¹

1088 2503 1188 2546 dius
1220 2503 1274 2546 ad
1309 2510 1512 2547 senatum
1545 2502 1748 2554 referat„
1770 2517 1830 2553 ne
1851 2522 1877 2555 ε.
1898 2531 1948 2557 .-,.
1972 2535 1984 2547 .

1088 2562 1422 2615 exolescerent,
1449 2576 1511 2603 sc.
1527 2575 1664 2617 quum
1682 2575 1811 2618 saepe
1825 2575 1897 2613 ης.
1912 2577 1984 2615 φο-

1088 2617 1163 2662 eiti
1185 2617 1291 2662 sint.
1321 2619 1507 2662 Accitos
1528 2615 1983 2677 simplicitetnarrat,

1147 2733 1331 2776 rectius.
1392 2731 1476 2775 Ed.
1500 2730 1619 2790 Spir.
1641 2716 1894 2786 rect'z·0res.j

1145 2849 1385 2892 Etruriae.
1447 2847 1523 2895 Sic
1555 2845 1657 2890 edd.
1684 2845 1804 2905 Spir.
1842 2837 1885 2891 el
1910 2863 1986 2891 req

1089 2915 1226 2951 centt.
1249 2905 1354 2949 inde
1375 2921 1397 2947 a
1419 2903 1588 2962 Lipsio.
1622 2928 1678 2937 —-
1735 2903 1989 2958 Ethrlttl'ae.

1089 2964 1192 3008 edd.
1227 2964 1333 3007 Put.
1367 2962 1435 3009 M.
1471 2969 1513 3004 et
1538 2962 1591 3007 V.
1615 2961 1827 3006 Beroald.
1863 2963 1989 3017 (cum

1090 3021 1235 3065 silent.
1281 3018 1488 3076 Victorii)
1547 3017 1649 3067 Alc,
1687 3017 1838 3071 Rhen.
1876 3017 1987 3074 ΑΜ,

1088 3078 1207 3137 Lips.
1231 3078 1391 3138 prima.
1712 3121 1718 3125 .
1784 3114 1795 3127 .·
1844 3125 1851 3130 ,.

1142 3196 1341 3249 publiea.
1426 3190 1542 3235 Edd.
1585 3189 1689 3234 Put.
1729 3190 1799 3242 Μ.
1845 3197 1889 3235 et
1931 3190 1986 3235 V.

1084 3267 1254 3308 pauca.
1327 3251 1437 3293 Mox
1475 3248 1611 3293 iidem
1650 3248 1752 3297 libri
1789 3255 1987 3299 externe

1089 3326 1172 3368 pro
1187 3316 1431 3358 externae,
1439 3320 1634 3361 presens
1648 3319 1732 3363 pro
1742 3319 1987 3360 praesens.

1148 3425 1403 3467 valescunt.
1430 3449 1438 3460 ι
1463 3420 1539 3467 Sic
1568 3420 1670 3468 MS.
1705 3419 1830 3464 Flor.
1865 3420 1987 3474 (test.

1091 3480 1296 3524 Victorio
1334 3488 1377 3523 et
1410 3479 1500 3526 lae.
1535 3478 1711 3531 Gron.)
1731 3477 1833 3520 edd.
1863 3475 1914 3527 Li
1949 3493 1986 3529 s,

1093 3537 1275 3582 Pichcn.
1330 3553 1427 3597 sqq.
1476 3560 1533 3572 -
1593 3537 1836 3586 valescunt
1886 3491 1988 3585 Bis,

1569 2386 1688 2430 ntell.
1713 2383 2001 2443 hGWSVssss„
2083 2419 2089 2425 ,
