2164 3990
173 245 225 280 A.
245 243 298 280 U.
321 242 406 278 ⁸1⁸.

174 289 223 323 A..
248 287 295 323 C.
324 287 402 321 ⁸65.

646 245 697 302 L
713 245 737 302 I
752 244 822 304 B.
859 244 991 305 XV.

1070 242 1264 307 CAP.
1300 246 1400 307 38.
1826 256 1946 315 371

84 379 231 436 mali
258 388 318 439 et
345 375 602 433 obnoxia
637 375 786 431 urbe
818 375 961 431 artis
987 373 1301 432 itineribus
1336 369 1569 452 hucque
1594 388 1651 435 et
1673 380 1816 440 illuc
1839 383 1949 441 fle-

85 466 175 522 xis
201 474 376 540 atque
401 459 742 519 enormibus
766 459 939 528 vicis·‚
984 459 1179 535 qualis
1206 471 1375 518 vetus
1397 456 1592 519 Roma
1629 464 1760 526 fuit.
1807 510 1811 512 μ
1846 465 1947 527 Ad

85 546 198 606 hoc
222 549 482 605 lamenta
506 545 849 621 paventium
877 544 1264 615 feminarum,
1306 546 1451 602 fessa
1491 565 1701 604 senum
1740 571 1807 609 ac
1839 574 1945 611 ru-

84 635 178 691 dis
211 632 499 709 pueritiae
539 642 726 699 actm,
789 630 1010 706 quique
1055 629 1170 686 sibi
1221 630 1443 707 quique
1486 630 1623 688 'aliis
1673 639 1946 710 consule-

84 721 229 777 bant
244 764 262 789 ,
335 719 480 774 dum
530 711 777 774 trahunt
822 715 1116 771 invalidos
1166 727 1269 773 aut
1315 716 1733 791 opperiuntur,
1807 743 1943 797 pars

81 814 348 872 moram,
400 821 536 877 pars
582 801 868 857 festinans
920 811 1129 858 cuncta
1177 801 1603 876 impediebant:
1660 816 1716 863 et
1752 821 1944 883 saepe,

82 891 227 951 dum
262 888 328 944 in
359 898 590 961 tergum
628 896 983 961 respectant,
1025 885 1308 942 lateribus
1341 899 1442 944 aut
1464 889 1660 946 fronte
1691 891 1947 950 circum-

81 973 498 1030 veniebantur:
553 971 648 1027 vel
687 971 737 1027 si
770 971 835 1027 in
870 971 1139 1046 proxima
1178 983 1510 1042 evaserant,
1552 972 1675 1031 illis
1708 996 1944 1056 quoque

86 1059 210 1133 igni
255 1057 566 1133 correpti5‚
622 1056 799 1114 etiam
844 1075 995 1132 quae
1037 1055 1363 1133 longinqua
1408 1058 1812 1133 crediderant,
1877 1064 1944 1121 in

88 1145 295 1201 eudem
349 1163 487 1200 casu
542 1142 1009 1217 reperiebantur.

1108 1139 1414 1198 Postremo
1472 1143 1617 1220 quid
1669 1143 1944 1220 vitarent,

84 1229 226 1305 quid
260 1234 526 1304 peterent
562 1227 822 1300 ambigui
859 1225 1149 1300 complere
1182 1226 1339 1296 viem,
1382 1228 1565 1287 sterni
1601 1250 1707 1304 per
1747 1250 1941 1307 agros:

139 1491 312 1543 hucque
335 1495 380 1529 et
397 1487 518 1529 illue.
578 1485 661 1528 Ed.
680 1485 797 1543 Spir.
814 1486 974 1541 hicque

86 1555 130 1590 et
153 1547 278 1588 illuc.

85 1689 110 1730 5
140 1629 296 1731 (Zigalis
319 1635 448 1671 vetus
471 1628 627 1671 Roma
640 1628 755 1683 fuit.
808 1628 865 1672 ef,
884 1628 974 1672 Liv,

135 1774 200 1814 ad
227 1773 328 1815 hoc.
408 1767 485 1813 Sic
519 1769 654 1813 MSS.
686 1769 808 1812 Flor.
846 1771 972 1824 (test.

82 1828 227 1883 Vict.)
255 1828 372 1871 Bud.
395 1826 517 1871 Harl.
549 1826 640 1877 (hic
673 1843 723 1869 ex
756 1828 973 1870 emenda-

82 1888 221 1943 tione)
253 1886 355 1928 edd.
377 1884 494 1942 spir.
518 1883 660 1928 Rhen.
681 1899 778 1941 sqq.
805 1913 864 1920 -
908 1889 974 1927 ad

79 1947 190 1987 haec
211 1942 347 1987 MSS.
371 1940 524 1986 Guelf.
549 1943 634 1984 les.
669 1941 790 1985 Harl.
827 1946 869 1994 (a
902 1957 971 1998 pr.

81 2002 162 2050 m.)
195 2001 295 2045 edd.
332 2000 437 2043 Put.
471 1999 539 2041 M.
574 2007 618 2040 et
641 1997 698 2041 V.
735 1999 837 2042 Ber.
866 1999 969 2043 Alc.

81 2059 140 2103 cs.
161 2067 256 2102 not.
278 2059 331 2102 ad
356 2074 395 2102 c.
417 2060 460 2101 4.

122 2142 260 2199 fessa
289 2156 458 2184 senum
487 2156 543 2182 ac
576 2142 709 2183 rudis
738 2142 971 2195 pueritiae

81 2208 231 2244 aetas.
292 2199 370 2242 Sic
391 2197 491 2242 MS.
517 2199 628 2254 Agr.
662 2207 706 2242 et
729 2198 836 2241 inde
869 2197 968 2240 edd.

79 2255 225 2316 Ryck.
249 2256 376 2299 Brot.
395 2254 606 2299 Oherlin.
628 2272 724 2314 sqq.
746 2284 805 2290 —-
831 2255 972 2310 fessa

82 2322 239 2358 aetate
272 2321 356 2356 aut
388 2328 427 2357 r.
446 2329 494 2367 p.
525 2323 661 2356 aetas
684 2312 816 2356 MSS.
847 2313 968 2356 Flor.

83 2371 236 2416 Guelf.
265 2371 382 2414 Bud.
420 2370 522 2422 (hie
550 2370 704 2425 fexa,
746 2378 793 2412 ut
828 2371 970 2424 solet)

82 2429 206 2474 Harl.
233 2427 367 2472 Bodl.
393 2428 494 2472 edd.
520 2427 624 2471 Put.
648 2428 716 2471 M.
747 2437 791 2471 et
805 2427 863 2471 V.
890 2428 968 2469 Be-

81 2485 225 2530 roald.
259 2485 360 2530 Alc.
395 2485 540 2529 Rhen.
578 2501 677 2543 sqq.
717 2509 766 2520 —
824 2485 972 2541 fessa

81 2552 250 2588 erantt-
288 2550 372 2586 aut
403 2559 445 2587 r.
474 2560 523 2598 p.
558 2551 690 2586 aetas
721 2543 822 2587 MS.
859 2542 967 2599 Reg.

81 2603 150 2645 ed.
182 2602 303 2660 Spir.
335 2629 393 2637 —-
453 2600 710 2653 Ursinuse
738 2611 829 2646 vet.
869 2599 970 2643 cod.

82 2659 224 2703 adfert
261 2659 404 2716 fessa
442 2665 603 2700 aetate
641 2673 798 2707 senes,
853 2670 969 2715 quae

83 2717 302 2775 scriptura
337 2715 503 2776 placuit
533 2715 802 2774 Bipontinis.
881 2715 971 2758 Ac-

84 2789 252 2818 cessere
298 2774 499 2816 virorum
536 2775 777 2816 doctorum
812 2773 970 2816 conie-

87 2839 254 2874 cturae.
310 2830 485 2888 Lipsius
505 2830 621 2873 delet
642 2846 803 2875 vocem
831 2838 970 2873 aeta-

86 2899 145 2933 te.
203 2887 398 2931 Picbena
418 2887 538 2933 vult:
566 2888 703 2942 fessa
726 2891 866 2931 annis
889 2894 971 2929 aut

84 2955 170 2990 etc.
255 2944 607 2988 Freinshemius:
653 2945 797 3000 fessa
836 2952 971 2987 oetas

85 3011 170 3046 aut
201 3004 336 3046 rudis
351 3002 583 3064 pueritia.
663 3001 755 3046 Iac.
787 3001 971 3046 Grono-

85 3061 210 3104 vius:
229 3060 372 3117 sessa
392 3066 551 3102 aetate
571 3067 657 3101 aut
670 3062 804 3104 rudis
816 3060 971 3114 pueri-

88 3119 207 3168 tiae,
241 3117 408 3174 quique
430 3125 514 3160 etc.
587 3115 746 3161 Hiller.
770 3116 877 3160 Rac.
900 3117 970 3165 20,

74 3178 237 3234 fessae
256 3174 432 3218 aetatis
454 3182 538 3216 aut
566 3173 696 3216 rudis
722 3174 969 3229 pueritiae.

83 3235 177 3278 lam
210 3233 245 3278 si
277 3240 455 3289 recepta
476 3230 581 3278 MS.
608 3231 718 3288 Agr.
753 3231 839 3276 scri
873 3239 972 3274 tura

87 3307 188 3336 vera
231 3298 319 3342 est,
358 3289 613 3347 quaeritur,
658 3303 829 3345 quomo
864 3303 891 3331 o
923 3287 971 3331 in

89 3348 212 3392 inu‘m
276 3347 481 3391 codicem
542 3345 742 3396 venerit,
811 3345 971 3390 ceteris

89 3405 298 3448 omnibus
357 3403 614 3461 corruptis?
699 3402 871 3461 Nempe
923 3417 973 3445 ex

89 3461 408 3506 emendationis
442 3461 614 3510 studio,
663 3461 789 3504 cuius
835 3458 974 3503 multa

88 3519 149 3563 ibi
169 3517 354 3576 vestigia
375 3526 494 3562 sunt.
548 3517 643 3565 ,Sed
678 3516 866 3560 fortasse
894 3532 963 3558 ve-

88 3587 156 3620 tus
181 3577 397 3634 scriptura
429 3575 605 3619 defendi
630 3582 799 3632 potest,
834 3581 879 3616 ut
907 3573 973 3616 in-

1046 1484 1304 1543 telligantur
1325 1485 1528 1542 uisessa
1546 1497 1728 1540 aetate,
1756 1492 1802 1536 b.
1827 1509 1867 1537 e.
1887 1503 1942 1540 ,ca

1047 1558 1148 1600 pars
1169 1542 1408 1587 hominum
1429 1560 1542 1603 quae
1565 1545 1680 1591 fessa
1702 1558 1860 1595 aetate.

1104 1602 1268 1656 quique
1301 1603 1413 1651 sibi,
1465 1604 1631 1659 quique
1664 1613 1751 1650 etc.
1834 1609 1937 1654 MS.

1047 1656 1201 1700 Guelf.
1241 1658 1436 1715 quisque
1479 1662 1569 1703 sibi
1608 1663 1800 1721 quisque
1829 1669 1941 1710 aliis

1045 1716 1357 1758 consulebant.
1936 1769 1939 1772 y

1097 1786 1214 1826 pars
1246 1787 1458 1817 morans.
1533 1775 1611 1819 Sic
1640 1777 1743 1821 MS.
1779 1776 1937 1824 Guelf.

1044 1830 1144 1872 edd.
1170 1829 1293 1888 Spir.
1316 1829 1418 1874 Put.
1444 1831 1510 1873 Μ.
1533 1833 1656 1877 ειν.
1677 1834 1779 1879 Ber.
1800 1878 1804 1881 ,
1833 1848 1938 1881 cum

1042 1886 1190 1930 silent.
1211 1886 1353 1942 Vict.)
1375 1887 1477 1933 Alc.
1503 1888 1649 1934 Rhen.
1671 1907 1691 1935 s
1758 1925 1769 1936 .
1799 1836 1844 1935 eg
1873 1894 1941 1939 sie
1971 1940 1974 1944 ,

1042 1944 1199 2001 vulgus
1232 1943 1525 1988 MSStorum.
1595 1949 1658 1990 At
1681 1907 1785 1993 MtS.
1810 1949 1937 1995 Flor.

1042 2002 1159 2054 (test.
1195 2001 1282 2044 Iac.
1322 2000 1588 2058 Gronovio)
1623 2020 1741 2058 pars
1771 2004 1939 2060 mora,-

1040 2058 1159 2100 idem
1182 2057 1328 2101 inesse
1349 2058 1451 2101 MS.
1473 2059 1587 2127 Reg.
1612 2061 1781 2107 ferunt.
1841 2064 1938 2111 Nec

1042 2113 1247 2172 displicet
1269 2132 1317 2158 ea
1339 2116 1567 2160 scribendi
1582 2119 1698 2163 ratio
1711 2118 1935 2166 Ernestio.

1040 2171 1195 2215 Potuit
1215 2180 1364 2215 tamen
1393 2172 1506 2216 illud
1535 2190 1679 2220 mora
1711 2177 1938 2236 originem

1042 2228 1216 2271 trabere
1240 2246 1263 2272 e
1285 2231 1558 2288 compendio
1592 2240 1779 2287 mortis,
1810 2237 1936 2294 quod

1042 2294 1106 2329 est
1138 2287 1185 2328 in
1216 2287 1285 2329 ed.
1319 2287 1437 2345 Spir.
1505 2289 1654 2334 Miror
1687 2290 1934 2336 Pichenam

1042 2353 1086 2386 et
1104 2343 1363 2387 Victorium
1387 2345 1562 2389 silentio
1590 2347 1817 2392 transiisse
1840 2357 1932 2394 tam

1042 2399 1263 2457 insignem
1287 2401 1391 2446 eod.
1418 2402 1454 2444 F
1456 2402 1540 2446 lor.
1563 2404 1830 2452 varietatem.

1096 2471 1144 2512 in
1166 2479 1365 2523 tergum.
1423 2470 1499 2515 Sic
1524 2473 1623 2517 MS.
1648 2472 1798 2518 Guelf.
1831 2477 1933 2520 edd.

1043 2528 1146 2571 Ber.
1171 2527 1316 2570 Rhen.
1341 2542 1437 2585 sqq.
1463 2557 1521 2564 -—
1570 2532 1810 2585 integrum
1831 2533 1933 2577 edd.

1043 2584 1162 2642 Spir.
1196 2584 1297 2627 Pul.
1333 2585 1402 2628 M.
1446 2614 1503 2622 --
1574 2589 1816 2643 int-egram
1860 2592 1932 2634 ed.

1043 2642 1146 2684 Put.
1174 2641 1232 2682 V.

1101 2714 1342 2765 correptis.
1412 2712 1494 2756 Ed.
1528 2714 1648 2772 Spir.
1685 2719 1930 2772 corruptis.

1044 2771 1152 2812 Mox
1186 2769 1222 2812 l.
1257 2770 1332 2812 Fr.
1366 2767 1630 2816 Gronovius
1672 2775 1824 2818 eens‘et-
1853 2784 1933 2819 aut

1042 2826 1285 2870 delendum
1304 2827 1472 2878 etiam,
1511 2835 1559 2870 ut
1579 2829 1658 2882 sit,
1696 2830 1793 2875 mis
1812 2847 1931 2888 quo-

1042 2901 1129 2940 que
1162 2885 1264 2938 igni
1290 2887 1543 2939 correptis,
1587 2902 1708 2943 quae
1743 2890 1930 2944 longin-

1043 2957 1135 2998 qua
1166 2942 1489 2993 credideranc;
1531 2950 1608 2986 aut
1640 2945 1932 2990 scribendum

1042 3000 1345 3053 reperiebant.
1420 2998 1545 3042 Dece
1579 2998 1613 3044 it
1641 3000 1795 3047 virum
1828 3003 1932 3046 bre·

1042 3057 1155 3102 vitas
1178 3055 1425 3114 scriptoris.
1483 3054 1539 3099 El
1559 3057 1694 3116 iptice
1715 3058 1931 3118 loquitur,

1044 3114 1107 3157 uti
1137 3115 1263 3157 solet.
1335 3112 1474 3156 Plena
1509 3114 1730 3159 sententia
1761 3124 1848 3161 est:
1888 3119 1935 3162 si

1043 3174 1093 3213 in'
1117 3171 1343 3224 proxima
1379 3178 1651 3221 evaserant,
1691 3173 1785 3216 illis
1814 3187 1930 3231 quo-

1044 3243 1129 3284 que
1171 3229 1270 3281 igni
1301 3229 1549 3281 correptis,
1599 3229 1933 3290 in'longinqua

1043 3283 1337 3343 fugientibus,
1389 3279 1531 3328 etnam
1565 3299 1687 3342 quae
1718 3288 1751 3331 1.
1787 3296 1848 3333 cr.
1879 3283 1938 3334 ἰὴ·

1046 3346 1145 3386 eod.
1171 3357 1206 3385 c.
1229 3343 1601 3394 reperiebantur.
1669 3343 1759 3389 Sed
1774 3367 1776 3369 ·
1791 3347 1932 3391 danita—

1044 3401 1152 3445 titur-
1173 3397 1287 3442 illud
1311 3400 1592 3455 membrum,
1619 3401 1749 3460 quod·
1765 3402 1790 3447 ὲ
1813 3408 1929 3446 con-

1045 3465 1164 3501 textu
1181 3456 1284 3499 satis
1308 3454 1583 3514 intelligitur.
1790 3482 1793 3485 ·
1830 3456 1838 3511 ἶ

1099 3514 1305 3568 ambigui
1322 3516 1547 3570 complere
1563 3515 1678 3562 vias.
1715 3515 1798 3563 Ed.
1813 3515 1933 3576 Spir.

1049 3574 1241 3624 abiguae
1265 3573 1456 3625 copulae
1483 3573 1602 3616 vias.

1185 3630 1282 3688 Aa
1320 3634 1360 3689 2
